1853 3158
402 256 437 304 L
468 263 487 304 1
517 262 550 303 B
580 259 614 301 E
648 258 690 299 R
748 255 802 298 X.
862 254 971 309 QA
1002 255 1047 297 P.
1107 252 1281 296 XLVII.
1630 260 1709 306 32!

197 378 448 419 Postumium
483 377 660 430 legatum
695 372 808 428 ejus:
838 371 925 425 qui,
955 369 1065 410 dieta
1097 369 1160 410 die
1195 383 1218 408 a
1254 368 1318 408 M.
1342 366 1491 408 Cantio

198 436 359 476 tribuno
394 433 533 489 plebis,
564 434 626 485 (2)
648 429 806 484 fugerat
837 430 879 468 in
912 428 1153 483 legationem
1175 430 1238 480 (ut
1258 425 1365 465 fama
1387 424 1491 465 fere-

197 490 282 547 bat)
304 493 442 547 populi
458 488 684 546 judicium:
709 481 935 542 jactarique
956 484 1100 540 magis,
1116 483 1238 538 quam
1256 482 1410 537 peragi,
1425 497 1490 522 ac-

195 551 347 590 cusatio
367 551 453 604 ejus
474 555 641 601 poterat.
703 548 763 599 (3)
785 544 939 583 Exacto
966 543 1051 598 jam
1074 556 1194 590 anno,
1226 540 1317 580 novi
1338 539 1489 579 tribuni

194 607 322 660 plebis
343 605 618 660 magistratum
638 601 833 641 inierant:
864 600 988 653 iisque
1010 600 1115 654 ipsis,
1147 599 1241 652 quia
1262 597 1358 637 vitio
1380 606 1489 638 crea-

194 665 224 704 ti
246 674 372 714 erant,
401 663 580 716 quinque
600 659 685 714 post
715 659 799 698 dies
819 658 884 696 alii
907 657 1075 697 suffeffi.
1138 656 1329 696 Lustrum
1351 654 1490 695 condi·
1505 646 1637 721 Jstrum
1651 657 1712 677 ‘⁰⁸'

195 731 284 760 tum
315 735 362 761 eo
393 735 498 760 anno
526 718 588 758 'est
621 733 643 757 a
667 717 713 756 P.
739 715 928 756 Cornelio
950 712 1117 762 Arvina,
1147 714 1195 755 C.
1219 711 1377 753 Marcio
1399 706 1490 752 Ru·
1524 699 1600 722 ‘'“m'

195 779 284 830 tilo,
317 777 566 818 censoribus:
598 774 712 815 censa
745 773 922 827 capitum
944 772 1066 810 millia
1094 772 1266 811 ducenta
1288 770 1490 825 sexaginta

195 837 277 875 duo
306 845 483 875 trecenta
520 833 660 888 viginti
698 832 792 871 duo.
854 827 1050 871 Censores
1082 830 1144 881 (4)
1178 828 1350 867 vicefimi
1392 827 1489 867 sexti

194 909 218 932 a
250 894 389 946 primis
423 891 677 938 censoribus3
718 889 886 928 lustrum·
921 888 982 940 (5)
1017 884 1357 924 undevicesimum
1400 884 1492 924 fuit⁰

194 951 350 991 Eodem
377 965 482 991 anno
504 947 683 989 coronati
704 944 897 999 primum,
927 944 979 983 ob
1008 956 1071 982 res
1092 942 1196 982 bello
1217 941 1319 982 bene
1347 941 1491 997 gestas,

192 1009 311 1049 ludos
345 1009 406 1062 (6)
440 1008 649 1048 Romanos
688 1003 991 1057 spectaverunt:
1022 1001 1245 1053 palmaeque
1285 1009 1372 1039 tum
1412 999 1493 1052 pri-

192 1064 323 1114 mum,
355 1064 539 1104 transsato
572 1077 593 1103 e
631 1061 789 1102 Graecia
828 1073 955 1110 more,
982 1056 1203 1097 victoribus
1236 1058 1351 1097 datae.
1414 1057 1494 1096 Eo-

194 1125 287 1162 dem
309 1135 415 1162 anno
435 1122 483 1161 ab
515 1120 696 1161 aedilibus
719 1118 940 1166 curulibus,
972 1115 1041 1170 qui
1064 1128 1131 1154 eos
1153 1115 1269 1154 ludos
1292 1114 1491 1166 fecerunt,

193 1179 391 1219 damnatis
414 1180 565 1232 aliquot
595 1180 656 1231 (7)
678 1175 888 1230 pecuariis,
920 1174 983 1213 via
1010 1187 1032 1212 a
1055 1173 1199 1212 Martis
1221 1175 1282 1227 (8)
1306 1173 1408 1212 filice
1439 1173 1491 1212 ad

193 1238 367 1277 Bovillas
390 1240 451 1290 (9)
480 1235 669 1289 perstrata
703 1233 772 1273 est.
833 1231 1010 1273 Comitia
1039 1229 1258 1270 consularia
1292 1230 1340 1270 L.
1372 1230 1491 1283 Papi-
1511 1236 1550 1265 U.
1567 1246 1591 1266 c.
1612 1236 1687 1274 460,

192 1296 276 1335 rius
295 1294 434 1334 habuit
454 1310 461 1333 :
492 1299 516 1346 †
536 1292 683 1332 creavit
697 1290 877 1330 consules
895 1288 1141 1346 QFabium
1163 1288 1337 1327 Maximi
1360 1287 1489 1327 filium
1510 1283 1550 1310 Α·
1568 1282 1602 1311 C.
1621 1291 1696 1331 292³

193 1353 412 1406 Gurgitem
447 1353 486 1391 ὅτ
515 1351 569 1390 D.
594 1350 763 1402 Junium
785 1349 958 1387 Brutum
980 1345 1172 1386 Scaevam.
1204 1345 1283 1399 ipse
1305 1345 1488 1399 Papirius
1509 1326 1677 1412 g-Jffii'g‘

191 1419 340 1464 praetor
364 1409 510 1449 factus.
575 1407 719 1447 Multis
741 1406 859 1445 rebus
895 1405 1010 1444 laetus
1046 1417 1173 1443 annus
1206 1403 1271 1442 vix
1306 1404 1355 1443 ad
1391 1403 1488 1443 sola·
1509 1393 1591 1447 edis.

192 1469 295 1507 tium
327 1467 446 1506 unius
482 1465 591 1513 mali,
622 1463 854 1518 pestilentiae
888 1466 973 1516 (10)
1010 1460 1162 1501 urentis
1196 1461 1310 1499 simul
1346 1461 1487 1501 urbem
1509 1461 1675 1503 Pestilentia,

191 1536 312 1580 atque
355 1539 498 1579 agros,
535 1523 713 1569 suffecit3
751 1530 1018 1575 portentoque
1054 1520 1139 1574 jam
1182 1519 1316 1558 similis
1355 1519 1487 1559 clades

190 1593 288 1622 erat.
321 1585 360 1623 &
389 1588 413 1635 †
434 1581 523 1621 libri
549 1580 661 1631 aditi,
694 1582 784 1633 (11)
816 1579 982 1632 quinam
1003 1576 1112 1626 finis,
1144 1586 1212 1616 aut
1234 1577 1342 1630 quod
1364 1584 1493 1615 reme-

191 1641 306 1680 dium
346 1641 433 1695 ejus
465 1638 558 1678 mali
602 1637 650 1677 ab
681 1637 773 1677 Diis
809 1635 981 1675 daretur.
1044 1634 1259 1673 Inventum
1291 1634 1331 1672 in
1366 1633 1493 1683 libris,

194 1698 473 1750 AEsculapium
502 1696 551 1735 ab
586 1695 790 1749 Epidauro
827 1694 1005 1733 Romam
1041 1692 1326 1731 arcessendum.
1360 1705 1493 1744 neque

192 1765 242 1794 eo
273 1765 393 1803 anno,
425 1755 518 1807 quia
551 1753 655 1792 bello
685 1751 869 1805 occupati
903 1749 1085 1790 consules
1113 1759 1240 1799 erant,
1273 1748 1492 1802 quicquam

195 1814 244 1852 de
273 1813 318 1852 ea
339 1826 380 1851 re
410 1811 571 1851 aetum:
601 1820 869 1864 praeterquam
904 1805 1016 1861 quod
1050 1820 1177 1846 unum
1208 1807 1316 1846 diem
1347 1805 1492 1846 AEscu-

194 1870 301 1924 lapio
323 1869 557 1923 supplicatio
579 1867 713 1907 habita
733 1866 802 1907 est.

196 1985 407 2024 contumacis,
428 1986 518 2027 cujus
546 1983 721 2017 certamina
743 1993 818 2016 cum
844 1983 953 2014 senatu
973 1982 1084 2024 (supra
1110 1993 1135 2013 c.
1155 1981 1222 2022 37.)
1239 1980 1391 2013 videntur
1415 1980 1492 2013 huic

193 2031 389 2063 accusationi
415 2031 583 2062 materiam
600 2029 727 2061 dediss'e.
771 2030 827 2070 (2)
850 2028 988 2058 Abierat
1005 2027 1038 2057 in
1057 2027 1260 2068 legationem,
1283 2037 1348 2067 quo
1366 2029 1489 2068 fugeret

194 2078 248 2117 (ut
277 2078 362 2106 fama
385 2076 526 2115 ferebat)
543 2075 657 2116 populi
680 2074 847 2115 judicium.
893 2073 947 2113 (3)
971 2071 1036 2102 Hic
1064 2072 1097 2101 in
1123 2071 1264 2102 editione
1281 2071 1492 2103 Drakenbor-

194 2120 309 2153 chianft
337 2119 468 2160 aliisque
497 2119 611 2161 incipit
636 2130 703 2160 cap.
722 2129 880 2149 vanum.
926 2117 986 2147 Sed
1017 2115 1061 2146 ita
1079 2117 1160 2146 male
1182 2117 1383 2157 separantur,
1409 2125 1481 2156 quae

195 2167 283 2197 arete
312 2165 499 2196 cohaerent:
519 2165 585 2205 jam
600 2163 686 2194 enim
704 2163 787 2194 ratio
814 2161 975 2197 redditur,
998 2171 1056 2191 cur
1080 2161 1240 2192 accusatio
1258 2160 1409 2191 Postumii
1436 2171 1495 2201 pe-

197 2210 263 2252 ragi
278 2220 343 2240 non
357 2216 498 2250 poterat.
544 2207 742 2239 Divifioncm
758 2218 834 2249 ergo
848 2204 1089 2238 Crevierianam
1103 2206 1230 2246 sequor.
1255 2207 1293 2236 E.
1340 2206 1394 2245 (4)
1417 2205 1493 2235 Vid.

196 2254 292 2296 supra
307 2262 374 2284 not.
388 2263 437 2284 10.
451 2250 491 2284 ad
504 2264 532 2284 c.
553 2263 602 2290 24.
619 2253 639 2282 l.
654 2263 683 2289 4.
716 2253 769 2293 (5)
780 2254 815 2281 In
831 2250 1022 2292 Capitolinis
1039 2250 1225 2291 fragmentis
1235 2250 1297 2280 hoc
1313 2251 1421 2292 lustrum
1437 2253 1493 2279 tri-

193 2302 313 2342 cesim-xm
331 2298 390 2329 effe
406 2298 561 2338 scriptum
577 2297 628 2328 est.
674 2297 734 2327 Sed
747 2296 859 2327 Livius
880 2297 990 2327 decem
1007 2295 1102 2325 lustra
1119 2304 1193 2326 ante
1207 2295 1350 2325 censores
1367 2301 1491 2325 creatos

197 2343 351 2386 praterit.
396 2344 451 2383 (6)
476 2342 551 2373 Vid.
572 2340 667 2383 supra
690 2341 710 2371 l.
727 2351 756 2372 1.
783 2352 807 2371 c.
821 2351 870 2379 35.
915 2342 970 2380 (7)
994 2339 1067 2370 Vid.
1090 2347 1155 2370 not.
1174 2339 1202 2370 8.
1221 2339 1260 2369 ad
1278 2350 1303 2370 c.
1320 2348 1370 2377 23.
1385 2338 1492 2380 supra.

193 2389 249 2429 (8)
276 2390 399 2429 Nempe
416 2390 433 2427 †
449 2390 509 2419 aede.
554 2387 608 2427 (9)
634 2387 720 2416 Nota
745 2385 936 2427 particulam
959 2392 1024 2425 per,
1050 2385 1110 2424 qua
1136 2383 1278 2414 indicare
1303 2383 1407 2414 voluit
1434 2382 1491 2412 Li-

195 2433 267 2463 vius
284 2433 365 2463 hanc
382 2432 467 2463 viam
485 2432 572 2462 velut
591 2430 723 2471 aliquod
750 2426 1022 2471 complementum
1051 2428 1142 2459 fuifl‘e
1158 2430 1224 2469 ejus
1241 2426 1369 2464 semitae,
1392 2437 1490 2467 quam

194 2489 214 2508 a
231 2477 325 2517 porta
343 2477 472 2518 Capenfi
485 2477 525 2507 ad
544 2475 663 2506 Martis
683 2475 810 2506 stratam
823 2474 944 2509 docuit,
957 2473 1052 2514 supra
1067 2483 1092 2503 c.
1107 2483 1159 2512 23.
1205 2473 1282 2514 (10)
1296 2472 1368 2502 Vid.
1380 2480 1446 2502 not,
1461 2480 1488 2501 ι,

195 2523 235 2553 ad
249 2533 274 2553 c.
298 2530 346 2559 17.
363 2521 468 2562 supra.
515 2521 592 2562 (11)
616 2522 660 2551 Ut
672 2530 708 2551 cx
727 2520 765 2550 iis
780 2519 966 2556 disceretur,
989 2517 1122 2559 qulnam
1139 2519 1200 2548 Sec.
1261 2551 1264 2554 ,

251 2737 369 2778 TOM.
394 2736 445 2778 ΙΙ,
814 2735 851 2773 Y
1231 2730 1490 2771 EPITOME
