1832 3137
688 347 791 382 'ri'rl
826 347 955 382 LIVH
988 348 1142 383 LIBER
1172 348 1272 383 XCI.
1558 350 1621 384 xiii

301 457 538 505 Transfugas
570 455 710 490 liberos
741 454 847 489 vivos
876 455 924 490 ad
955 468 991 491 se
1021 455 1161 491 adduci
1182 455 1320 502 jussit3
1360 461 1397 490 et
1430 454 1622 502 fugitivos,

303 523 468 559 quorum
488 509 610 556 major
629 507 836 543 multitudo
857 514 937 543 erat
958 509 1059 556 ipsis,
1074 508 1275 557 imperavit
1294 513 1337 544 ut
1357 508 1623 545 interficerent.

303 565 327 601 J
331 564 509 612 ugulatos
529 562 576 598 de
597 573 704 596 muro
726 560 958 607 dejecerunt.
1003 562 1100 597 Cum
1120 574 1259 609 magna
1276 561 1427 608 jactura
1446 562 1624 608 militum,

300 625 470 666 >quatuor
501 623 538 652 et
564 614 818 663 quadraginta
847 614 982 650 diebus
1013 616 1219 651 Contrebia
1246 620 1482 663 expugnatam
1518 616 1625 651 relic-

305 679 420 719 toque
448 670 502 705 ibi
528 669 570 704 L.
598 664 754 713 Instelo,
782 669 963 715 praefecto
990 670 1154 716 equitnm,
1183 668 1232 703 ad
1262 668 1451 704 Hiberum
1482 669 1625 705 flumen

304 725 432 772 copias
462 722 634 759 adduxit.
692 721 752 756 Ibi
785 721 1042 757 hibernaculis
1072 721 1279 757 secundum
1309 721 1490 769 oppidum
1524 723 1627 770 quod

306 778 442 813 Castra
479 776 594 812 Aelia
625 781 785 811 vocatur
821 775 1039 820 aedificatis,
1074 775 1153 823 ipse
1187 775 1226 810 in
1265 775 1396 810 castris
1434 777 1624 821 manebat,

304 830 476 866 interdiu
509 834 739 865 conventum
771 828 957 870 sociarum
987 829 1201 864 civitatium
1234 828 1273 863 in
1305 828 1442 876 oppido
1476 830 1624 877 agebat.

306 885 429 919 Arma
456 891 499 919 ut
528 883 679 928 fierent„
696 894 763 929 pro
793 882 909 929 copiis
938 882 1124 930 cujusque
1151 881 1282 930 populi
1308 894 1376 930 per
1400 887 1519 917 totam
1540 895 1626 930 pro-

306 937 471 973 vinciam
511 936 706 972 edixerat:
752 935 892 982 quibus
931 936 1123 983 inspectis,
1163 937 1304 971 referre
1338 942 1487 971 caetera
1524 948 1629 971 arma

305 991 444 1026 milites
467 990 581 1038 jussit
604 1001 700 1037 quae
727 994 792 1023 aut
818 989 1019 1024 itineribus
1046 988 1187 1024 crebris
1209 994 1275 1024 aut
1305 990 1630 1036 oppugnationibus

304 1045 484 1092 variisque
496 1034 843 1091 praelz'z's'labcfacta
863 1049 982 1078 erant.
1035 1042 1146 1078 Nova
1165 1043 1277 1078 mane
1296 1054 1364 1090 per
1390 1043 1627 1078 centuriones

307 1098 438 1133 divisit
457 1097 578 1133 militi:
599 1103 682 1131 tum
703 1108 848 1143 quoque
868 1097 963 1142 ipsos
984 1096 1167 1131 instruxit
1189 1096 1314 1140 armis,
1331 1096 1629 1144 vestimentaque

305 1151 455 1195 addicet,-
474 1156 503 1187 et
523 1161 714 1198 operarum
733 1149 964 1197 impendium
982 1149 1126 1185 datum.
1184 1149 1327 1184 Fabros
1355 1150 1446 1184 enim
1471 1150 1626 1186 (advoca—

305 1211 414 1250 verat,
442 1204 606 1251 indeque
630 1202 823 1238 exciverat
849 1203 989 1250 quibus
1015 1202 1238 1238 officinabus
1263 1202 1437 1238 bitumen
1462 1215 1627 1251 eoa-coque-

305 1264 413 1303 retur,
436 1258 581 1293 ratione
601 1257 696 1291 inita
716 1256 808 1304 quid
827 1256 866 1291 in
888 1256 1055 1304 singulos
1076 1256 1154 1291 dies
1175 1255 1265 1291 effici
1286 1262 1423 1304 posset.

360 1312 498 1352 ITAQUE
528 1310 654 1346 omnia
675 1310 788 1345 simul
808 1310 1062 1346 instrumenta
1077 1309 1168 1345 belli
1188 1310 1434 1358 parabantur.
1491 1309 1625 1357 Neque

306 1365 466 1400 materia
489 1364 710 1410 artificibus,
738 1363 972 1411 praeparatis
996 1364 1085 1399 ante
1116 1363 1304 1408 omnibus,
1334 1363 1371 1398 in
1396 1363 1626 1399 ministerium

306 1419 459 1465 tardior,
491 1430 560 1453 nec
596 1430 663 1452 suo
695 1417 854 1464 quisque
886 1417 990 1464 operi
1020 1416 1159 1452 artifex
1190 1416 1330 1452 deerat.
1400 1416 1625 1452 Convocatis

305 1471 442 1507 deinde
482 1471 653 1506 omnium
691 1470 921 1518 populorum
960 1470 1225 1517 legationibus,
1259 1470 1459 1505 smnmatz'm
1489 1471 1628 1516 prioris

307 1525 388 1561 belli
405 1531 544 1561 eventus
562 1524 742 1569 recensuit,
764 1523 988 1571 laudatisque
1016 1524 1197 1559 civitatum
1223 1535 1392 1559 consensu
1417 1529 1449 1558 et
1477 1523 1628 1559 militum

304 1580 443 1624 virtute,
475 1590 568 1625 quas
598 1578 677 1625 ipse
706 1589 765 1612 res
793 1577 937 1612 consilio
958 1577 1183 1624 providisset,
1215 1588 1383 1624 quasque
1413 1576 1452 1611 in
1481 1588 1625 1625 oppug-

305 1631 441 1667 nandis
460 1631 622 1666 urbibus
642 1630 810 1665 hostium
825 1629 1012 1678 gessisset,
1028 1630 1228 1678 exposuit3
1251 1635 1287 1664 et
1307 1630 1355 1664 ad
1370 1629 1517 1677 reliqua
1536 1630 1626 1666 belli

305 1685 526 1720 cohortatus
546 1690 602 1720 est
622 1684 753 1732 paucis
779 1683 931 1719 edoctos
961 1690 1148 1731 quantum
1176 1683 1385 1731 Hispaniae
1410 1683 1626 1731 provinciae

305 1738 612 1774 interesset'suas
638 1743 765 1785 partes
793 1737 1004 1784 superiores
1031 1749 1122 1772 esse.
1180 1736 1345 1772 Dimisso
1372 1736 1508 1773 deinde
1537 1749 1625 1772 con-

309 1798 440 1837 ventu,
464 1791 580 1839 jussis
607 1803 703 1838 quae
730 1790 907 1825 omnibus
931 1790 1161 1826 conducerent
1180 1790 1371 1838 quibusque
1389 1790 1461 1825 sibi
1482 1797 1625 1837 possent

304 1857 361 1882 res
388 1857 533 1880 servare
561 1857 659 1889 suas,
691 1843 874 1892 principio
898 1844 1009 1889 veris,
1038 1844 1090 1879 M.
1120 1844 1350 1891 Perpernam
1376 1856 1462 1879 cum
1490 1844 1626 1891 viginti

305 1899 461 1934 milibus
492 1898 675 1946 peditum,
707 1897 901 1945 equitibus
929 1897 1032 1933 mille
1062 1897 1279 1945 quingentis
1311 1897 1349 1932 in
1381 1897 1624 1933 Ilurcaonum

307 1958 459 2000 gentem
493 1952 595 1987 misit
629 1951 677 1986 ad
708 1951 891 1986 tuendam
923 1951 1086 1998 regionis
1118 1950 1200 1997 ejus
1236 1951 1463 1986 maritimam
1495 1963 1623 1994 oram;

307 2006 405 2041 datis
436 2005 659 2054 praeceptis,
691 2005 831 2052 quibus
862 2005 1062 2040 itineribus
1097 2004 1253 2040 duceret
1286 2004 1334 2040 ad
1368 2004 1625 2039 defendendas

308 2059 426 2095 socias
458 2060 585 2104 urbes,
621 2071 714 2106 quas
748 2058 940 2106 Ponpeius
971 2063 1218 2106 oppugnaret,
1254 2058 1469 2105 quibusque
1501 2058 1625 2106 ipsum

306 2125 443 2160 agmen
463 2112 608 2160 Ponpei
646 2125 693 2147 ex
714 2111 858 2147 insidiis
897 2112 1179 2159 adgrederetur.

359 2166 494 2201 EODEM
514 2172 682 2214 tempore
703 2173 740 2201 et
760 2165 809 2200 ad
829 2165 1131 2201 Herennuleium
1152 2164 1217 2212 qui
1232 2165 1270 2200 in
1289 2164 1420 2200 iisdem
1437 2164 1526 2200 locis
1547 2171 1626 2200 erat

305 2219 434 2255 literas
467 2219 580 2265 misit,
616 2225 654 2255 et
682 2219 721 2254 in
750 2218 910 2254 alteram
947 2218 1180 2267 provinciam
1212 2217 1260 2253 ad
1294 2218 1335 2253 L.
1371 2218 1624 2263 Hertuleium,

306 2273 540 2321 praecipiens
564 2272 885 2320 quemadmodum
912 2272 1055 2308 bellum
1080 2271 1344 2307 administrare
1368 2271 1507 2315 vellet3
1538 2278 1625 2307 ante

306 2327 433 2361 omnia
458 2332 502 2361 ut
528 2326 582 2361 ita
609 2326 727 2361 socias
755 2326 928 2361 civitates
958 2333 1140 2371 tueretur,
1171 2338 1218 2360 ne
1248 2325 1326 2360 acie
1355 2337 1441 2360 cum
1470 2325 1626 2369 Metello

307 2379 517 2425 dimicaret,
539 2379 600 2415 cui
620 2392 743 2427 neque
764 2379 990 2415 zziictoritate
1014 2391 1137 2427 neque
1163 2379 1309 2414 viribus
1338 2391 1407 2426 par
1432 2384 1550 2414 esset:
1578 2390 1625 2413 ne

306 2432 385 2480 ipse
415 2433 568 2480 quidem
598 2433 797 2468 consilium
827 2433 954 2468 inierat
982 2433 1164 2468 adversus
1190 2445 1268 2467 eum
1295 2432 1413 2477 ezmdz',
1438 2444 1561 2479 neque
1586 2432 1626 2466 in

300 2487 585 2532 praesentiarum
605 2487 842 2522 inem-surum
859 2498 945 2521 eum
966 2485 1155 2530 credebat,
1179 2485 1208 2521 si
1227 2485 1443 2520 traheretur
1462 2485 1623 2520 bellum:

267 2572 269 2575 .
307 2538 417 2584 hosti,
445 2552 531 2574 cum
558 2552 661 2575 mare
690 2541 738 2575 ab
767 2546 873 2588 tergo
901 2539 1189 2588 provinciasque
1218 2551 1347 2574 omnes
1375 2539 1414 2573 in
1441 2544 1627 2586 potestate

306 2592 476 2638 haberet,
507 2593 670 2628 navibus
698 2593 867 2641 undique
896 2599 1128 2629 commeatus
1156 2599 1358 2628 venturos:
1389 2592 1460 2639 ipsi
1486 2598 1625 2636 autem,

306 2646 540 2693 consumptis
568 2647 692 2694 priore
721 2644 862 2682 aestate
886 2660 983 2695 quae
1012 2653 1238 2694 praeparata
1262 2646 1433 2690 fuissent,
1458 2645 1626 2680 omnium

306 2711 433 2734 rerum
472 2699 640 2748 inopiam
676 2700 779 2735 sore:
820 2700 1053 2748 Perpernam
1087 2700 1126 2735 in
1164 2699 1394 2735 maritimam
1432 2698 1625 2745 regionem

307 2759 618 2799 superventurum
641 2760 683 2789 ut
711 2766 754 2789 ea
780 2766 876 2801 quae
906 2754 1055 2801 integra
1080 2752 1204 2788 adhuc
1232 2753 1279 2788 ab
1306 2751 1424 2786 hostis
1456 2752 1493 2786 vi
1514 2751 1627 2786 tutari
