1853 3158
316 285 600 329 LIBER
659 281 733 323 1X.
793 267 974 323 CAP.
1035 278 1230 322 XXXIX.

140 402 305 457 gistrum
327 402 508 456 equitum
527 398 652 438 dixit:
683 407 802 450 atque
827 397 879 448 ei,
912 400 998 452 (10)
1029 397 1159 451 legem
1180 401 1204 447 †
1223 392 1418 434 curiatam

139 463 187 499 de
210 461 376 513 imperio
397 456 557 506 ferenti,
588 454 695 494 triste
717 469 836 494 omen
858 455 964 494 diem
996 457 1032 508 (1
1047 457 1085 508 1)
1117 452 1274 496 diffidit,
1308 449 1419 504 quod

138 518 285 557 Faucia
306 516 413 557 curia
434 514 512 553 fuit
534 516 624 567 (12)
644 512 901 565 principium,
933 511 1087 551 duabus
1115 509 1276 564 infignis
1297 508 1419 548 cladi-

138 573 227 623 bus,
259 583 383 627 captae
405 571 527 621 urbis,
549 574 588 611 &
609 569 803 610 Caudinae
825 569 955 622 pacis:
987 565 1097 623 quod
1119 577 1290 620 utroque
1311 579 1418 605 anno

136 633 275 671 eadem
297 629 404 670 curia
426 628 556 668 fuerat
591 626 846 681 principium.
908 626 1050 665 Macer
1085 625 1266 664 Licinius
1302 623 1418 662 tertia

138 689 258 728 etiam
280 688 406 737 clade,
437 701 526 739 quae
549 686 597 724 ad
620 685 854 725 Cremeram
868 693 1030 735 accepta
1053 681 1123 731 est,
1155 683 1245 735 (13)
1267 679 1420 720 abomi-

141 746 316 784 nandam
338 757 427 783 eam
450 743 603 783 curiam
619 741 730 781 facit.

194 802 393 842 XXXIX.
425 801 614 841 DiRator
636 799 790 852 postero
813 794 892 846 die,
912 792 1095 848 auspiciis
1116 796 1308 848 repetitis,
1329 808 1418 848 pera

137 860 228 899 tulit
248 861 406 914 legem3
441 861 499 910 &,
529 856 736 911 profectus
752 869 846 896 cum
875 852 1113 908 legionibus,
1146 853 1271 905 (1)ad
1293 861 1418 892 terro-

139 931 224 957 rem
242 916 418 956 tradu&i
436 917 572 955 {ilvam
590 913 807 954 Ciminiam
823 909 1021 951 exercitiis
1039 921 1168 962 nuper
1182 909 1352 962 scriptis,
1368 910 1418 948 ad

138 975 365 1029 Longulam
398 973 601 1027 pervenit:
632 969 882 1023 acceptisque
903 984 924 1008 a
947 966 1108 1008 Marcio
1129 966 1291 1007 consule
1311 974 1420 1004 vete·-

138 1032 247 1072 ribus
269 1031 475 1079 militibus,
507 1030 547 1069 in
568 1029 694 1069 aciem
728 1027 862 1080 copias
893 1026 1042 1064 eduxit.
1078 1037 1151 1064 nec
1185 1023 1319 1063 hostes
1352 1023 1421 1061 de-

137 1089 306 1128 tre&are
327 1089 393 1127 visi
410 1101 599 1142 pugnam.
617 1084 832 1125 instru&os
849 1084 991 1122 deinde
1008 1080 1257 1133 armatosque
1275 1082 1419 1133 (quum

138 1145 186 1186 ab
207 1145 357 1185 neutris
380 1146 569 1199 proelium
598 1143 807 1196 inciperet)
829 1155 907 1180 nox
929 1139 1127 1192 oppreffit.
1189 1137 1329 1196 Qieti
1351 1137 1421 1176 ali-

138 1204 333 1256 quandiu,
365 1217 438 1242 nec
475 1202 553 1241 suis
590 1200 815 1240 diffidentes
836 1197 1002 1248 viribus,
1034 1209 1107 1235 nec
1129 1195 1284 1235 hostem
1314 1194 1421 1248 sper-

137 1270 294 1312 nentes,
326 1260 463 1299 stativa
504 1259 544 1298 in
580 1257 806 1311 propinquo
846 1254 1034 1294 habuere.
1089 1253 1247 1292 Interea
1282 1265 1344 1291 res
1379 1252 1420 1290 in

137 1317 296 1357 Etruria
316 1318 447 1372 gestae.
480 1330 573 1355 nam
597 1315 637 1355 δι
659 1328 752 1354 cum
773 1312 1029 1353 Umbrorum
1050 1311 1227 1350 exercitu
1249 1309 1332 1349 acie
1353 1310 1422 1348 de-

138 1384 363 1429 pugnatum
404 1374 484 1421 est3
518 1372 608 1427 (fufi
642 1381 774 1411 tamen
810 1370 951 1423 magis,
983 1367 1106 1421 quam
1138 1368 1240 1415 caefi,
1271 1366 1420 1418 hostes,

139 1433 232 1485 quia
254 1441 430 1486 coeptam
452 1431 595 1471 acriter
616 1443 696 1469 non
718 1429 939 1468 tolerarunt
967 1427 1164 1480 pugnam)
1195 1427 1236 1465 &
1267 1425 1316 1463 ad
1337 1424 1422 1463 Va-

139 1490 311 1529 dimonis
333 1491 464 1529 lacum
485 1487 657 1537 Etrusci,
686 1492 710 1538 †
743 1487 830 1540 lege
865 1484 1012 1524 sacrata
1047 1482 1189 1522 coaeto
1225 1481 1421 1533 exercitu,

137 1549 199 1600 (2)
216 1561 341 1600 quum
363 1547 424 1586 vir
443 1546 573 1586 virum
590 1542 753 1598 legifl‘et,
785 1542 943 1596 quantis
964 1555 1173 1592 nunquam
1190 1537 1285 1578 alias
1307 1547 1421 1578 antea

139 1604 252 1643 simul
274 1603 414 1657 copiis,
447 1604 557 1642 simul
580 1601 740 1651 animis,
762 1600 1025 1639 dimicarunt:
1056 1606 1248 1649 tantoque
1270 1595 1419 1635 irarum

138 1661 356 1701 certamine
376 1661 482 1715 gesta
513 1674 574 1699 res
595 1658 665 1706 est,
698 1668 741 1696 ut
777 1657 824 1696 ab
859 1653 1001 1695 neutra
1034 1664 1144 1707 parte
1180 1652 1313 1693 emiffa
1348 1653 1420 1692 lint

138 1719 227 1758 tela.
259 1718 400 1773 gladiis
433 1732 568 1771 pugna
601 1715 741 1768 coepit,
775 1717 833 1764 ἅτ,
864 1711 1055 1753 acerrime
1088 1711 1305 1758 commiffa,
1337 1710 1421 1763 ipso

138 1776 370 1823 certamine,
403 1776 511 1828 quod
534 1773 765 1827 aliquandiu
787 1785 933 1824 anceps
954 1769 1046 1818 fuit,
1079 1768 1242 1808 accensa
1264 1767 1345 1807 est:
1377 1777 1420 1806 ut

138 1846 219 1872 non
239 1847 332 1873 curn
349 1832 523 1872 Etruscis
540 1832 656 1871 toties
671 1830 805 1880 vietis,
825 1829 891 1868 sed
904 1842 997 1868 cum
1019 1825 1151 1879 aliqua
1167 1824 1269 1865 nova
1285 1834 1421 1879 gente,

139 1891 339 1930 videretur
374 1890 577 1930 dimicatio
613 1888 700 1928 esse.
760 1885 875 1926 Nihil
907 1885 955 1924 ab
991 1883 1069 1923 ull&
1102 1893 1212 1937 parte
1235 1891 1417 1922 movetur

139 1947 270 2002 fugae:
302 1949 449 1988 cadunt
471 1950 532 2002 (3)
561 1944 827 1998 antesignani:
863 1946 917 1991 ὅτ,
949 1956 998 1981 ne
1021 1942 1223 1980 nudentur
1244 1954 1419 1993 propug-

139 2005 343 2045 natoribus
365 2005 484 2060 ligna,
517 2004 562 2043 fit
583 2018 631 2043 ex
651 2002 820 2042 secunda
841 2002 968 2054 prima
997 1999 1112 2038 acies.
1171 1997 1236 2037 Ab
1268 1997 1419 2036 ultimis

141 2063 283 2102 deinde
306 2063 480 2103 subsidiis
503 2062 629 2101 cietur
659 2060 797 2100 miles:
828 2055 1009 2110 adeoque
1032 2057 1079 2095 ad
1102 2055 1290 2095 ultimum
1310 2053 1420 2094 labo-

141 2119 193 2161 ris
228 2135 273 2161 ac
295 2120 460 2173 periculi
494 2129 660 2159 ventum
682 2118 751 2166 est,
785 2126 828 2156 ut
864 2115 1017 2168 equites
1050 2112 1242 2162 Romani,
1273 2111 1420 2152 omiffis

1289 2183 1419 2222 equis,

144 2283 237 2323 supra
254 2290 324 2313 not.
343 2281 360 2312 6
387 2282 416 2312 δι
438 2290 466 2319 7.
485 2281 525 2311 ad
543 2292 567 2311 c.
586 2289 635 2318 23.
651 2280 671 2310 l.
691 2280 718 2310 8.
763 2279 838 2321 (10)
866 2276 991 2308 Ferenti
1008 2277 1047 2307 dc
1063 2275 1196 2306 sollenni
1213 2283 1302 2304 more
1317 2271 1421 2314 legem

143 2328 183 2357 ad
200 2327 358 2367 populum
379 2326 528 2357 curiatim
544 2333 770 2360 convocatum,
785 2323 848 2362 qua
865 2322 921 2352 fibi
937 2323 1069 2352 daretur
1085 2318 1258 2360 imperium
1272 2317 1420 2348 militare.

143 2374 176 2411 (1
188 2374 220 2411 1)
236 2371 254 2401 i.
271 2383 295 2401 e.
313 2382 380 2401 rem
396 2371 429 2401 in
447 2369 607 2411 posterum
624 2369 708 2399 diem
726 2367 854 2409 rejicere
871 2366 982 2407 coegit.
1026 2366 1102 2405 (12)
1120 2367 1294 2405 Principium
1309 2362 1351 2392 est
1366 2360 1420 2392 hic

143 2417 228 2447 idem
245 2417 333 2456 quod
356 2418 562 2457 praerqgativa.
607 2412 772 2449 Centum«,
795 2411 896 2448 curia,
918 2411 1021 2441 tribus
1040 2411 1209 2450 principium
1243 2406 1422 2443 dicebatur,

143 2472 215 2501 qua:
233 2461 336 2502 prima
350 2461 389 2490 ad
407 2458 592 2500 suffragium
609 2458 691 2488 sorte
709 2466 822 2487 vocata
839 2455 889 2486 est.
937 2455 1015 2495 (13)
1038 2454 1127 2484 Male
1140 2452 1325 2483 eminatam.

188 2526 223 2555 C.
245 2533 298 2564 39.
325 2524 376 2564 (1)
394 2523 475 2565 Qae
488 2532 593 2561 nuper
610 2519 733 2561 scriptae
748 2527 850 2554 erant,
861 2516 973 2548 territa
990 2516 1120 2547 civitate
1131 2515 1172 2546 ob
1187 2512 1424 2556 profestionem

183 2593 188 2598 .
208 2568 295 2598 Fabii
313 2576 400 2598 trans
418 2567 524 2597 silvam
544 2564 722 2596 Ciminiam.
748 2565 800 2604 (2)
818 2564 875 2592 Vir
891 2562 998 2592 virum
1013 2561 1116 2602 legere
1128 2560 1307 2595 dicebatur,
1322 2567 1424 2598 quum

145 2614 179 2644 in
197 2614 321 2644 delectu
340 2612 489 2642 habendo
506 2610 628 2650 aliquot
653 2609 760 2650 primo
788 2608 827 2638 ab
856 2607 1049 2647 imperatore
1071 2604 1145 2635 lecti
1162 2603 1289 2640 milites,
1311 2601 1424 2643 singuli

145 2658 282 2699 singulos
300 2666 392 2688 notos
411 2655 477 2692 fibi,
499 2664 703 2695 quorumque
728 2652 842 2683 virtuti
872 2650 1080 2685 confiderent,
1105 2649 1273 2691 legebant3
1295 2646 1330 2678 hi
1347 2645 1424 2676 alios

146 2713 282 2733 numero
300 2713 390 2743 pares
408 2700 474 2737 fibi,
496 2708 594 2740 atque
611 2698 654 2728 ita
671 2699 830 2738 deinceps,
852 2697 954 2727 donec
971 2694 995 2726 is
1012 2694 1179 2736 copiarum
1192 2702 1343 2723 numerus
1360 2690 1425 2721 effi-

146 2755 282 2785 ceretur,
306 2747 360 2787 qui
378 2757 459 2787 opus
484 2753 561 2777 erat.
607 2743 679 2774 Vid.
702 2742 793 2814 insti}
811 2742 830 2771 l.
850 2750 897 2773 10.
915 2751 939 2771 c.
960 2740 1007 2779 38.
1053 2740 1108 2781 (3)
1132 2737 1239 2768 Prima
1257 2736 1352 2784 acies,
1370 2733 1427 2807 quii

819 2795 835 2816 2
1339 2788 1401 2818 apu

1557 288 1640 332 243

1439 1301 1494 1331 Res
1511 1302 1538 1330 in
1552 1301 1641 1330 Etrue

1440 1344 1486 1378 νὶιῗ
1494 1347 1555 1376 bene
1560 1346 1640 1388 gesta.
