<?xml version="1.0" encoding="UTF-8"?>
<!DOCTYPE html PUBLIC "-//W3C//DTD XHTML 1.0 Transitional//EN"
    "http://www.w3.org/TR/xhtml1/DTD/xhtml1-transitional.dtd">
<html xmlns="http://www.w3.org/1999/xhtml" xml:lang="en" lang="en">
 <head>
  <title>
</title>
<meta http-equiv="Content-Type" content="text/html;charset=utf-8" />
  <meta name='ocr-system' content='tesseract 3.04.00' />
  <meta name='ocr-capabilities' content='ocr_page ocr_carea ocr_par ocr_line ocrx_word'/>
</head>
<body>
  <div class='ocr_page' id='page_1' title='image "./historiaeromanae01livyuoft_0718.png"; bbox 0 0 1853 3158; ppageno 0'>
   <div class='ocr_carea' id='block_1_1' title="bbox 145 282 226 328">
    <p class='ocr_par' dir='ltr' id='par_1_1' title="bbox 145 282 226 328">
     <span class='ocr_line' id='line_1_1' title="bbox 145 282 226 328; baseline 0 -8"><span class='ocrx_word' id='word_1_1' title='bbox 145 282 226 328; x_wconf 82' lang='lat'>246</span> 
     </span>
    </p>
   </div>
   <div class='ocr_carea' id='block_1_2' title="bbox 155 1153 323 1188">
    <p class='ocr_par' dir='ltr' id='par_1_2' title="bbox 155 1153 323 1188">
     <span class='ocr_line' id='line_1_2' title="bbox 155 1153 323 1188; baseline -0.024 -5"><span class='ocrx_word' id='word_1_2' title='bbox 155 1153 193 1183; x_wconf 88' lang='lat' dir='ltr'>U.</span> <span class='ocrx_word' id='word_1_3' title='bbox 205 1162 231 1182; x_wconf 86' lang='lat' dir='ltr'>c.</span> <span class='ocrx_word' id='word_1_4' title='bbox 247 1159 323 1188; x_wconf 73' lang='lat'>445.</span> 
     </span>
    </p>
   </div>
   <div class='ocr_carea' id='block_1_3' title="bbox 150 1196 333 1233">
    <p class='ocr_par' dir='ltr' id='par_1_3' title="bbox 150 1196 333 1233">
     <span class='ocr_line' id='line_1_3' title="bbox 150 1196 333 1233; baseline -0.011 -7"><span class='ocrx_word' id='word_1_5' title='bbox 150 1196 240 1227; x_wconf 88' lang='lat' dir='ltr'>A.C.</span> <span class='ocrx_word' id='word_1_6' title='bbox 260 1203 333 1233; x_wconf 85' lang='lat'>307.</span> 
     </span>
    </p>
   </div>
   <div class='ocr_carea' id='block_1_4' title="bbox 148 1238 330 1316">
    <p class='ocr_par' dir='ltr' id='par_1_4' title="bbox 148 1238 330 1316">
     <span class='ocr_line' id='line_1_4' title="bbox 151 1238 313 1283; baseline 0 -13"><span class='ocrx_word' id='word_1_7' title='bbox 151 1241 205 1283; x_wconf 71' lang='lat' dir='ltr'>Q</span> <span class='ocrx_word' id='word_1_8' title='bbox 215 1238 313 1270; x_wconf 88' lang='lat' dir='ltr'>Fabio</span> 
     </span>
     <span class='ocr_line' id='line_1_5' title="bbox 148 1285 330 1316; baseline -0.005 0"><span class='ocrx_word' id='word_1_9' title='bbox 148 1286 198 1316; x_wconf 81' lang='lat'>111.</span> <span class='ocrx_word' id='word_1_10' title='bbox 217 1286 250 1315; x_wconf 90' lang='lat' dir='ltr'>P.</span> <span class='ocrx_word' id='word_1_11' title='bbox 266 1285 330 1315; x_wconf 88' lang='lat' dir='ltr'>De-</span> 
     </span>
    </p>
   </div>
   <div class='ocr_carea' id='block_1_5' title="bbox 819 276 1183 327">
    <p class='ocr_par' dir='ltr' id='par_1_5' title="bbox 819 276 1183 327">
     <span class='ocr_line' id='line_1_6' title="bbox 819 276 1183 327; baseline 0.005 -10"><span class='ocrx_word' id='word_1_12' title='bbox 819 276 872 317; x_wconf 89' lang='lat' dir='ltr'>T.</span> <span class='ocrx_word' id='word_1_13' title='bbox 929 276 1183 327; x_wconf 72' lang='lat' dir='ltr'>LIVII</span> 
     </span>
    </p>
   </div>
   <div class='ocr_carea' id='block_1_6' title="bbox 367 391 1671 1308">
    <p class='ocr_par' dir='ltr' id='par_1_6' title="bbox 367 391 1671 1138">
     <span class='ocr_line' id='line_1_7' title="bbox 367 391 1648 447; baseline -0.001 -14"><span class='ocrx_word' id='word_1_14' title='bbox 367 400 586 441; x_wconf 81' lang='lat' dir='ltr'>armarunt,</span> <span class='ocrx_word' id='word_1_15' title='bbox 631 393 721 446; x_wconf 88' lang='lat'><em>(10)</em></span> <span class='ocrx_word' id='word_1_16' title='bbox 762 391 1085 446; x_wconf 79' lang='lat' dir='ltr'>Samnitiumque</span> <span class='ocrx_word' id='word_1_17' title='bbox 1133 392 1296 434; x_wconf 87' lang='lat' dir='ltr'>nomine</span> <span class='ocrx_word' id='word_1_18' title='bbox 1343 393 1648 447; x_wconf 66' lang='lat' dir='ltr'><strong>compellarunt„</strong></span> 
     </span>
     <span class='ocr_line' id='line_1_8' title="bbox 368 450 1650 504; baseline -0.002 -12"><span class='ocrx_word' id='word_1_19' title='bbox 368 452 520 492; x_wconf 87' lang='lat' dir='ltr'>Eodem</span> <span class='ocrx_word' id='word_1_20' title='bbox 539 463 645 489; x_wconf 86' lang='lat' dir='ltr'>anno</span> <span class='ocrx_word' id='word_1_21' title='bbox 666 463 758 489; x_wconf 90' lang='lat' dir='ltr'>cum</span> <span class='ocrx_word' id='word_1_22' title='bbox 780 450 943 502; x_wconf 83' lang='lat' dir='ltr'>reliquis</span> <span class='ocrx_word' id='word_1_23' title='bbox 964 450 1221 491; x_wconf 88' lang='lat' dir='ltr'>Etruscorum</span> <span class='ocrx_word' id='word_1_24' title='bbox 1243 452 1291 492; x_wconf 87' lang='lat' dir='ltr'>ad</span> <span class='ocrx_word' id='word_1_25' title='bbox 1312 450 1529 500; x_wconf 87' lang='lat' dir='ltr'>Perufiam,</span> <span class='ocrx_word' id='word_1_26' title='bbox 1560 465 1650 504; x_wconf 81' lang='lat' dir='ltr'>quae</span> 
     </span>
     <span class='ocr_line' id='line_1_9' title="bbox 370 507 1654 562; baseline -0.001 -14"><span class='ocrx_word' id='word_1_27' title='bbox 370 513 411 549; x_wconf 83' lang='lat'>&amp;</span> <span class='ocrx_word' id='word_1_28' title='bbox 434 507 515 562; x_wconf 85' lang='lat' dir='ltr'>ipsa</span> <span class='ocrx_word' id='word_1_29' title='bbox 537 507 788 547; x_wconf 80' lang='lat' dir='ltr'>induciarum</span> <span class='ocrx_word' id='word_1_30' title='bbox 811 507 931 547; x_wconf 88' lang='lat' dir='ltr'><strong>fidem</strong></span> <span class='ocrx_word' id='word_1_31' title='bbox 949 518 1124 562; x_wconf 82' lang='lat' dir='ltr'>ruperat,</span> <span class='ocrx_word' id='word_1_32' title='bbox 1155 508 1302 549; x_wconf 80' lang='lat' dir='ltr'>Fabius</span> <span class='ocrx_word' id='word_1_33' title='bbox 1330 508 1467 549; x_wconf 90' lang='lat' dir='ltr'>consul</span> <span class='ocrx_word' id='word_1_34' title='bbox 1487 509 1654 551; x_wconf 69' lang='lat' dir='ltr'>necdu-</span> 
     </span>
     <span class='ocr_line' id='line_1_10' title="bbox 370 564 1652 620; baseline -0.001 -15"><span class='ocrx_word' id='word_1_35' title='bbox 370 565 434 606; x_wconf 64' lang='lat' dir='ltr'>bia</span> <span class='ocrx_word' id='word_1_36' title='bbox 456 579 528 605; x_wconf 88' lang='lat' dir='ltr'>nec</span> <span class='ocrx_word' id='word_1_37' title='bbox 551 565 702 604; x_wconf 74' lang='lat' dir='ltr'>difficili</span> <span class='ocrx_word' id='word_1_38' title='bbox 718 564 886 605; x_wconf 60' lang='lat' dir='ltr'>victori-21</span> <span class='ocrx_word' id='word_1_39' title='bbox 902 567 1076 607; x_wconf 82' lang='lat' dir='ltr'><strong>dimicat.</strong></span> <span class='ocrx_word' id='word_1_40' title='bbox 1110 567 1238 620; x_wconf 89' lang='lat' dir='ltr'>ipsum</span> <span class='ocrx_word' id='word_1_41' title='bbox 1259 567 1453 620; x_wconf 88' lang='lat' dir='ltr'>oppidum</span> <span class='ocrx_word' id='word_1_42' title='bbox 1476 569 1584 619; x_wconf 84' lang='lat' dir='ltr'>(narn</span> <span class='ocrx_word' id='word_1_43' title='bbox 1602 565 1652 604; x_wconf 85' lang='lat' dir='ltr'>ad</span> 
     </span>
     <span class='ocr_line' id='line_1_11' title="bbox 372 622 1653 678; baseline -0.001 -15"><span class='ocrx_word' id='word_1_44' title='bbox 372 624 523 663; x_wconf 82' lang='lat' dir='ltr'>moenia</span> <span class='ocrx_word' id='word_1_45' title='bbox 544 623 673 662; x_wconf 60' lang='lat' dir='ltr'>victor</span> <span class='ocrx_word' id='word_1_46' title='bbox 693 622 862 677; x_wconf 81' lang='lat' dir='ltr'>acceffit)</span> <span class='ocrx_word' id='word_1_47' title='bbox 885 624 1057 678; x_wconf 71' lang='lat' dir='ltr'>cepisset,</span> <span class='ocrx_word' id='word_1_48' title='bbox 1088 625 1129 663; x_wconf 90' lang='lat' dir='ltr'>ni</span> <span class='ocrx_word' id='word_1_49' title='bbox 1161 624 1279 677; x_wconf 80' lang='lat' dir='ltr'>legati</span> <span class='ocrx_word' id='word_1_50' title='bbox 1300 625 1490 664; x_wconf 83' lang='lat' dir='ltr'><strong>dedentes</strong></span> <span class='ocrx_word' id='word_1_51' title='bbox 1512 622 1653 667; x_wconf 88' lang='lat' dir='ltr'>urbem</span> 
     </span>
     <span class='ocr_line' id='line_1_12' title="bbox 371 680 1659 736; baseline -0.002 -16"><span class='ocrx_word' id='word_1_52' title='bbox 371 681 546 720; x_wconf 83' lang='lat' dir='ltr'>exissent.</span> <span class='ocrx_word' id='word_1_53' title='bbox 609 680 795 720; x_wconf 84' lang='lat' dir='ltr'>Praefidio</span> <span class='ocrx_word' id='word_1_54' title='bbox 821 680 990 725; x_wconf 84' lang='lat' dir='ltr'>Perufiae</span> <span class='ocrx_word' id='word_1_55' title='bbox 1020 682 1217 735; x_wconf 80' lang='lat' dir='ltr'>imposito,</span> <span class='ocrx_word' id='word_1_56' title='bbox 1248 681 1513 736; x_wconf 82' lang='lat' dir='ltr'>legationibus</span> <span class='ocrx_word' id='word_1_57' title='bbox 1534 680 1659 719; x_wconf 84' lang='lat' dir='ltr'>Etru-</span> 
     </span>
     <span class='ocr_line' id='line_1_13' title="bbox 372 736 1671 792; baseline -0.002 -14"><span class='ocrx_word' id='word_1_58' title='bbox 372 740 440 779; x_wconf 80' lang='lat' dir='ltr'>riae</span> <span class='ocrx_word' id='word_1_59' title='bbox 461 738 678 778; x_wconf 83' lang='lat' dir='ltr'>amicitiam</span> <span class='ocrx_word' id='word_1_60' title='bbox 699 738 924 792; x_wconf 85' lang='lat' dir='ltr'>petentibus</span> <span class='ocrx_word' id='word_1_61' title='bbox 941 754 1020 792; x_wconf 74' lang='lat' dir='ltr'>prae</span> <span class='ocrx_word' id='word_1_62' title='bbox 1042 739 1078 778; x_wconf 90' lang='lat' dir='ltr'>se</span> <span class='ocrx_word' id='word_1_63' title='bbox 1102 739 1277 778; x_wconf 84' lang='lat' dir='ltr'>Romam</span> <span class='ocrx_word' id='word_1_64' title='bbox 1299 740 1347 778; x_wconf 87' lang='lat' dir='ltr'>ad</span> <span class='ocrx_word' id='word_1_65' title='bbox 1367 739 1546 779; x_wconf 87' lang='lat' dir='ltr'>senatum</span> <span class='ocrx_word' id='word_1_66' title='bbox 1563 736 1671 776; x_wconf 56' lang='lat' dir='ltr'>mis-</span> 
     </span>
     <span class='ocr_line' id='line_1_14' title="bbox 373 794 1653 849; baseline -0.002 -13"><span class='ocrx_word' id='word_1_67' title='bbox 373 797 435 845; x_wconf 83' lang='lat' dir='ltr'>fis,</span> <span class='ocrx_word' id='word_1_68' title='bbox 466 796 620 848; x_wconf 87' lang='lat' dir='ltr'>consul,</span> <span class='ocrx_word' id='word_1_69' title='bbox 651 795 920 849; x_wconf 80' lang='lat' dir='ltr'>praestantiore</span> <span class='ocrx_word' id='word_1_70' title='bbox 946 797 1080 844; x_wconf 88' lang='lat' dir='ltr'>etiam,</span> <span class='ocrx_word' id='word_1_71' title='bbox 1113 795 1236 849; x_wconf 69' lang='lat' dir='ltr'>quam</span> <span class='ocrx_word' id='word_1_72' title='bbox 1267 796 1454 845; x_wconf 74' lang='lat' dir='ltr'>dic&#39;tator,</span> <span class='ocrx_word' id='word_1_73' title='bbox 1483 794 1653 835; x_wconf 59' lang='lat' dir='ltr'>victoria</span> 
     </span>
     <span class='ocr_line' id='line_1_15' title="bbox 371 851 1664 911; baseline -0.002 -18"><span class='ocrx_word' id='word_1_74' title='bbox 371 854 640 907; x_wconf 85' lang='lat' dir='ltr'>triumphans,</span> <span class='ocrx_word' id='word_1_75' title='bbox 671 853 810 908; x_wconf 77' lang='lat' dir='ltr'>urbem</span> <span class='ocrx_word' id='word_1_76' title='bbox 832 853 887 893; x_wconf 87' lang='lat' dir='ltr'>est</span> <span class='ocrx_word' id='word_1_77' title='bbox 921 853 1114 894; x_wconf 69' lang='lat' dir='ltr'>inve&amp;us.</span> <span class='ocrx_word' id='word_1_78' title='bbox 1177 853 1290 911; x_wconf 82' lang='lat' dir='ltr'>Qin</span> <span class='ocrx_word' id='word_1_79' title='bbox 1322 854 1444 893; x_wconf 91' lang='lat' dir='ltr'>etiam</span> <span class='ocrx_word' id='word_1_80' title='bbox 1476 851 1664 900; x_wconf 38' lang='lat' dir='ltr'>deviem&lt;</span> 
     </span>
     <span class='ocr_line' id='line_1_16' title="bbox 371 909 1655 965; baseline -0.002 -13"><span class='ocrx_word' id='word_1_81' title='bbox 371 926 463 952; x_wconf 87' lang='lat' dir='ltr'>rum</span> <span class='ocrx_word' id='word_1_82' title='bbox 481 911 723 951; x_wconf 85' lang='lat' dir='ltr'>Samnitium</span> <span class='ocrx_word' id='word_1_83' title='bbox 741 912 862 951; x_wconf 86' lang='lat' dir='ltr'>decus</span> <span class='ocrx_word' id='word_1_84' title='bbox 881 912 1026 965; x_wconf 66' lang='lat' dir='ltr'>magna</span> <span class='ocrx_word' id='word_1_85' title='bbox 1041 925 1089 951; x_wconf 82' lang='lat' dir='ltr'>ex</span> <span class='ocrx_word' id='word_1_86' title='bbox 1111 920 1221 964; x_wconf 88' lang='lat' dir='ltr'>parte</span> <span class='ocrx_word' id='word_1_87' title='bbox 1240 912 1290 950; x_wconf 86' lang='lat' dir='ltr'>ad</span> <span class='ocrx_word' id='word_1_88' title='bbox 1310 912 1476 965; x_wconf 87' lang='lat' dir='ltr'>legatos,</span> <span class='ocrx_word' id='word_1_89' title='bbox 1505 909 1553 949; x_wconf 87' lang='lat' dir='ltr'>P.</span> <span class='ocrx_word' id='word_1_90' title='bbox 1569 909 1655 949; x_wconf 88' lang='lat' dir='ltr'>De-</span> 
     </span>
     <span class='ocr_line' id='line_1_17' title="bbox 369 966 1657 1022; baseline 0 -13"><span class='ocrx_word' id='word_1_91' title='bbox 369 970 479 1009; x_wconf 86' lang='lat' dir='ltr'>cium</span> <span class='ocrx_word' id='word_1_92' title='bbox 504 972 543 1009; x_wconf 82' lang='lat'>&amp;</span> <span class='ocrx_word' id='word_1_93' title='bbox 566 970 628 1009; x_wconf 91' lang='lat' dir='ltr'>M.</span> <span class='ocrx_word' id='word_1_94' title='bbox 651 968 877 1016; x_wconf 88' lang='lat' dir='ltr'>Valerium,</span> <span class='ocrx_word' id='word_1_95' title='bbox 908 969 963 1008; x_wconf 89' lang='lat' dir='ltr'>est</span> <span class='ocrx_word' id='word_1_96' title='bbox 985 968 1165 1008; x_wconf 84' lang='lat' dir='ltr'>versum:</span> <span class='ocrx_word' id='word_1_97' title='bbox 1198 983 1298 1022; x_wconf 79' lang='lat' dir='ltr'>quos</span> <span class='ocrx_word' id='word_1_98' title='bbox 1328 969 1501 1022; x_wconf 91' lang='lat' dir='ltr'>populus</span> <span class='ocrx_word' id='word_1_99' title='bbox 1521 966 1657 1021; x_wconf 62' lang='lat' dir='ltr'>proxi-z</span> 
     </span>
     <span class='ocr_line' id='line_1_18' title="bbox 369 1025 1656 1079; baseline -0.002 -12"><span class='ocrx_word' id='word_1_100' title='bbox 369 1026 445 1067; x_wconf 84' lang='lat' dir='ltr'>mis</span> <span class='ocrx_word' id='word_1_101' title='bbox 467 1026 640 1066; x_wconf 82' lang='lat' dir='ltr'>comitiis</span> <span class='ocrx_word' id='word_1_102' title='bbox 658 1025 813 1079; x_wconf 79' lang='lat' dir='ltr'>ingenti</span> <span class='ocrx_word' id='word_1_103' title='bbox 834 1025 1025 1065; x_wconf 88' lang='lat' dir='ltr'>consensu</span> <span class='ocrx_word' id='word_1_104' title='bbox 1048 1026 1250 1067; x_wconf 87' lang='lat' dir='ltr'>consulem</span> <span class='ocrx_word' id='word_1_105' title='bbox 1269 1027 1454 1076; x_wconf 84' lang='lat' dir='ltr'>alterum,</span> <span class='ocrx_word' id='word_1_106' title='bbox 1485 1025 1656 1065; x_wconf 87' lang='lat' dir='ltr'>alterum</span> 
     </span>
     <span class='ocr_line' id='line_1_19' title="bbox 369 1082 828 1138; baseline -0.007 -16"><span class='ocrx_word' id='word_1_107' title='bbox 369 1093 581 1138; x_wconf 67' lang='lat' dir='ltr'>praetorem</span> <span class='ocrx_word' id='word_1_108' title='bbox 602 1082 828 1121; x_wconf 76' lang='lat' dir='ltr'>declaravit.</span> 
     </span>
    </p>

    <p class='ocr_par' dir='ltr' id='par_1_7' title="bbox 370 1138 1657 1308">
     <span class='ocr_line' id='line_1_20' title="bbox 429 1138 1657 1193; baseline -0.001 -14"><span class='ocrx_word' id='word_1_109' title='bbox 429 1140 539 1180; x_wconf 89' lang='lat' dir='ltr'><strong>XLI.</strong></span> <span class='ocrx_word' id='word_1_110' title='bbox 572 1138 694 1178; x_wconf 88' lang='lat' dir='ltr'>Fabio</span> <span class='ocrx_word' id='word_1_111' title='bbox 715 1138 766 1178; x_wconf 89' lang='lat' dir='ltr'>ob</span> <span class='ocrx_word' id='word_1_112' title='bbox 788 1138 945 1193; x_wconf 78' lang='lat' dir='ltr'>egregie</span> <span class='ocrx_word' id='word_1_113' title='bbox 967 1140 1232 1192; x_wconf 84' lang='lat' dir='ltr'>perdomitam</span> <span class='ocrx_word' id='word_1_114' title='bbox 1247 1142 1449 1181; x_wconf 79' lang='lat' dir='ltr'>Etruriam</span> <span class='ocrx_word' id='word_1_115' title='bbox 1471 1140 1657 1181; x_wconf 88' lang='lat' dir='ltr'>continu-</span> 
     </span>
     <span class='ocr_line' id='line_1_21' title="bbox 370 1196 1656 1252; baseline 0 -15"><span class='ocrx_word' id='word_1_116' title='bbox 370 1207 459 1238; x_wconf 80' lang='lat' dir='ltr'>atur</span> <span class='ocrx_word' id='word_1_117' title='bbox 480 1196 734 1245; x_wconf 77' lang='lat' dir='ltr'>consulatu53</span> <span class='ocrx_word' id='word_1_118' title='bbox 765 1196 920 1236; x_wconf 85' lang='lat' dir='ltr'>Decius</span> <span class='ocrx_word' id='word_1_119' title='bbox 942 1197 1093 1251; x_wconf 82' lang='lat' dir='ltr'>collega</span> <span class='ocrx_word' id='word_1_120' title='bbox 1109 1197 1236 1236; x_wconf 89' lang='lat' dir='ltr'>datur.</span> <span class='ocrx_word' id='word_1_121' title='bbox 1301 1199 1488 1238; x_wconf 86' lang='lat' dir='ltr'>Valerius</span> <span class='ocrx_word' id='word_1_122' title='bbox 1509 1207 1656 1252; x_wconf 82' lang='lat' dir='ltr'>praetor</span> 
     </span>
     <span class='ocr_line' id='line_1_22' title="bbox 370 1253 1656 1308; baseline 0 -14"><span class='ocrx_word' id='word_1_123' title='bbox 370 1253 560 1308; x_wconf 71' lang='lat' dir='ltr'>quartum</span> <span class='ocrx_word' id='word_1_124' title='bbox 592 1263 761 1294; x_wconf 85' lang='lat' dir='ltr'>creatus.</span> <span class='ocrx_word' id='word_1_125' title='bbox 823 1253 1016 1294; x_wconf 83' lang='lat' dir='ltr'>Consules</span> <span class='ocrx_word' id='word_1_126' title='bbox 1037 1253 1171 1307; x_wconf 87' lang='lat' dir='ltr'>partiti</span> <span class='ocrx_word' id='word_1_127' title='bbox 1200 1255 1435 1308; x_wconf 86' lang='lat' dir='ltr'>provincias.</span> <span class='ocrx_word' id='word_1_128' title='bbox 1496 1255 1656 1295; x_wconf 85' lang='lat' dir='ltr'>Etruria</span> 
     </span>
    </p>
   </div>
   <div class='ocr_carea' id='block_1_7' title="bbox 148 1311 1656 1364">
    <p class='ocr_par' dir='ltr' id='par_1_8' title="bbox 148 1311 1656 1364">
     <span class='ocr_line' id='line_1_23' title="bbox 148 1311 1656 1364; baseline -0.001 -11"><span class='ocrx_word' id='word_1_129' title='bbox 148 1330 200 1361; x_wconf 73' lang='lat' dir='ltr'>cio</span> <span class='ocrx_word' id='word_1_130' title='bbox 216 1329 252 1360; x_wconf 90' lang='lat'>11.</span> <span class='ocrx_word' id='word_1_131' title='bbox 270 1327 351 1360; x_wconf 84' lang='lat' dir='ltr'>Coff.</span> <span class='ocrx_word' id='word_1_132' title='bbox 369 1312 744 1363; x_wconf 87' lang='lat' dir='ltr'>Decio‚Samnium</span> <span class='ocrx_word' id='word_1_133' title='bbox 765 1311 888 1352; x_wconf 88' lang='lat' dir='ltr'>Fabio</span> <span class='ocrx_word' id='word_1_134' title='bbox 910 1311 1053 1351; x_wconf 89' lang='lat' dir='ltr'>evenit.</span> <span class='ocrx_word' id='word_1_135' title='bbox 1086 1312 1125 1351; x_wconf 89' lang='lat' dir='ltr'>Is</span> <span class='ocrx_word' id='word_1_136' title='bbox 1143 1311 1349 1364; x_wconf 59' lang='lat' dir='ltr'>profectus</span> <span class='ocrx_word' id='word_1_137' title='bbox 1371 1313 1420 1351; x_wconf 88' lang='lat' dir='ltr'>ad</span> <span class='ocrx_word' id='word_1_138' title='bbox 1435 1312 1656 1352; x_wconf 86' lang='lat' dir='ltr'>Nuceriam</span> 
     </span>
    </p>
   </div>
   <div class='ocr_carea' id='block_1_8' title="bbox 370 1369 1660 1482">
    <p class='ocr_par' dir='ltr' id='par_1_9' title="bbox 370 1369 1660 1482">
     <span class='ocr_line' id='line_1_24' title="bbox 372 1369 1655 1423; baseline -0.001 -12"><span class='ocrx_word' id='word_1_139' title='bbox 372 1369 643 1420; x_wconf 86' lang='lat' dir='ltr'>Alfaternam‚</span> <span class='ocrx_word' id='word_1_140' title='bbox 675 1379 762 1408; x_wconf 89' lang='lat' dir='ltr'>tum</span> <span class='ocrx_word' id='word_1_141' title='bbox 782 1383 922 1423; x_wconf 83' lang='lat' dir='ltr'>pacem</span> <span class='ocrx_word' id='word_1_142' title='bbox 939 1378 1119 1422; x_wconf 81' lang='lat' dir='ltr'>petentes</span> <span class='ocrx_word' id='word_1_143' title='bbox 1142 1371 1216 1423; x_wconf 84' lang='lat'>(1),</span> <span class='ocrx_word' id='word_1_144' title='bbox 1238 1369 1350 1423; x_wconf 74' lang='lat' dir='ltr'>quod</span> <span class='ocrx_word' id='word_1_145' title='bbox 1372 1370 1430 1409; x_wconf 88' lang='lat' dir='ltr'>uti</span> <span class='ocrx_word' id='word_1_146' title='bbox 1447 1370 1506 1418; x_wconf 73' lang='lat' dir='ltr'>ea,</span> <span class='ocrx_word' id='word_1_147' title='bbox 1528 1384 1655 1421; x_wconf 84' lang='lat' dir='ltr'>quum</span> 
     </span>
     <span class='ocr_line' id='line_1_25' title="bbox 370 1427 1660 1482; baseline -0.002 -15"><span class='ocrx_word' id='word_1_148' title='bbox 370 1429 546 1476; x_wconf 88' lang='lat' dir='ltr'>daretur,</span> <span class='ocrx_word' id='word_1_149' title='bbox 578 1428 803 1476; x_wconf 80' lang='lat' dir='ltr'>noluiffent,</span> <span class='ocrx_word' id='word_1_150' title='bbox 836 1427 1080 1480; x_wconf 86' lang='lat' dir='ltr'>aspernatus,</span> <span class='ocrx_word' id='word_1_151' title='bbox 1123 1428 1394 1482; x_wconf 84' lang='lat' dir='ltr'>oppugnando</span> <span class='ocrx_word' id='word_1_152' title='bbox 1431 1428 1480 1466; x_wconf 91' lang='lat' dir='ltr'>ad</span> <span class='ocrx_word' id='word_1_153' title='bbox 1516 1427 1660 1466; x_wconf 69' lang='lat' dir='ltr'>dediti-</span> 
     </span>
    </p>
   </div>
   <div class='ocr_carea' id='block_1_9' title="bbox 146 1483 1655 1539">
    <p class='ocr_par' dir='ltr' id='par_1_10' title="bbox 146 1483 1655 1539">
     <span class='ocr_line' id='line_1_26' title="bbox 146 1483 1655 1539; baseline -0.001 -15"><span class='ocrx_word' id='word_1_154' title='bbox 146 1490 352 1533; x_wconf 72' lang='lat' dir='ltr'>Bcnercsgesta</span> <span class='ocrx_word' id='word_1_155' title='bbox 370 1500 490 1525; x_wconf 92' lang='lat' dir='ltr'>onem</span> <span class='ocrx_word' id='word_1_156' title='bbox 527 1488 586 1539; x_wconf 86' lang='lat'>(2)</span> <span class='ocrx_word' id='word_1_157' title='bbox 623 1484 787 1539; x_wconf 82' lang='lat' dir='ltr'>subegit.</span> <span class='ocrx_word' id='word_1_158' title='bbox 847 1485 954 1525; x_wconf 89' lang='lat' dir='ltr'>Cum</span> <span class='ocrx_word' id='word_1_159' title='bbox 993 1483 1240 1525; x_wconf 86' lang='lat' dir='ltr'>Samnitibus</span> <span class='ocrx_word' id='word_1_160' title='bbox 1282 1485 1364 1524; x_wconf 89' lang='lat' dir='ltr'>acie</span> <span class='ocrx_word' id='word_1_161' title='bbox 1405 1485 1655 1525; x_wconf 90' lang='lat' dir='ltr'>dimicatum.</span> 
     </span>
    </p>
   </div>
   <div class='ocr_carea' id='block_1_10' title="bbox 145 1535 336 1565">
    <p class='ocr_par' dir='ltr' id='par_1_11' title="bbox 145 1535 336 1565">
     <span class='ocr_line' id='line_1_27' title="bbox 145 1535 336 1565; baseline -0.005 0"><span class='ocrx_word' id='word_1_162' title='bbox 145 1542 240 1565; x_wconf 70' lang='lat' dir='ltr'>cmtra</span> <span class='ocrx_word' id='word_1_163' title='bbox 253 1535 336 1565; x_wconf 84' lang='lat' dir='ltr'>Sam-</span> 
     </span>
    </p>
   </div>
   <div class='ocr_carea' id='block_1_11' title="bbox 146 1581 225 1610">
    <p class='ocr_par' dir='ltr' id='par_1_12' title="bbox 146 1581 225 1610">
     <span class='ocr_line' id='line_1_28' title="bbox 146 1581 225 1610; baseline 0.013 -1"><span class='ocrx_word' id='word_1_164' title='bbox 146 1581 225 1610; x_wconf 63' lang='lat' dir='ltr'>uites.</span> 
     </span>
    </p>
   </div>
   <div class='ocr_carea' id='block_1_12' title="bbox 367 1541 1679 2227">
    <p class='ocr_par' dir='ltr' id='par_1_13' title="bbox 367 1541 1679 2227">
     <span class='ocr_line' id='line_1_29' title="bbox 369 1541 1679 1597; baseline -0.003 -14"><span class='ocrx_word' id='word_1_165' title='bbox 369 1543 478 1583; x_wconf 87' lang='lat' dir='ltr'>haud</span> <span class='ocrx_word' id='word_1_166' title='bbox 498 1557 645 1597; x_wconf 85' lang='lat' dir='ltr'>magno</span> <span class='ocrx_word' id='word_1_167' title='bbox 677 1543 893 1582; x_wconf 86' lang='lat' dir='ltr'>certamine</span> <span class='ocrx_word' id='word_1_168' title='bbox 925 1541 1057 1582; x_wconf 85' lang='lat' dir='ltr'>hostes</span> <span class='ocrx_word' id='word_1_169' title='bbox 1087 1542 1209 1582; x_wconf 60' lang='lat' dir='ltr'>victi:</span> <span class='ocrx_word' id='word_1_170' title='bbox 1240 1557 1371 1596; x_wconf 87' lang='lat' dir='ltr'>neque</span> <span class='ocrx_word' id='word_1_171' title='bbox 1402 1543 1489 1597; x_wconf 88' lang='lat' dir='ltr'>ejus</span> <span class='ocrx_word' id='word_1_172' title='bbox 1510 1556 1679 1596; x_wconf 79' lang='lat' dir='ltr'>pugnae.</span> 
     </span>
     <span class='ocr_line' id='line_1_30' title="bbox 368 1598 1654 1653; baseline -0.002 -13"><span class='ocrx_word' id='word_1_173' title='bbox 368 1600 562 1640; x_wconf 88' lang='lat' dir='ltr'>memoria</span> <span class='ocrx_word' id='word_1_174' title='bbox 584 1600 727 1640; x_wconf 85' lang='lat' dir='ltr'>tradita</span> <span class='ocrx_word' id='word_1_175' title='bbox 755 1600 878 1651; x_wconf 87' lang='lat' dir='ltr'>foret,</span> <span class='ocrx_word' id='word_1_176' title='bbox 909 1600 950 1638; x_wconf 86' lang='lat' dir='ltr'>ni</span> <span class='ocrx_word' id='word_1_177' title='bbox 972 1600 1093 1639; x_wconf 75' lang='lat' dir='ltr'>Marsi</span> <span class='ocrx_word' id='word_1_178' title='bbox 1114 1614 1162 1639; x_wconf 89' lang='lat' dir='ltr'>eo</span> <span class='ocrx_word' id='word_1_179' title='bbox 1191 1598 1372 1653; x_wconf 66' lang='lat' dir='ltr'>primum·</span> <span class='ocrx_word' id='word_1_180' title='bbox 1391 1599 1534 1653; x_wconf 89' lang='lat' dir='ltr'>proelio</span> <span class='ocrx_word' id='word_1_181' title='bbox 1561 1600 1654 1639; x_wconf 82' lang='lat' dir='ltr'>cum</span> 
     </span>
     <span class='ocr_line' id='line_1_31' title="bbox 370 1657 1657 1698; baseline -0.002 0"><span class='ocrx_word' id='word_1_182' title='bbox 370 1658 568 1698; x_wconf 88' lang='lat' dir='ltr'>Romanis</span> <span class='ocrx_word' id='word_1_183' title='bbox 599 1657 812 1697; x_wconf 83' lang='lat' dir='ltr'>bellaffent.</span> <span class='ocrx_word' id='word_1_184' title='bbox 875 1657 1012 1697; x_wconf 88' lang='lat' dir='ltr'>Secuti</span> <span class='ocrx_word' id='word_1_185' title='bbox 1039 1657 1266 1698; x_wconf 85' lang='lat' dir='ltr'>Marsorum</span> <span class='ocrx_word' id='word_1_186' title='bbox 1288 1657 1559 1698; x_wconf 59' lang='lat' dir='ltr'>defectionem</span> <span class='ocrx_word' id='word_1_187' title='bbox 1580 1657 1657 1698; x_wconf 83' lang='lat' dir='ltr'>Pe-</span> 
     </span>
     <span class='ocr_line' id='line_1_32' title="bbox 367 1713 1655 1772; baseline -0.001 -17"><span class='ocrx_word' id='word_1_188' title='bbox 367 1716 481 1772; x_wconf 86' lang='lat' dir='ltr'>ligni,</span> <span class='ocrx_word' id='word_1_189' title='bbox 502 1716 670 1754; x_wconf 87' lang='lat' dir='ltr'>eandem</span> <span class='ocrx_word' id='word_1_190' title='bbox 692 1714 897 1755; x_wconf 86' lang='lat' dir='ltr'>fortunam</span> <span class='ocrx_word' id='word_1_191' title='bbox 917 1713 1158 1754; x_wconf 79' lang='lat' dir='ltr'>habuerunt.</span> <span class='ocrx_word' id='word_1_192' title='bbox 1218 1716 1349 1756; x_wconf 88' lang='lat' dir='ltr'>Decio</span> <span class='ocrx_word' id='word_1_193' title='bbox 1368 1728 1526 1768; x_wconf 91' lang='lat' dir='ltr'>quoque</span> <span class='ocrx_word' id='word_1_194' title='bbox 1544 1715 1655 1754; x_wconf 87' lang='lat' dir='ltr'>alteri</span> 
     </span>
     <span class='ocr_line' id='line_1_33' title="bbox 369 1771 1656 1826; baseline -0.002 -13"><span class='ocrx_word' id='word_1_195' title='bbox 369 1773 520 1813; x_wconf 86' lang='lat' dir='ltr'>consuli</span> <span class='ocrx_word' id='word_1_196' title='bbox 542 1773 712 1812; x_wconf 87' lang='lat' dir='ltr'>secunda</span> <span class='ocrx_word' id='word_1_197' title='bbox 734 1773 826 1812; x_wconf 91' lang='lat' dir='ltr'>belli</span> <span class='ocrx_word' id='word_1_198' title='bbox 848 1771 1010 1812; x_wconf 86' lang='lat' dir='ltr'>fortuna</span> <span class='ocrx_word' id='word_1_199' title='bbox 1031 1782 1127 1812; x_wconf 87' lang='lat' dir='ltr'>erat.</span> <span class='ocrx_word' id='word_1_200' title='bbox 1188 1772 1522 1826; x_wconf 87' lang='lat' dir='ltr'>Tarquiniensem</span> <span class='ocrx_word' id='word_1_201' title='bbox 1543 1781 1656 1811; x_wconf 87' lang='lat' dir='ltr'>metu</span> 
     </span>
     <span class='ocr_line' id='line_1_34' title="bbox 368 1829 1656 1886; baseline -0.002 -15"><span class='ocrx_word' id='word_1_202' title='bbox 368 1830 576 1886; x_wconf 83' lang='lat' dir='ltr'>subegerat</span> <span class='ocrx_word' id='word_1_203' title='bbox 597 1829 848 1873; x_wconf 86' lang='lat' dir='ltr'>frumentum</span> <span class='ocrx_word' id='word_1_204' title='bbox 877 1830 1068 1869; x_wconf 80' lang='lat' dir='ltr'>exercitui</span> <span class='ocrx_word' id='word_1_205' title='bbox 1103 1829 1294 1883; x_wconf 69' lang='lat' dir='ltr'>praebere,</span> <span class='ocrx_word' id='word_1_206' title='bbox 1326 1840 1444 1883; x_wconf 81' lang='lat' dir='ltr'>atque</span> <span class='ocrx_word' id='word_1_207' title='bbox 1475 1829 1656 1869; x_wconf 84' lang='lat' dir='ltr'>inducias</span> 
     </span>
     <span class='ocr_line' id='line_1_35' title="bbox 368 1886 1658 1942; baseline -0.002 -14"><span class='ocrx_word' id='word_1_208' title='bbox 368 1890 410 1929; x_wconf 85' lang='lat' dir='ltr'>in</span> <span class='ocrx_word' id='word_1_209' title='bbox 432 1887 695 1942; x_wconf 84' lang='lat' dir='ltr'>quadraginta</span> <span class='ocrx_word' id='word_1_210' title='bbox 716 1902 840 1927; x_wconf 87' lang='lat' dir='ltr'>annos</span> <span class='ocrx_word' id='word_1_211' title='bbox 860 1896 1007 1941; x_wconf 87' lang='lat' dir='ltr'>petere.</span> <span class='ocrx_word' id='word_1_212' title='bbox 1070 1887 1376 1927; x_wconf 71' lang='lat' dir='ltr'>Volsiniensium</span> <span class='ocrx_word' id='word_1_213' title='bbox 1407 1886 1563 1927; x_wconf 87' lang='lat' dir='ltr'>castella</span> <span class='ocrx_word' id='word_1_214' title='bbox 1585 1886 1658 1926; x_wconf 82' lang='lat' dir='ltr'>ali-</span> 
     </span>
     <span class='ocr_line' id='line_1_36' title="bbox 369 1943 1656 1999; baseline -0.001 -14"><span class='ocrx_word' id='word_1_215' title='bbox 369 1956 468 1999; x_wconf 86' lang='lat' dir='ltr'>quot</span> <span class='ocrx_word' id='word_1_216' title='bbox 488 1946 526 1984; x_wconf 83' lang='lat' dir='ltr'>vi</span> <span class='ocrx_word' id='word_1_217' title='bbox 543 1946 672 1998; x_wconf 87' lang='lat' dir='ltr'>cepit:</span> <span class='ocrx_word' id='word_1_218' title='bbox 702 1946 886 1998; x_wconf 86' lang='lat' dir='ltr'>quaedam</span> <span class='ocrx_word' id='word_1_219' title='bbox 908 1959 955 1984; x_wconf 87' lang='lat' dir='ltr'>ex</span> <span class='ocrx_word' id='word_1_220' title='bbox 983 1945 1030 1985; x_wconf 81' lang='lat' dir='ltr'>iis</span> <span class='ocrx_word' id='word_1_221' title='bbox 1052 1945 1188 1993; x_wconf 88' lang='lat' dir='ltr'>diruit,</span> <span class='ocrx_word' id='word_1_222' title='bbox 1221 1959 1269 1984; x_wconf 89' lang='lat' dir='ltr'>ne</span> <span class='ocrx_word' id='word_1_223' title='bbox 1292 1945 1544 1998; x_wconf 86' lang='lat' dir='ltr'>receptaculo</span> <span class='ocrx_word' id='word_1_224' title='bbox 1565 1943 1656 1984; x_wconf 87' lang='lat' dir='ltr'>hos-</span> 
     </span>
     <span class='ocr_line' id='line_1_37' title="bbox 370 2002 1658 2056; baseline -0.002 -14"><span class='ocrx_word' id='word_1_225' title='bbox 370 2004 475 2043; x_wconf 85' lang='lat' dir='ltr'>tibus</span> <span class='ocrx_word' id='word_1_226' title='bbox 497 2003 641 2042; x_wconf 80' lang='lat' dir='ltr'>effent:</span> <span class='ocrx_word' id='word_1_227' title='bbox 670 2002 1072 2055; x_wconf 82' lang='lat' dir='ltr'>circumferendoque</span> <span class='ocrx_word' id='word_1_228' title='bbox 1093 2002 1228 2056; x_wconf 84' lang='lat' dir='ltr'>passim</span> <span class='ocrx_word' id='word_1_229' title='bbox 1248 2002 1368 2051; x_wconf 87' lang='lat' dir='ltr'>bello,</span> <span class='ocrx_word' id='word_1_230' title='bbox 1400 2010 1556 2041; x_wconf 87' lang='lat' dir='ltr'>tantum</span> <span class='ocrx_word' id='word_1_231' title='bbox 1577 2011 1658 2041; x_wconf 90' lang='lat' dir='ltr'>ter-</span> 
     </span>
     <span class='ocr_line' id='line_1_38' title="bbox 369 2058 1656 2112; baseline -0.002 -12"><span class='ocrx_word' id='word_1_232' title='bbox 369 2074 501 2100; x_wconf 87' lang='lat' dir='ltr'>rorem</span> <span class='ocrx_word' id='word_1_233' title='bbox 537 2060 594 2099; x_wconf 86' lang='lat' dir='ltr'>sui</span> <span class='ocrx_word' id='word_1_234' title='bbox 629 2059 740 2108; x_wconf 86' lang='lat' dir='ltr'>fecit,</span> <span class='ocrx_word' id='word_1_235' title='bbox 773 2070 817 2100; x_wconf 90' lang='lat' dir='ltr'>ut</span> <span class='ocrx_word' id='word_1_236' title='bbox 848 2065 872 2112; x_wconf 90' lang='lat'>†</span> <span class='ocrx_word' id='word_1_237' title='bbox 907 2073 1056 2098; x_wconf 90' lang='lat' dir='ltr'>nomen</span> <span class='ocrx_word' id='word_1_238' title='bbox 1076 2073 1196 2098; x_wconf 86' lang='lat' dir='ltr'>omne</span> <span class='ocrx_word' id='word_1_239' title='bbox 1218 2059 1431 2099; x_wconf 87' lang='lat' dir='ltr'>Etruscum</span> <span class='ocrx_word' id='word_1_240' title='bbox 1451 2058 1585 2099; x_wconf 85' lang='lat' dir='ltr'>foedus</span> <span class='ocrx_word' id='word_1_241' title='bbox 1608 2059 1656 2098; x_wconf 88' lang='lat' dir='ltr'>ab</span> 
     </span>
     <span class='ocr_line' id='line_1_39' title="bbox 370 2116 1657 2170; baseline -0.002 -13"><span class='ocrx_word' id='word_1_242' title='bbox 370 2117 530 2157; x_wconf 91' lang='lat' dir='ltr'>consule</span> <span class='ocrx_word' id='word_1_243' title='bbox 552 2126 716 2170; x_wconf 86' lang='lat' dir='ltr'>peteret.</span> <span class='ocrx_word' id='word_1_244' title='bbox 781 2118 842 2156; x_wconf 90' lang='lat' dir='ltr'>Ac</span> <span class='ocrx_word' id='word_1_245' title='bbox 865 2117 914 2155; x_wconf 91' lang='lat' dir='ltr'>de</span> <span class='ocrx_word' id='word_1_246' title='bbox 930 2131 977 2155; x_wconf 91' lang='lat' dir='ltr'>eo</span> <span class='ocrx_word' id='word_1_247' title='bbox 999 2117 1162 2169; x_wconf 90' lang='lat' dir='ltr'>quidem</span> <span class='ocrx_word' id='word_1_248' title='bbox 1184 2117 1282 2155; x_wconf 87' lang='lat' dir='ltr'>nihil</span> <span class='ocrx_word' id='word_1_249' title='bbox 1303 2118 1574 2170; x_wconf 87' lang='lat' dir='ltr'>impetratum.</span> <span class='ocrx_word' id='word_1_250' title='bbox 1596 2116 1657 2155; x_wconf 90' lang='lat' dir='ltr'>in-</span> 
     </span>
     <span class='ocr_line' id='line_1_40' title="bbox 370 2173 1656 2227; baseline 0 -13"><span class='ocrx_word' id='word_1_251' title='bbox 370 2175 498 2216; x_wconf 82' lang='lat' dir='ltr'>duciae</span> <span class='ocrx_word' id='word_1_252' title='bbox 539 2188 682 2214; x_wconf 83' lang='lat' dir='ltr'>annuae</span> <span class='ocrx_word' id='word_1_253' title='bbox 725 2175 839 2216; x_wconf 63' lang='lat' dir='ltr'>datae.</span> <span class='ocrx_word' id='word_1_254' title='bbox 873 2173 1113 2227; x_wconf 87' lang='lat' dir='ltr'>stipendium</span> <span class='ocrx_word' id='word_1_255' title='bbox 1149 2175 1341 2214; x_wconf 77' lang='lat' dir='ltr'>exercitui</span> <span class='ocrx_word' id='word_1_256' title='bbox 1382 2175 1571 2215; x_wconf 88' lang='lat' dir='ltr'>Romano</span> <span class='ocrx_word' id='word_1_257' title='bbox 1607 2174 1656 2214; x_wconf 85' lang='lat' dir='ltr'>ab</span> 
     </span>
    </p>
   </div>
   <div class='ocr_carea' id='block_1_13' title="bbox 1542 2231 1655 2272">
    <p class='ocr_par' dir='ltr' id='par_1_14' title="bbox 1542 2231 1655 2272">
     <span class='ocr_line' id='line_1_41' title="bbox 1542 2231 1655 2272; baseline -0.009 0"><span class='ocrx_word' id='word_1_258' title='bbox 1542 2231 1655 2272; x_wconf 89' lang='lat' dir='ltr'>hoste</span> 
     </span>
    </p>
   </div>
   <div class='ocr_carea' id='block_1_14' title="bbox 368 2345 1655 2558">
    <p class='ocr_par' dir='ltr' id='par_1_15' title="bbox 368 2345 1655 2558">
     <span class='ocr_line' id='line_1_42' title="bbox 370 2345 1655 2389; baseline 0 -10"><span class='ocrx_word' id='word_1_259' title='bbox 370 2348 456 2379; x_wconf 66' lang='lat' dir='ltr'>infra</span> <span class='ocrx_word' id='word_1_260' title='bbox 483 2346 680 2379; x_wconf 78' lang='lat' dir='ltr'>mentionem</span> <span class='ocrx_word' id='word_1_261' title='bbox 702 2347 777 2378; x_wconf 82' lang='lat' dir='ltr'>facit</span> <span class='ocrx_word' id='word_1_262' title='bbox 804 2346 927 2383; x_wconf 78' lang='lat' dir='ltr'>Livius,</span> <span class='ocrx_word' id='word_1_263' title='bbox 951 2347 973 2377; x_wconf 89' lang='lat'>1.</span> <span class='ocrx_word' id='word_1_264' title='bbox 1005 2345 1056 2379; x_wconf 83' lang='lat'>26.</span> <span class='ocrx_word' id='word_1_265' title='bbox 1082 2357 1110 2378; x_wconf 88' lang='lat' dir='ltr'>c.</span> <span class='ocrx_word' id='word_1_266' title='bbox 1131 2356 1180 2386; x_wconf 85' lang='lat'>27.</span> <span class='ocrx_word' id='word_1_267' title='bbox 1204 2348 1225 2378; x_wconf 91' lang='lat'>1.</span> <span class='ocrx_word' id='word_1_268' title='bbox 1245 2358 1296 2386; x_wconf 82' lang='lat'>40.</span> <span class='ocrx_word' id='word_1_269' title='bbox 1312 2360 1337 2380; x_wconf 91' lang='lat' dir='ltr'>c.</span> <span class='ocrx_word' id='word_1_270' title='bbox 1353 2358 1406 2387; x_wconf 86' lang='lat'>51.</span> <span class='ocrx_word' id='word_1_271' title='bbox 1453 2348 1532 2389; x_wconf 86' lang='lat'>(10)</span> <span class='ocrx_word' id='word_1_272' title='bbox 1554 2350 1655 2389; x_wconf 87' lang='lat' dir='ltr'>Apud</span> 
     </span>
     <span class='ocr_line' id='line_1_43' title="bbox 371 2391 1653 2435; baseline 0 -12"><span class='ocrx_word' id='word_1_273' title='bbox 371 2396 533 2425; x_wconf 81' lang='lat' dir='ltr'>Romanos</span> <span class='ocrx_word' id='word_1_274' title='bbox 550 2402 680 2433; x_wconf 86' lang='lat' dir='ltr'>quoque</span> <span class='ocrx_word' id='word_1_275' title='bbox 698 2392 758 2422; x_wconf 91' lang='lat' dir='ltr'>hoc</span> <span class='ocrx_word' id='word_1_276' title='bbox 775 2391 906 2422; x_wconf 89' lang='lat' dir='ltr'>nomine</span> <span class='ocrx_word' id='word_1_277' title='bbox 922 2391 1114 2433; x_wconf 82' lang='lat' dir='ltr'>gladiatores</span> <span class='ocrx_word' id='word_1_278' title='bbox 1131 2393 1262 2433; x_wconf 88' lang='lat' dir='ltr'>quidam</span> <span class='ocrx_word' id='word_1_279' title='bbox 1279 2393 1539 2435; x_wconf 76' lang='lat' dir='ltr'>defignabantur.</span> <span class='ocrx_word' id='word_1_280' title='bbox 1569 2395 1653 2424; x_wconf 65' lang='lat' dir='ltr'>Hor„</span> 
     </span>
     <span class='ocr_line' id='line_1_44' title="bbox 368 2435 1655 2479; baseline 0.001 -12"><span class='ocrx_word' id='word_1_281' title='bbox 368 2440 389 2469; x_wconf 84' lang='lat' dir='ltr'>l.</span> <span class='ocrx_word' id='word_1_282' title='bbox 410 2448 437 2470; x_wconf 83' lang='lat'>2.</span> <span class='ocrx_word' id='word_1_283' title='bbox 454 2439 511 2478; x_wconf 89' lang='lat' dir='ltr'>Ep.</span> <span class='ocrx_word' id='word_1_284' title='bbox 531 2446 558 2468; x_wconf 89' lang='lat'>2.</span> <span class='ocrx_word' id='word_1_285' title='bbox 575 2447 603 2466; x_wconf 90' lang='lat' dir='ltr'>v.</span> <span class='ocrx_word' id='word_1_286' title='bbox 623 2437 674 2476; x_wconf 91' lang='lat'>98.</span> <span class='ocrx_word' id='word_1_287' title='bbox 721 2438 824 2467; x_wconf 88' lang='lat' dir='ltr'>Porro</span> <span class='ocrx_word' id='word_1_288' title='bbox 850 2437 939 2477; x_wconf 91' lang='lat' dir='ltr'>quod</span> <span class='ocrx_word' id='word_1_289' title='bbox 966 2435 1018 2467; x_wconf 77' lang='lat' dir='ltr'>hic</span> <span class='ocrx_word' id='word_1_290' title='bbox 1042 2444 1142 2467; x_wconf 80' lang='lat' dir='ltr'>ornatu</span> <span class='ocrx_word' id='word_1_291' title='bbox 1156 2451 1281 2474; x_wconf 80' lang='lat' dir='ltr'>armare,</span> <span class='ocrx_word' id='word_1_292' title='bbox 1303 2438 1398 2479; x_wconf 72' lang='lat' dir='ltr'>supra</span> <span class='ocrx_word' id='word_1_293' title='bbox 1417 2438 1435 2468; x_wconf 90' lang='lat' dir='ltr'>l.</span> <span class='ocrx_word' id='word_1_294' title='bbox 1455 2448 1470 2476; x_wconf 90' lang='lat'>7</span> <span class='ocrx_word' id='word_1_295' title='bbox 1489 2449 1514 2468; x_wconf 93' lang='lat' dir='ltr'>c.</span> <span class='ocrx_word' id='word_1_296' title='bbox 1536 2448 1586 2472; x_wconf 71' lang='lat'>14·</span> <span class='ocrx_word' id='word_1_297' title='bbox 1609 2438 1655 2468; x_wconf 90' lang='lat' dir='ltr'>di-</span> 
     </span>
     <span class='ocr_line' id='line_1_45' title="bbox 368 2482 1655 2524; baseline 0 -11"><span class='ocrx_word' id='word_1_298' title='bbox 368 2482 453 2513; x_wconf 81' lang='lat' dir='ltr'>citur</span> <span class='ocrx_word' id='word_1_299' title='bbox 473 2485 565 2513; x_wconf 81' lang='lat' dir='ltr'>armis</span> <span class='ocrx_word' id='word_1_300' title='bbox 581 2494 693 2512; x_wconf 80' lang='lat' dir='ltr'>ornare.</span> <span class='ocrx_word' id='word_1_301' title='bbox 743 2482 863 2519; x_wconf 82' lang='lat' dir='ltr'>Ornare,</span> <span class='ocrx_word' id='word_1_302' title='bbox 885 2488 999 2511; x_wconf 80' lang='lat' dir='ltr'>ornatus</span> <span class='ocrx_word' id='word_1_303' title='bbox 1019 2482 1049 2512; x_wconf 84' lang='lat'>&amp;</span> <span class='ocrx_word' id='word_1_304' title='bbox 1070 2490 1227 2513; x_wconf 77' lang='lat' dir='ltr'>ornamenta</span> <span class='ocrx_word' id='word_1_305' title='bbox 1246 2483 1286 2513; x_wconf 81' lang='lat' dir='ltr'>de</span> <span class='ocrx_word' id='word_1_306' title='bbox 1302 2483 1398 2513; x_wconf 78' lang='lat' dir='ltr'>armis</span> <span class='ocrx_word' id='word_1_307' title='bbox 1417 2482 1527 2524; x_wconf 80' lang='lat' dir='ltr'>passlm</span> <span class='ocrx_word' id='word_1_308' title='bbox 1544 2482 1655 2514; x_wconf 74' lang='lat' dir='ltr'>dicun=</span> 
     </span>
     <span class='ocr_line' id='line_1_46' title="bbox 368 2535 432 2558; baseline 0 -1"><span class='ocrx_word' id='word_1_309' title='bbox 368 2535 432 2558; x_wconf 82' lang='lat' dir='ltr'>tur.</span> 
     </span>
    </p>
   </div>
   <div class='ocr_carea' id='block_1_15' title="bbox 365 2587 1657 2808">
    <p class='ocr_par' dir='ltr' id='par_1_16' title="bbox 365 2587 1653 2763">
     <span class='ocr_line' id='line_1_47' title="bbox 413 2587 1653 2631; baseline -0.001 -11"><span class='ocrx_word' id='word_1_310' title='bbox 413 2591 449 2621; x_wconf 87' lang='lat' dir='ltr'>C.</span> <span class='ocrx_word' id='word_1_311' title='bbox 465 2598 517 2626; x_wconf 85' lang='lat'>41.</span> <span class='ocrx_word' id='word_1_312' title='bbox 542 2588 596 2630; x_wconf 79' lang='grc' dir='ltr'>(Ι)</span> <span class='ocrx_word' id='word_1_313' title='bbox 612 2587 746 2626; x_wconf 68' lang='lat' dir='ltr'>incolas,</span> <span class='ocrx_word' id='word_1_314' title='bbox 761 2598 888 2631; x_wconf 84' lang='lat' dir='ltr'>nempe,</span> <span class='ocrx_word' id='word_1_315' title='bbox 899 2588 966 2630; x_wconf 82' lang='lat' dir='ltr'>ejus</span> <span class='ocrx_word' id='word_1_316' title='bbox 982 2588 1081 2621; x_wconf 85' lang='lat' dir='ltr'>urbis.</span> <span class='ocrx_word' id='word_1_317' title='bbox 1096 2589 1163 2621; x_wconf 83' lang='lat' dir='ltr'>vid.</span> <span class='ocrx_word' id='word_1_318' title='bbox 1179 2589 1276 2631; x_wconf 69' lang='lat' dir='ltr'>supra</span> <span class='ocrx_word' id='word_1_319' title='bbox 1292 2598 1358 2622; x_wconf 90' lang='lat' dir='ltr'>not.</span> <span class='ocrx_word' id='word_1_320' title='bbox 1375 2600 1401 2621; x_wconf 93' lang='lat'>1.</span> <span class='ocrx_word' id='word_1_321' title='bbox 1421 2591 1461 2621; x_wconf 89' lang='lat' dir='ltr'>ad</span> <span class='ocrx_word' id='word_1_322' title='bbox 1478 2601 1502 2622; x_wconf 88' lang='lat' dir='ltr'>c.</span> <span class='ocrx_word' id='word_1_323' title='bbox 1525 2600 1577 2622; x_wconf 90' lang='lat'>11.</span> <span class='ocrx_word' id='word_1_324' title='bbox 1590 2590 1609 2620; x_wconf 88' lang='lat' dir='ltr'>l.</span> <span class='ocrx_word' id='word_1_325' title='bbox 1625 2589 1653 2620; x_wconf 82' lang='grc'>8..</span> 
     </span>
     <span class='ocr_line' id='line_1_48' title="bbox 368 2633 1653 2676; baseline -0.001 -12"><span class='ocrx_word' id='word_1_326' title='bbox 368 2634 429 2670; x_wconf 89' lang='lat' dir='ltr'>Est,</span> <span class='ocrx_word' id='word_1_327' title='bbox 451 2641 560 2665; x_wconf 88' lang='lat' dir='ltr'>autem</span> <span class='ocrx_word' id='word_1_328' title='bbox 577 2635 704 2663; x_wconf 47' lang='lat' dir='ltr'>Mra-cria</span> <span class='ocrx_word' id='word_1_329' title='bbox 720 2633 753 2664; x_wconf 90' lang='lat' dir='ltr'>in</span> <span class='ocrx_word' id='word_1_330' title='bbox 772 2633 959 2675; x_wconf 65' lang='lat' dir='ltr'>Campania,</span> <span class='ocrx_word' id='word_1_331' title='bbox 984 2644 1101 2665; x_wconf 81' lang='lat' dir='ltr'>novem</span> <span class='ocrx_word' id='word_1_332' title='bbox 1115 2634 1214 2665; x_wconf 84' lang='lat' dir='ltr'>millia</span> <span class='ocrx_word' id='word_1_333' title='bbox 1233 2634 1379 2676; x_wconf 76' lang='lat' dir='ltr'>passuum</span> <span class='ocrx_word' id='word_1_334' title='bbox 1396 2635 1512 2666; x_wconf 84' lang='lat' dir='ltr'>distans</span> <span class='ocrx_word' id='word_1_335' title='bbox 1528 2646 1546 2665; x_wconf 89' lang='lat' dir='ltr'>a</span> <span class='ocrx_word' id='word_1_336' title='bbox 1562 2633 1653 2669; x_wconf 84' lang='lat' dir='ltr'>mari,</span> 
     </span>
     <span class='ocr_line' id='line_1_49' title="bbox 366 2676 1653 2721; baseline 0 -12"><span class='ocrx_word' id='word_1_337' title='bbox 366 2679 501 2710; x_wconf 65' lang='lat' dir='ltr'>attekore</span> <span class='ocrx_word' id='word_1_338' title='bbox 517 2676 624 2708; x_wconf 83' lang='lat' dir='ltr'>Plinio</span> <span class='ocrx_word' id='word_1_339' title='bbox 646 2678 671 2709; x_wconf 88' lang='lat' dir='ltr'>l.</span> <span class='ocrx_word' id='word_1_340' title='bbox 689 2687 718 2717; x_wconf 85' lang='lat'>3.</span> <span class='ocrx_word' id='word_1_341' title='bbox 734 2689 760 2709; x_wconf 89' lang='lat' dir='ltr'>c.</span> <span class='ocrx_word' id='word_1_342' title='bbox 781 2688 810 2716; x_wconf 81' lang='lat'>5.</span> <span class='ocrx_word' id='word_1_343' title='bbox 835 2678 890 2719; x_wconf 88' lang='lat' dir='ltr'>qui</span> <span class='ocrx_word' id='word_1_344' title='bbox 917 2678 1013 2709; x_wconf 79' lang='lat' dir='ltr'>etiam</span> <span class='ocrx_word' id='word_1_345' title='bbox 1038 2680 1078 2709; x_wconf 87' lang='lat' dir='ltr'>de</span> <span class='ocrx_word' id='word_1_346' title='bbox 1101 2679 1279 2709; x_wconf 71' lang='lat' dir='ltr'>Alfaternis</span> <span class='ocrx_word' id='word_1_347' title='bbox 1305 2679 1433 2721; x_wconf 82' lang='lat' dir='ltr'>populis</span> <span class='ocrx_word' id='word_1_348' title='bbox 1456 2679 1653 2711; x_wconf 87' lang='lat' dir='ltr'>mentionem</span> 
     </span>
     <span class='ocr_line' id='line_1_50' title="bbox 365 2722 1260 2763; baseline 0.001 -10"><span class='ocrx_word' id='word_1_349' title='bbox 365 2722 455 2755; x_wconf 77' lang='lat' dir='ltr'>facit.</span> <span class='ocrx_word' id='word_1_350' title='bbox 501 2723 556 2763; x_wconf 83' lang='lat'>(2)</span> <span class='ocrx_word' id='word_1_351' title='bbox 581 2722 630 2753; x_wconf 81' lang='lat' dir='ltr'>Sic</span> <span class='ocrx_word' id='word_1_352' title='bbox 646 2735 737 2762; x_wconf 61' lang='lat' dir='ltr'>cogere</span> <span class='ocrx_word' id='word_1_353' title='bbox 752 2725 780 2752; x_wconf 77' lang='lat' dir='ltr'>in</span> <span class='ocrx_word' id='word_1_354' title='bbox 797 2725 953 2754; x_wconf 52' lang='lat' dir='ltr'>(aditionem</span> <span class='ocrx_word' id='word_1_355' title='bbox 972 2723 1056 2753; x_wconf 55' lang='lat' dir='ltr'>infra}</span> <span class='ocrx_word' id='word_1_356' title='bbox 1074 2724 1092 2752; x_wconf 82' lang='lat' dir='ltr'>l.</span> <span class='ocrx_word' id='word_1_357' title='bbox 1115 2734 1165 2761; x_wconf 73' lang='lat'>43.</span> <span class='ocrx_word' id='word_1_358' title='bbox 1185 2734 1210 2754; x_wconf 79' lang='lat' dir='ltr'>c.</span> <span class='ocrx_word' id='word_1_359' title='bbox 1233 2733 1260 2755; x_wconf 84' lang='lat'>1.</span> 
     </span>
    </p>

    <p class='ocr_par' dir='ltr' id='par_1_17' title="bbox 1501 2767 1657 2808">
     <span class='ocr_line' id='line_1_51' title="bbox 1501 2767 1657 2808; baseline 0 -11"><span class='ocrx_word' id='word_1_360' title='bbox 1501 2768 1556 2808; x_wconf 73' lang='lat'>(3)</span> <span class='ocrx_word' id='word_1_361' title='bbox 1580 2767 1657 2798; x_wconf 66' lang='lat' dir='ltr'>Vid.</span> 
     </span>
    </p>
   </div>
  </div>
 </body>
</html>
