1832 3137
410 258 786 300 LIBERI.
847 260 1027 302 CAP.
1087 262 1183 302 VH.

151 370 215 425 gia
237 369 398 410 ferrent.
430 383 520 422 quae
541 368 609 409 ubi
630 369 765 409 omnia
786 368 892 418 foras
912 370 1020 410 versa
1045 372 1158 423 vidit,
1189 384 1261 412 nec
1279 372 1319 412 in
1348 387 1436 425 par-

151 438 234 468 tem
255 427 371 467 aliam
393 425 511 476 ferre,
542 426 732 466 confusus
754 437 871 479 atque
889 427 1063 468 incertus
1095 430 1232 481 animi,
1271 444 1319 470 ex
1347 432 1436 470 loco

150 485 293 525 infesto
315 487 376 538 (3)
397 498 512 538 agere
538 498 657 537 porro
688 494 914 524 armentum
949 487 1115 540 occepit.
1176 488 1272 527 Inde
1309 502 1435 540 quum

151 543 253 583 2&ae
272 541 393 581 boves
414 541 599 594 quaedam
615 542 665 581 ad
686 541 921 581 desiderium
945 545 1021 597 (4),
1055 554 1098 582 ut
1115 544 1174 596 fit,
1205 545 1436 585 rclffitarurn

151 600 376 654 mugiffent,
407 599 560 638 reddita
581 598 822 639 inclusarum
839 613 886 638 ex
903 599 1088 652 spelunca
1104 602 1227 641 boum
1241 617 1317 642 vox
1331 603 1436 642 Her-

150 659 282 697 culem
319 657 526 696 convertit.
559 671 680 709 quem
721 670 848 709 quum
884 657 1094 697 vadentem
1126 661 1175 699 ad
1208 659 1435 712 speluncam

150 714 282 755 Cacus
307 715 345 753 vi
378 713 587 768 prohibere
609 724 778 754 conatus
798 714 919 763 effet3
950 715 1056 755 ictus
1078 717 1200 765 clava,
1232 716 1351 757 fidem
1375 720 1436 771 (5)

149 772 352 826 pastorum
373 772 642 825 nequicquam
664 772 870 823 invocans,
901 783 1029 812 morte
1045 774 1246 813 occubuit.
1307 775 1436 814 Evan-

149 831 219 870 der
252 839 339 869 tum
375 844 434 878 ea,
477 829 673 884 profugus
705 843 753 869 ex
785 830 1074 883 Peloponneso,
1116 832 1352 872 auctoritate
1375 834 1435 886 (6)

149 887 277 942 magis
299 885 421 941 quam
443 887 625 941 imperio,
656 886 818 941 regebat
845 888 955 928 loca:
985 889 1218 929 venerabilis
1239 889 1297 929 vir
1319 890 1436 929 mira-

151 946 245 984 culo
269 945 474 984 literarum
496 947 558 998 (7)
578 945 635 984 rei
656 959 769 984 novae
798 943 901 984 inter
920 946 1038 986 rudes
1060 947 1205 986 artium
1226 947 1434 995 homines,

149 1002 411 1042 venerabilior
427 1002 632 1042 divinitate
646 1002 796 1044 credita
816 1002 1043 1043 Carmentae
1057 1006 1117 1058 (8)
1131 1005 1285 1054 matris,
1316 1019 1437 1057 quam

149 1059 402 1114 fatiloquam,
435 1069 528 1099 ante
561 1060 724 1115 Sibyllae
756 1059 796 1098 in
830 1060 986 1099 Italiam
1022 1062 1255 1112 adventum,
1286 1063 1438 1101 miratae

149 1117 214 1157 hae
243 1127 381 1172 gentes
403 1117 576 1157 fuerant.
637 1119 676 1158 Is
697 1127 785 1156 tum
799 1117 997 1167 Evander,
1019 1119 1220 1159 concursu
1232 1119 1438 1173 pastorum

149 1175 436 1229 trepidantium
458 1175 562 1215 circa
591 1176 785 1215 advenam
806 1175 1026 1216 manifestae
1053 1191 1167 1216 reum
1189 1177 1307 1217 caedis
1334 1177 1439 1217 exci-

150 1244 230 1282 tus,
262 1232 472 1286 postquam
494 1233 650 1273 facinus
684 1233 947 1286 facinorisque
981 1233 1139 1274 causam
1175 1234 1338 1283 audivit,
1370 1234 1440 1273 ha-

148 1289 280 1330 bitum
302 1289 556 1344 formamque
577 1291 650 1330 viri
686 1289 936 1344 aliquantum
973 1292 1205 1344 ampliorem
1240 1291 1440 1346 augustio-

150 1361 316 1402 remque
340 1347 518 1388 humana
545 1349 720 1398 intuens,
751 1349 911 1403 rogitat,
944 1350 1011 1402 qui
1032 1349 1091 1388 vir
1108 1348 1229 1389 effet?
1261 1349 1347 1389 Ubi
1369 1363 1440 1388 no-

150 1420 245 1445 men
266 1415 501 1459 patremque
523 1421 568 1446 ac
591 1406 759 1459 patriam
781 1407 933 1459 accepit
951 1423 962 1454 3
997 1407 1097 1463 Jove
1117 1417 1213 1455 nate,
1245 1407 1439 1455 Hercules,

139 1464 264 1517 fidele,
296 1463 442 1516 inquit,
470 1472 505 1503 te
535 1464 626 1503 mihi
650 1473 768 1502 mater
787 1464 948 1503 veridica
977 1465 1152 1517 interpres
1169 1465 1296 1503 Deam
1313 1468 1441 1503 auc'Ju-

153 1537 238 1560 rum
265 1520 450 1576 coelfstium
487 1536 678 1560 numerum
713 1523 838 1560 cecinit
853 1539 865 1560 :
896 1522 1028 1575 tibique
1057 1537 1163 1560 aram
1198 1522 1261 1561 hfc
1280 1522 1439 1561 dicatum

151 1580 217 1628 iri,
248 1594 358 1632 quam
386 1577 639 1632 opulentffma
655 1579 736 1617 olim
759 1581 820 1631 (9)
842 1580 879 1616 in
896 1581 1007 1617 terris
1030 1595 1119 1632 gens
1141 1579 1359 1618 llffaximam
1377 1594 1439 1617 vo-

151 1645 219 1685 cet,
249 1645 376 1689 tuoque
411 1637 490 1674 ritu
519 1636 620 1674 colat.
682 1635 836 1675 Dextra
858 1635 1056 1675 Hercules
1088 1637 1191 1687 data,
1221 1639 1378 1689 accipere
1395 1637 1440 1700 se

151 1708 251 1732 omen
271 1693 692 1748 impleturumquefata,
713 1695 787 1732 ard
809 1695 899 1747 (10)
919 1694 1063 1733 condita?
1083 1703 1191 1747 atque
1211 1694 1392 1742 dicata,a
1395 1694 1437 1732 i.t

152 1750 213 1790 Ibi
229 1760 317 1790 tum
339 1749 518 1804 primum
537 1750 638 1789 bove
652 1750 797 1789 eximia
818 1753 855 1804 (1
872 1753 909 1804 1)
931 1752 1042 1804 capta
1066 1752 1114 1790 de
1131 1765 1267 1805 grege,
1285 1751 1439 1791 sacrum

151 1809 337 1858 Herculi,
368 1807 554 1848 adhibitis
576 1809 625 1847 ad
646 1807 909 1848 ministerium
928 1810 1150 1861 dapemque
1173 1809 1327 1849 Potitiis
1350 1812 1440 1863 (12)

153 1880 198 1906 ac
219 1866 406 1917 Pinariis,
438 1881 528 1919 quae
542 1875 629 1905 tum
651 1865 813 1905 familiae
834 1864 1006 1905 maxime
1029 1867 1174 1906 inclitae
1195 1880 1240 1905 ea
1262 1868 1347 1905 loca
1381 1867 1441 1905 in-

153 1924 351 1973 colebant,
382 1923 551 1964 feritum.
612 1921 731 1963 Forte
747 1924 799 1963 ita
820 1924 968 1974 evenit,
990 1933 1033 1963 ut
1055 1924 1190 1964 Potitii
1212 1925 1261 1962 ad
1282 1933 1440 1977 tempus

153 1978 296 2035 praesto
325 1981 461 2031 essent,
505 1981 628 2034 iisque
662 1991 752 2020 exta
784 1991 1108 2034 apponerentur3
1141 1981 1304 2032 Pinarii,
1340 1982 1440 2020 extis

1303 2040 1439 2088 adesis,

154 2155 208 2187 ara
222 2155 367 2187 Maxima
383 2157 574 2187 referentem
586 2156 740 2193 fabulam,
761 2155 876 2186 omiffis
891 2156 986 2186 rebus
997 2155 1132 2186 maxime
1148 2155 1441 2186 neceffariis-—latis

152 2202 192 2232 sc.
215 2201 256 2232 ab
276 2201 417 2232 Romulo
438 2201 560 2242 legibus
579 2202 636 2232 &c.
681 2201 735 2241 (3)
757 2202 873 2244 Itfistus
895 2200 1012 2231 dicitur
1033 2200 1087 2240 qui
1100 2200 1195 2231 alicui
1217 2201 1336 2231 malum
1348 2203 1442 2241 infert.

153 2246 208 2287 (4)
224 2246 286 2278 vid.
299 2253 365 2276 not.
381 2256 429 2283 14.
439 2248 528 2286 praef.
573 2246 627 2287 (5)
650 2248 728 2276 Fides
742 2256 976 2286 nonnunquam
987 2252 1078 2276 notat
1092 2247 1235 2275 favorem
1247 2246 1278 2275 ὃ(
1290 2245 1442 2275 auxilium

153 2291 219 2331 ejus
243 2291 284 2321 ad
305 2301 401 2331 quem
414 2290 623 2332 confugimus.
668 2291 743 2321 Ter.
758 2291 821 2320 Ad.
847 2300 874 2329 3.
892 2301 919 2327 4.
945 2300 996 2328 43.
1041 2290 1096 2330 (6)
1120 2292 1294 2320 AuHm-itate
1309 2292 1442 2330 suadendi

154 2338 252 2377 magis,
274 2343 309 2366 ut
327 2335 470 2376 loquitur
482 2335 625 2372 Tacitus,
646 2337 726 2376 qudm
733 2336 846 2376 jubendi
855 2336 992 2377 potestate.
1036 2336 1050 2375 (
1057 2336 1090 2374 ⁷)
1114 2335 1255 2375 Intellige
1276 2335 1357 2375 ipsas
1373 2334 1442 2365 lite-

156 2391 265 2410 iarum
287 2388 387 2410 notas.
434 2381 521 2411 Idem
544 2388 655 2411 narrat
667 2379 800 2411 Tacitus
824 2383 1052 2416 Ann.11.14.
1099 2362 1392 2421 Aborigiiinesffllmle
1407 2380 1442 2409 ab

155 2426 292 2456 Evandro
328 2424 507 2469 [literarum
533 2426 665 2467 formas]
689 2428 847 2454 didicerunt.
902 2424 958 2466 (8)
992 2425 1111 2454 Eadem
1139 2425 1240 2454 Nico?
1237 2432 1316 2454 [rata
1347 2423 1442 2454 etiam

155 2470 251 2500 dicta.
295 2470 351 2511 (9)
377 2470 447 2499 Olim
464 2471 504 2500 de
520 2478 664 2511 tempore
675 2472 797 2506 futuro,
819 2480 908 2510 aeque
921 2480 957 2500 ac
970 2469 1144 2510 praetctitO,
1159 2469 1191 2499 di
1194 2468 1285 2499 citur
1302 2479 1330 2498 x
1323 2468 1354 2499 id
1368 2470 1443 2499 AEn.

159 2524 185 2544 1.
209 2524 281 2555 293.
328 2513 483 2557 Qine‘til.
502 2524 551 2545 10.
577 2524 603 2545 1.
616 2517 650 2546 E.
695 2514 772 2556 (10)
795 2514 858 2545 vid.
880 2513 964 2544 infra
992 2514 1011 2544 l.
1025 2524 1053 2554 9
1076 2524 1100 2544 c.
1119 2523 1167 2552 34.
1188 2513 1253 2550 ubi,
1274 2515 1384 2554 hocsuz
1386 2527 1434 2542 nm¹

155 2559 233 2591 dicit
246 2558 369 2596 Livius,
382 2560 605 2601 antiqugffimum,
629 2562 762 2600 &solum
776 2559 815 2590 ab
838 2559 906 2600 ipso
927 2558 978 2589 cui
998 2558 1032 2589 fit
1050 2558 1229 2589 institutum
1243 2559 1445 2599 Deo.-Jovi

155 2607 292 2635 iwventori
305 2604 386 2635 hanc
408 2614 496 2634 aram
508 2604 549 2635 ab
565 2605 706 2635 Hercule
730 2603 869 2635 dicatam
880 2603 970 2634 fuifl'e
993 2603 1092 2634 tradit
1108 2602 1305 2644 Propertius,
1327 2602 1398 2632 Lib.
1416 2613 1443 2639 4.

157 2649 202 2679 El.
217 2659 244 2690 9.
256 2648 307 2687 67.
351 2648 428 2689 (11)
450 2650 524 2679 Vox
533 2649 696 2680 sacrorum
711 2648 853 2690 propria.
898 2650 1018 2678 Eximiae
1038 2650 1123 2691 hffliae
1139 2655 1219 2678 erant
1237 2661 1294 2688 quae
1309 2649 1444 2688 adsacri-

143 2696 245 2735 ficium
268 2695 400 2736 destinatae
425 2693 646 2724 eximebantur
667 2708 680 2724 e
698 2707 789 2735 grege.
836 2693 983 2724 Macrob.
1007 2693 1025 2723 l.
1040 2703 1066 2731 3.
1098 2694 1222 2723 Saturn.
1253 2703 1278 2723 c.
1294 2702 1323 2730 5.
1367 2691 1444 2731 (12)

160 2741 272 2770 fertur
300 2741 417 2770 Potitius
431 2737 504 2775 dici,
526 2739 613 2779 quod
626 2750 739 2771 eorum
751 2739 865 2770 aud'tor
887 2737 989 2780 epulis
1002 2737 1202 2779 &crispulis-u.-
1219 2737 1273 2769 fit:
1301 2739 1445 2772 Raurica,

1358 2781 1445 2821 quod

1454 884 1587 917 Evander
1597 887 1657 916 Ar-

1453 945 1506 962 cas-

1457 1690 1523 1721 Ara
1540 1691 1647 1720 filaxi-

1457 1749 1511 1765 ma.
