1853 3158
410 240 689 283 LIBER
751 237 824 278 IX.
885 237 1066 278 CAP.
1127 239 1235 281 XLI.

184 354 294 396 hoste
311 356 351 396 in
377 371 469 397 eum
491 368 641 395 annum
663 353 845 408 pensum,
878 355 917 394 δε
940 352 1043 394 binae
1065 356 1211 395 tunicae
1232 355 1272 394 in
1294 356 1463 396 militem

183 414 348 454 exafiiae.
370 429 416 454 ea
431 427 582 453 merces
603 412 855 451 induciarum
877 411 967 452 fuit.
1025 413 1280 466 Tranquillas
1302 428 1362 453 res
1377 415 1462 468 jam

181 469 357 511 Etruscis
380 474 439 525 (3)
460 469 631 510 turbavit
648 469 854 522 repentina
872 469 1045 509 defectio
1063 471 1334 523 Umbrorum,
1365 486 1462 525 gen-

182 528 231 568 tis
251 528 413 582 integrae
435 543 454 567 a
476 527 654 567 cladibus
674 526 782 576 belli,
811 527 880 565 nifi
902 524 1011 580 quod
1034 528 1239 567 transitum
1261 528 1460 569 exercitus

179 599 274 638 ager
295 585 472 625 senseiat.
536 585 584 634 Ii,
606 583 804 625 concitata
819 586 930 623 omni
947 586 1156 639 juventute
1178 585 1258 636 sua,
1291 589 1330 626 δι’
1349 590 1466 641 mag->

181 656 232 682 na
251 652 360 696 parte
391 642 650 682 Etruscorum
679 643 728 681 ad
761 640 1017 681 rebellionem
1049 643 1268 695 compulsa,
1298 653 1465 692 tantum

180 700 398 740 exercitum
419 700 613 750 fecerant,
646 709 703 748 ut,
734 698 875 738 relicto
902 699 988 751 post
1002 698 1073 738 se
1064 714 1103 738 m
1125 700 1283 739 Etruria
1310 700 1456 749 Decio,

178 758 229 797 ad
249 759 560 822 oppugnandam
580 758 672 797 inde
695 757 870 796 Romam
903 756 1043 804 ituros,
1075 757 1287 811 magnifice
1317 759 1365 798 de
1403 759 1455 806 se,

170 828 222 865 vac
244 816 506 869 contemptim
523 816 571 854 de
589 815 784 855 Romanis
806 815 1028 866 loquentes,
1056 813 1267 866 jactarent.
1331 815 1456 872 Qod

177 872 384 926 inceptum
403 887 544 913 eorum
566 872 634 912 ubi
664 873 712 911 ad
732 870 907 911 Decium
935 869 1138 909 consulem
1166 873 1361 936 perlatum
1384 872 1456 921 est,

175 930 226 969 ad
246 929 386 969 urbem
414 945 462 970 ex
489 930 647 970 Etruria
668 929 821 994 magnis
843 925 1050 967 itineribus
1072 928 1214 981 pergit,
1247 929 1312 967 &
1304 943 1343 967 in
1362 944 1455 983 agro

174 986 402 1041 Pupiniensi
424 989 473 1027 ad
494 987 642 1027 famam
663 993 687 1038 †
711 986 887 1025 intentus
914 984 1089 1024 hostium
1115 984 1304 1024 consedit.
1366 986 1453 1026 Nec

175 1043 321 1084 Romae
353 1044 607 1098 spernebatur
639 1042 893 1084 Umbrorum
923 1042 1098 1082 bellum:
1134 1045 1170 1081 &
1209 1042 1299 1095 ipsae
1334 1043 1453 1084 minae

172 1111 327 1141 metum
353 1101 531 1142 fecerant
559 1102 730 1156 expertis
753 1116 774 1140 a
795 1100 951 1141 Gallica
978 1100 1104 1149 clade,
1135 1099 1257 1152 quam
1280 1100 1453 1140 intutam

173 1158 315 1199 urbem
347 1159 581 1200 incolerent.
643 1159 784 1211 Itaque
818 1158 936 1212 legati
969 1158 1017 1196 ad
1049 1156 1218 1197 Fabium
1250 1157 1453 1197 consulem

171 1215 271 1255 miffi
292 1216 396 1266 sunt,
428 1227 488 1269 ut,
511 1217 536 1256 fi
563 1216 659 1270 quid
680 1216 895 1256 laxamenti
915 1230 936 1254 3
956 1214 1060 1254 bello
1081 1214 1323 1254 Samnitium
1345 1217 1454 1267 effer,

170 1272 213 1312 in
234 1271 451 1314 Umbriam
483 1288 649 1328 propere
677 1274 896 1314 exercitum
927 1273 1103 1312 duceret.
1163 1272 1290 1313 Dieto
1322 1275 1454 1326 paruit

171 1330 326 1382 consul,
359 1332 590 1386 magnisque
612 1331 817 1371 itineribus
839 1332 888 1372 ad
908 1330 1155 1380 Mevaniam,
1187 1329 1255 1369 ubi
1280 1339 1367 1369 tum
1388 1346 1455 1371 co-

170 1388 246 1441 piae
266 1388 521 1430 Umbrorum
542 1399 670 1439 erant,
701 1389 885 1443 perrexit.
947 1387 1113 1441 Repens
1146 1388 1337 1428 adventus
1359 1403 1455 1428 con-

172 1445 282 1497 sulis,
314 1461 435 1500 quem
456 1448 595 1501 procul
616 1447 818 1487 Umbria
810 1461 851 1485 m
871 1445 1034 1485 Samnio
1063 1444 1166 1485 bello
1184 1445 1260 1485 alio
1283 1460 1455 1499 occupa-

1476 1488 1577 1517 Contra
1593 1488 1660 1519 Um=

173 1512 260 1542 tum
282 1505 546 1554 crediderant,
577 1505 630 1545 ita
662 1504 853 1544 exterruit
885 1502 1084 1552 Umbros,
1116 1512 1160 1541 ut
1182 1503 1246 1541 alii
1268 1505 1454 1544 receden-
1472 1534 1498 1562 b
1501 1545 1543 1561 ω.

171 1561 270 1599 dum
292 1562 340 1601 ad
361 1562 481 1601 urbes
500 1563 689 1611 munitas,
720 1562 882 1614 quidam
905 1561 1172 1602 omittendum
1193 1560 1343 1599 bellum
1362 1575 1454 1601 cen-

170 1616 310 1658 serent.
371 1621 433 1672 (4)
468 1619 589 1673 Plaga
622 1634 700 1658 una
738 1619 997 1672 (Materinam
1033 1618 1100 1671 ips1
1135 1619 1351 1672 appellant)
1372 1633 1454 1659 non

169 1675 369 1715 continuit
390 1675 512 1715 modo
535 1686 687 1717 ceteros
708 1677 748 1715 in
770 1676 904 1727 armis,
937 1675 1002 1714 sed
1032 1674 1241 1714 confestim
1264 1676 1311 1714 ad
1329 1686 1454 1715 certa-

169 1744 264 1771 men
283 1733 377 1787 egit.
410 1733 534 1773 castra
564 1735 777 1773 vallantem
812 1733 979 1773 Fabium
1013 1733 1139 1775 adorti
1171 1732 1273 1771 sunt.
1336 1734 1452 1790 Qos

169 1789 238 1828 ubi
255 1790 399 1830 effusos
414 1805 528 1830 ruere
551 1791 592 1830 in
608 1792 858 1830 munimenta
875 1790 1012 1830 consul
1028 1790 1140 1838 vidit,
1157 1801 1360 1830 revocatos
1378 1793 1452 1830 mi-

169 1846 258 1887 lites
279 1847 330 1887 ob
357 1862 494 1902 opere,
526 1858 644 1902 prout
676 1850 752 1888 loci
783 1859 923 1888 natura
946 1847 1181 1900 tempusque
1213 1848 1451 1901 patiebatur,

166 1903 222 1943 ita
260 1904 466 1946 instruxit:
498 1906 805 1959 cohortatusque
842 1906 1122 1959 praedicatione
1165 1906 1255 1944 vera
1290 1905 1370 1958 qua
1411 1906 1451 1944 in

167 1961 328 2012 Tuscis,
360 1962 440 2016 quil
460 1963 500 2002 in
525 1963 690 2004 Samnio
712 1974 918 2016 partorum
939 1964 1145 2010 decorum,
1177 1963 1363 2016 exiguam
1385 1979 1453 2018 ap-

167 2019 380 2072 pendicem
400 2020 554 2060 Etrusci
586 2020 679 2060 belli
713 2020 911 2060 conficere
938 2020 1076 2075 jubet:
1111 2022 1150 2060 ὃῑ
1179 2021 1286 2059 vocis
1318 2021 1449 2074 impiae

168 2091 310 2129 poenas
330 2089 530 2130 expetere,
563 2080 642 2130 qua
663 2078 699 2117 se
722 2078 861 2117 urbem
889 2078 1120 2117 Romanam
1148 2090 1450 2132 oppugnaturos

168 2133 310 2174 minati
338 2135 438 2175 sunt.
501 2135 603 2176 Haec
629 2137 738 2175 tanta
767 2135 856 2174 sunt
887 2135 1086 2174 alacritate
1105 2134 1279 2173 militum
1299 2136 1451 2189 audita,

169 2200 214 2229 ut
244 2193 408 2240 clamor,
440 2192 506 2232 sua
539 2192 676 2246 sponte
712 2203 837 2241 ortus,
876 2194 1108 2245 loquentem
1143 2192 1450 2246 interpellaverit

167 2248 326 2287 ducem.
358 2258 449 2288 ante
472 2250 686 2302 imperium
708 2250 851 2289 deinde
873 2260 1071 2289 concentu
1087 2249 1275 2288 tubarum
1298 2265 1342 2290 ac
1363 2265 1449 2290 cor-

168 2319 296 2344 nuum
317 2306 433 2345 cursu
450 2307 574 2346 effuso
593 2307 634 2346 in
654 2308 809 2347 hostem
830 2308 1026 2346 feruntur
1086 2307 1183 2346 Non
1194 2316 1391 2393 ¹tanquam
1408 2309 1449 2352 in

168 2361 273 2401 viros
290 2373 357 2402 aut
374 2373 544 2403 armatos
567 2364 800 2404 incurrunt.
832 2365 1042 2417 (mirabilia
1063 2363 1200 2403 dictu!
1209 2368 1221 2417 )
1245 2365 1350 2418 signa
1371 2365 1449 2418 pri-2

170 2417 238 2458 mo
261 2420 359 2473 eripi
381 2430 513 2474 coepta
535 2421 754 2476 signiferi&
788 2423 930 2461 deinde
961 2422 1028 2474 ipsi
1065 2420 1237 2474 signiferi
1268 2422 1370 2461 trahi
1402 2423 1451 2464 ad

166 2476 386 2527 consulem,
417 2479 638 2531 armatique
660 2480 805 2519 milites
822 2492 869 2518 ex
893 2479 975 2518 acie
1001 2478 1043 2517 in
1071 2478 1196 2517 aciem
1226 2479 1444 2519 transfeiri

1242 2539 1298 2584 δί,
1330 2536 1450 2577 sicubi

166 2650 222 2690 (3)
245 2650 318 2682 Vid.
348 2654 363 2690 ἦ
391 2654 483 2682 οἰιέίςιί
508 2653 576 2691 syl-15.
623 2652 677 2691 (4)
702 2652 724 2682 Ii
742 2651 796 2692 qui
815 2663 831 2681 e
849 2651 950 2692 plaga,
972 2651 990 2682 i.
1007 2662 1032 2682 e.
1053 2652 1159 2682 trac‘tu
1185 2650 1247 2681 five
1264 2654 1357 2691 parte
1374 2653 1439 2683 Um

169 2695 257 2734 hriae,
279 2706 376 2737 quam
393 2696 450 2737 {pst
468 2697 665 2727 Materjnam
683 2697 899 2736 appellabant,
924 2704 1090 2733 venerant.
1139 2696 1260 2727 Eodem
1280 2695 1378 2725 modo
1394 2706 1450 2725 ηο-

1365 2748 1450 2769 mina
