1853 3158
151 293 232 338 292

160 1443 226 1474 Lex
241 1443 273 1471 le
288 1441 349 1473 albo

159 1489 189 1517 in
211 1487 352 1529 vgstt'men-

157 1538 215 1561 tum
231 1544 282 1562 non
297 1534 347 1562 ad-

159 1578 252 1609 dendo.

839 278 892 325 T.
953 281 1213 326 LIVII

376 398 564 446 eandem,
587 398 600 450 (
607 399 648 451 5)
671 398 750 451 qua
770 396 934 438 Fidenae
956 400 1098 440 deletae
1121 399 1211 451 lint,
1232 397 1445 438 imminere
1466 395 1584 454 Vejis
1604 398 1690 442 for:

378 464 535 494 tunam.
598 455 767 494 Interim
804 455 953 496 Romae
985 457 1188 510 principes
1221 456 1365 510 plebis,
1393 457 1480 511 jam
1512 456 1585 498 diu
1616 471 1688 498 ne-

380 512 602 565 quicquam
626 514 687 566 (6)
709 512 968 554 imminentes
990 514 1072 567 spei
1094 514 1258 569 majoris
1279 513 1464 564 honoris,
1497 515 1559 568 (7)
1591 515 1692 555 dum

380 569 481 609 foris
516 569 647 609 otium
681 570 790 619 effer,
822 580 955 611 coetus
989 571 1165 611 indicere
1187 571 1229 611 in
1263 572 1407 611 domos
1429 570 1692 612 tribunorum

381 626 526 680 plebei.
561 626 617 666 ibi
643 626 793 667 secreta
824 628 985 668 confilia
1019 628 1198 684 agitare:
1228 629 1360 682 queri,
1378 629 1423 683 β’
1443 629 1582 682 aplebe
1600 627 1693 669 adeb

368 684 530 738 spretos,
563 692 619 733 ut,
651 700 764 738 quum
787 695 857 738 per
874 694 924 724 tot
944 701 1058 725 annos
1089 687 1232 725 tribuni
1252 687 1413 726 rnilitum
1432 687 1613 740 consulari
1625 697 1693 739 po-

381 741 504 795 tssate
523 751 709 792 creentur,
748 743 842 781 nulli
863 758 1026 796 unquam
1052 744 1186 795 plebeio
1205 743 1257 782 ad
1274 758 1356 782 eum
1378 743 1545 783 honorem
1565 744 1693 783 aditus

367 797 512 855 fieerit.
536 801 598 853 (8)
619 801 776 839 multum
801 801 999 856 providff’
1016 801 1106 854 ficos
1136 802 1307 854 majores,
1339 802 1403 854 qui
1428 802 1616 850 caverint,
1649 816 1694 840 ne

382 857 444 895 cui
452 858 613 910 patricio
632 858 762 910 plebeii
783 857 1021 912 maggstratus
1032 866 1207 910 paterent
1219 880 1233 904 ,·
1259 860 1321 911 (9)
1342 866 1410 897 aut
1421 860 1603 910 patricios
1622 857 1693 898 ha-

382 913 509 953 bendos
527 914 644 969 fug'ffl’
663 916 828 954 tribunos
853 916 981 968 plebei.
1011 913 1097 954 ade&
1117 916 1162 969 se
1168 916 1254 969 suis
1274 917 1384 954 etiam
1393 915 1560 969 Jbrdere,
1573 947 1577 949 -
1591 930 1654 955 nec
1669 930 1695 955 a

373 971 475 1024 plebe
505 971 643 1021 minits,
673 972 787 1026 quhm
809 989 832 1011 a
853 973 1037 1012 Patribus
1058 974 1247 1013 contemni.
1311 972 1396 1011 Alii
1414 986 1587 1027 purgare
1608 973 1696 1026 ple-

380 1027 490 1077 bem,
522 1030 685 1083 culpam
721 1030 762 1069 in
783 1030 924 1070 Patres
958 1039 1139 1070 vertere:
1169 1045 1292 1069 eorum
1311 1031 1504 1069 ambitione
1535 1030 1697 1084 artibus·

381 1086 570 1140 quefieri,
602 1096 644 1125 ut
665 1088 758 1140 (10)
779 1088 953 1141 obseptum
980 1087 1079 1140 plebi
1094 1087 1151 1141 stt
1169 1087 1221 1126 ad
1237 1087 1404 1126 honorem
1437 1089 1521 1127 iter.
1535 1087 1580 1141 si
1597 1088 1697 1141 plebi

382 1144 546 1197 respira}
547 1158 564 1182 e
583 1145 628 1183 ab
650 1159 772 1183 eorum
805 1146 932 1183 mixtis
944 1146 1116 1197 precibus
1137 1145 1312 1199 minisque
1346 1145 1469 1196 liceat,
1502 1159 1638 1183 mamm
1639 1160 1695 1184 em

381 1202 627 1255 eamficorum
649 1201 1034 1257 initumnzfiffragia
1055 1202 1130 1256 cffi’,
1155 1202 1208 1243 ὅς’
1228 1205 1266 1255 (1
1283 1204 1320 1255 1)
1334 1211 1446 1254 parto
1465 1202 1638 1241 auxilio
1624 1217 1697 1240 zm-

374 1259 525 1312 perium
557 1274 695 1312 quoque
726 1259 964 1312 aclsclturam.
1039 1259 1192 1309 Placet,
1235 1260 1426 1299 tollendae
1462 1259 1698 1300 ambltlonis

382 1329 505 1355 causa
525 1315 710 1356 tribunos
746 1317 878 1370 legem
900 1316 1174 1370 promulgare,
1205 1330 1256 1356 ne
1290 1317 1356 1357 cui
1379 1319 1470 1370 (12)
1493 1316 1662 1357 album'
1652 1330 1696 1357 m

381 1372 670 1413 vestimentum
686 1374 832 1413 addere
855 1373 1061 1427 petitionis
1083 1373 1223 1413 liceret
1240 1375 1373 1414 causa.
1434 1373 1563 1413 Parva
1584 1387 1696 1414 nunc

383 1443 462 1480 res,
497 1433 538 1471 δε
573 1430 638 1470 vix
662 1428 764 1470 serio
799 1431 954 1485 agenda
975 1430 1103 1469 videri
1130 1431 1260 1483 possit‚
1292 1445 1385 1483 quae
1417 1439 1516 1470 tunc
1539 1430 1697 1486 ingenti

385 1488 608 1528 certamine
629 1488 769 1528 Patres
792 1503 836 1528 ac
855 1487 1016 1541 plebem
1038 1487 1236 1528 accendit.
1298 1487 1449 1527 Vicere
1466 1496 1604 1527 tamen
1625 1488 1700 1528 tri-

384 1544 499 1596 buni,
521 1555 567 1585 ut
584 1546 715 1599 legem
733 1545 985 1599 perferrent:
1017 1545 1333 1598 apparebatque,
1356 1544 1520 1586 irritatis
1536 1545 1700 1594 animis,

384 1603 545 1657 plebem
580 1604 629 1643 ad
651 1602 742 1642 suos
765 1605 857 1656 (13)
880 1602 1009 1642 studia
1046 1603 1346 1643 inclinaturam.
1369 1616 1463 1655 quae
1489 1616 1540 1642 ne
1572 1602 1699 1643 libera

383 1662 522 1710 client,
555 1660 945 1700 senatusconsultum
976 1659 1134 1701 fastum
1170 1660 1243 1711 est,
1289 1670 1335 1700 ut
1367 1659 1593 1708 consularia
1628 1672 1699 1701 co'-

384 1718 499 1759 mitia
519 1718 780 1759 haberentur.

383 1837 514 1865 cultores.
561 1835 616 1876 (5)
642 1834 717 1865 Vld.
734 1832 832 1876 supra
849 1845 877 1864 c.
898 1843 953 1865 22.
999 1833 1055 1874 (6)
1082 1833 1131 1865 Slc
1145 1833 1242 1875 supra
1259 1834 1282 1865 l.
1301 1844 1329 1874 3.
1345 1845 1371 1865 c.
1389 1843 1442 1873 51.
1467 1835 1658 1875 imminetffqu:
1673 1836 1700 1864 εὲ

379 1881 517 1923 perflati.
535 1880 566 1910 δε
586 1879 705 1910 infral.
724 1879 752 1910 8
772 1890 797 1910 c.
815 1888 866 1910 22.
887 1880 1034 1920 (ismioni
1051 1881 1147 1920 Camp
1148 1893 1176 1908 m
1179 1892 1256 1909 orum
1272 1880 1552 1919 in1n21'1mtes.(7)
1575 1881 1701 1920 Legen-

385 1926 466 1955 dum
493 1924 624 1956 Vldetur
641 1924 694 1955 Vel
720 1926 867 1964 dun'tforts
884 1927 966 1953 otium
972 1925 1026 1976 est,
1049 1924 1099 1954 vel
1116 1937 1151 1964 qu
1154 1926 1242 1964 tmf
1246 1937 1286 1954 tls
1303 1927 1385 1954 otium
1397 1925 1466 1966 (ffit.
1513 1923 1587 1954 de.
1600 1922 1700 1964 supra¹

385 1977 454 2000 not.
472 1969 503 2000 8.
517 1970 558 2000 ad
571 1980 597 2000 c.
616 1979 666 2008 32.
684 1969 705 1998 l.
722 1978 754 2000 2.
794 1968 850 2008 (8)
876 1966 985 1999 Multa
1004 1979 1043 2009 pr
1029 1967 1178 1999 udentia
1195 1967 1377 2008 praevidiss‘e
1394 1970 1514 1999 f.utura
1554 1969 1609 2009 (9)
1626 1970 1700 2005 Aut,

386 2024 448 2053 pro
466 2014 631 2054 alioquin:
659 2021 693 2044 ut
711 2015 779 2044 fere
797 2013 883 2043 infra
900 2014 919 2043 l.
937 2022 989 2050 42.
1006 2023 1032 2043 c.
1054 2022 1106 2049 42.
1153 2015 1259 2043 Porro
1274 2012 1390 2043 Livius
1410 2013 1512 2053 legem
1528 2019 1700 2050 memorat,

384 2057 472 2088 infrii
489 2059 508 2088 l.
530 2068 581 2097 27.
610 2069 641 2089 c.
659 2068 710 2090 21.
728 2058 759 2087 ὃς
785 2058 804 2087 l.
831 2067 882 2096 30.
899 2069 924 2088 c.
944 2068 997 2098 19.
1023 2057 1086 2098 quir
1103 2065 1235 2088 cautum
1253 2057 1315 2088 fuit
1333 2068 1373 2087 ne
1390 2057 1473 2097 quis,
1496 2058 1586 2098 cujus
1604 2064 1699 2098 pater

385 2103 491 2133 curuli
509 2102 696 2145 magistratu
719 2103 851 2133 functus
868 2102 975 2133 adhuc
997 2102 1151 2142 superstes
1168 2101 1254 2138 esset,
1280 2103 1321 2135 ad
1338 2102 1544 2132 tribunatum
1559 2100 1698 2132 aedilita-

385 2155 493 2179 temve
506 2147 608 2189 plebis
625 2147 864 2178 admitteretur.
898 2150 1056 2178 Attamen
1068 2147 1149 2177 duos
1160 2145 1314 2188 patricios
1331 2146 1576 2186 consularesque
1593 2146 1698 2176 1⁶21&oe

385 2192 536 2224 tribunos
548 2192 653 2234 plebei
666 2191 761 2233 supra
779 2191 972 2222 memoravit
990 2191 1104 2222 Livius
1122 2192 1140 2221 1.
1160 2201 1188 2230 3.
1205 2201 1231 2221 c.
1250 2193 1303 2229 65.
1327 2191 1395 2232 [An
1411 2190 1511 2231 igitur
1522 2190 1699 2221 dicendum

385 2236 481 2276 fiquis
498 2249 515 2268 e
532 2236 676 2278 patriciis
692 2236 877 2278 magistratu
907 2236 1034 2277 plebeio
1051 2238 1252 2277 fungeretur,
1286 2246 1361 2266 eum
1389 2235 1504 2266 exinde
1533 2234 1699 2275 plebeium

385 2281 453 2312 fieri
467 2283 477 2313 ?
493 2283 567 2313 Huc
579 2282 701 2324 spediat
716 2282 805 2322 quod
818 2282 859 2312 dc
872 2281 1024 2312 Minucio
1037 2288 1207 2312 narratum
1219 2279 1262 2311 est
1273 2279 1370 2321 supra
1383 2291 1413 2311 c.
1430 2279 1480 2311 16.
1493 2279 1546 2321 E.]
1560 2280 1638 2320 (10)
1648 2279 1699 2311 Sic

383 2326 470 2357 insti
486 2327 507 2357 l.
533 2337 561 2367 9.
588 2338 613 2358 c.
639 2336 692 2365 34.
713 2328 790 2368 plebi
806 2329 845 2355 ad
856 2328 961 2356 curules
977 2327 1154 2368 magssratzts
1178 2328 1232 2355 iter
1247 2326 1367 2367 obfipstt.
1416 2325 1493 2366 (11)
1518 2326 1618 2355 Parto
1631 2324 1699 2365 jam

383 2371 562 2402 tribunicio
587 2374 694 2401 auxilio
711 2370 906 2401 adscituram
929 2381 1060 2411 quoque
1076 2373 1235 2412 imperium,
1254 2370 1342 2409 quod
1360 2369 1535 2410 proprium
1556 2376 1625 2400 erat
1643 2379 1701 2410 pa-

383 2416 555 2448 triciorum
572 2415 826 2458 magistratuum,
848 2414 1034 2446 consulatus
1058 2425 1188 2456 nempe,
1211 2415 1242 2444 &c
1256 2413 1405 2445 militaris
1422 2413 1609 2445 tribunatus
1622 2424 1700 2444 con-

383 2461 481 2491 sulari
508 2461 673 2503 potestate.
721 2459 796 2490 Vid
818 2461 915 2500 supra
940 2468 1007 2491 not.
1036 2469 1063 2491 2.
1080 2461 1133 2490 ad.
1150 2471 1176 2490 c
1207 2468 1257 2498 30.
1274 2459 1293 2488 l.
1318 2468 1346 2498 3.
1394 2459 1474 2500 (12)
1490 2458 1702 2489 Intendendae

383 2506 543 2537 albedinis
570 2516 665 2537 causa
681 2512 803 2535 cretam
820 2504 853 2534 in
876 2512 985 2546 togam
1001 2505 1130 2535 addere.
1175 2505 1302 2545 Togam
1319 2503 1426 2534 albam
1443 2502 1583 2533 Romani
1599 2503 1702 2543 vulgo

383 2550 557 2590 gestabant.
602 2553 650 2581 At
667 2549 724 2590 qui
736 2549 890 2590 petebant
919 2548 1060 2590 aliquem
1072 2547 1332 2590 magistratum,
1326 2548 1347 2578 ιί
1361 2556 1469 2589 togam
1486 2546 1573 2578 creta
1589 2545 1704 2578 addita

383 2597 588 2632 candentem,
610 2595 664 2626 seu
677 2594 878 2635 splendidam
895 2594 1093 2629 reddebant:
1128 2602 1227 2634 atque
1249 2593 1324 2624 hinc
1342 2592 1534 2623 dicebantur
1551 2593 1701 2623 candidzti.

385 2639 474 2671 Hlnc
491 2640 589 2671 etiam
601 2647 707 2670 cretata
724 2640 845 2669 ambitio.
890 2639 974 2670 Pers.
992 2640 1055 2669 Sat.
1071 2649 1105 2677 5.
1117 2650 1148 2668 V.
1171 2649 1184 2668 1
1195 2647 1244 2676 77
1291 2640 1395 2670 Porro
1408 2639 1492 2667 adder
1493 2639 1543 2667 ein
1560 2636 1702 2678 vstimen—

382 2691 450 2721 tum,
473 2695 534 2725 pro
552 2685 672 2716 addere
699 2683 909 2715 vestimento:
936 2692 972 2714 ut
990 2683 1135 2714 Sallust.
1127 2695 1161 2714 m
1180 2682 1275 2715 CatiL
1294 2693 1319 2712 c.
1338 2691 1391 2720 51
1409 2682 1581 2722 quamobrem
1599 2681 1701 2719 inseri·

383 2732 498 2760 :entiam
510 2742 560 2762 ηωι
572 2730 708 2773 addidssi.
755 2729 835 2771 (13)
850 2728 925 2761 Vid.
942 2736 1013 2761 not.
1033 2737 1065 2769 3
1083 2729 1134 2761 ad
1152 2739 1177 2760 c
1199 2737 1227 2769 9.
1245 2727 1303 2766 sup
1307 2729 1351 2756 ra-

1279 2737 1440 2812 {QXVL
1473 2767 1703 2811 Tumultus
