1905 3168
214 305 278 339 xiv
582 303 681 337 '1‘1'1'1
717 303 843 337 LIVII
880 303 1030 337 Limen
1065 302 1162 337 ΧΗ.

214 418 352 459 posset,
381 417 415 446 ct
443 411 471 445 si
497 422 573 457 qua
599 410 743 445 occasio
773 410 896 455 detur,
924 410 1094 444 incautos
1119 423 1185 457 per
1211 416 1358 457 tempus
1385 409 1534 457 adgres-

215 478 359 500 surum.
419 465 500 511 Ipse
521 476 607 498 cum
629 476 696 498 suo
717 464 887 498 exercitu
910 463 1121 498 Ilibcrones
1142 471 1178 497 ct
1200 464 1431 497 Autulcones
1452 476 1536 511 pro-

214 518 320 565 gredi
341 518 485 561 statuit,
503 530 525 551 a
545 516 684 564 quibus
702 517 858 562 qratiam
878 517 1085 564 querebatur
1103 517 1295 564 zbqfiunem,
1318 529 1402 551 cum
1425 530 1538 564 nuper

214 577 528 619 oppugnarentur
559 569 827 606 Celtiberormn
852 570 966 605 urbes
993 570 1232 618 iinploratmn
1252 583 1330 605 esse
1358 583 1466 617 opem
1494 573 1536 605 αὑ

213 625 367 670 ῘΙΙείείίο,
388 624 596 671 missosque
617 623 683 671 qui
707 623 845 659 itinera
868 623 1052 659 exercitui
1072 623 1242 658 Romano
1270 632 1535 659 monstrarent.

218 678 336 721 Quam
356 678 555 725 perfidiam
576 678 689 712 «ultum
715 677 765 713 ire
789 677 922 713 volebat
950 678 1139 716 Sertorius,
1164 683 1202 710 uf
1229 677 1361 721 z'nszssnz'
1386 678 1537 724 exemplo

213 739 404 768 ceterorum
421 731 535 778 fidem
562 731 733 766 retineret.
790 730 818 766 I
817 731 880 766 llos·
899 742 977 765 cnm
994 742 1062 776 pro
1081 729 1220 776 flaffl'tz'z'
1234 731 1408 775 ssi—avitare
1427 732 1535 766 inulc-

213 791 327 830 tas-set,
349 786 462 821 variis
489 783 703 820 distrahitur
731 784 837 830 caris,
867 783 1053 831 czmbz'fflcus
1081 795 1236 830 quonam
1262 783 1385 819 bellum
1411 790 1534 830 vertat,

213 845 331 874 utrum
349 838 448 885 fidos
475 838 651 874 Romanis
671 837 826 884 populos
853 837 1016 883 incurset,
1038 836 1316 871 maritimanme
1347 850 1462 882 oram,
1494 845 1536 872 ut

212 892 425 940 Ponpeium
445 893 493 928 ab
518 891 728 927 Ilercaonia
756 897 793 926 et
815 890 1059 926 Contestania
1086 897 1223 935 arceat,
1249 898 1411 938 utraque
1437 891 1536 926 socia

213 953 338 994 gente,
360 958 408 981 an
430 946 478 981 ad
498 944 697 980 Metellum
719 950 756 979 et
776 944 1012 980 Lusitaniam
1034 957 1070 979 se
1092 951 1301 979 convertat.

268 999 377 1035 HAEC
400 1012 527 1035 secum
547 998 694 1046 agitans
715 997 906 1033 Sertorius
925 1004 1075 1045 praeter
1096 997 1284 1032 Hiberum
1305 1010 1454 1033 amnem
1468 1010 1535 1045 per

212 1059 367 1101 pacatos
405 1065 515 1100 agros
553 1051 725 1099 quietum
756 1051 967 1086 exercitum
1008 1051 1086 1086 sine
1121 1050 1237 1086 ullius
1271 1063 1373 1086 noxa
1407 1051 1531 1087 duxit.

213 1106 412 1142 Profectus
432 1106 520 1142 inde
540 1105 579 1140 in
600 1105 840 1140 Bursaonum
865 1110 902 1139 et
930 1104 1249 1139 Casuantinorum
1274 1111 1311 1139 et
1333 1104 1532 1140 Graccuri-

212 1167 390 1195 tanorum
410 1160 517 1203 fines,
538 1158 718 1194 evastatis
737 1158 914 1193 omnibus
934 1158 1238 1205 proculcatisque
1259 1158 1463 1205 segetibus,
1485 1159 1533 1193 acl

214 1213 433 1261 Calagurim
466 1212 643 1248 Nasicam
673 1211 860 1247 sociorum
888 1212 1023 1247 urbem
1053 1211 1169 1256 venit,
1200 1217 1532 1259 transgressusque

212 1279 363 1302 amnem
383 1266 640 1314 propinquum
655 1265 754 1311 urbi,
769 1271 883 1313 ponte
902 1265 1014 1310 facto,
1037 1271 1160 1300 castra
1180 1264 1316 1311 posuit.
1375 1264 1532 1300 Postero

213 1320 273 1356 dic
302 1320 355 1355 M.
384 1320 550 1354 Masium
576 1325 816 1366 quaestorem
839 1319 877 1353 in
906 1318 1077 1353 Arvacos
1106 1324 1142 1353 et
1172 1317 1403 1353 Cerindones
1429 1319 1532 1353 misit

213 1374 261 1409 ad
281 1372 573 1409 conscribendos
594 1384 642 1407 ex
668 1372 713 1407 iis
740 1371 919 1418 gentibus
940 1371 1090 1415 milites,
1114 1371 1428 1419 frumentumque
1449 1371 1537 1407 inde

214 1427 472 1473 Contrebiam,
501 1438 592 1474 quae
611 1425 789 1461 Leucada
810 1424 1025 1472 appellatur
1051 1424 1366 1472 conportandum,
1387 1432 1538 1473 praeter

213 1493 329 1529 quam
362 1481 498 1516 urbem
529 1478 872 1527 opportunissimus
902 1490 950 1513 ex
982 1478 1197 1513 Beronibus
1231 1478 1415 1513 transitus
1442 1484 1535 1525 erat,

213 1535 253 1570 in
284 1546 565 1582 quamcumque
598 1532 791 1580 regionem
826 1531 963 1567 ducere
998 1531 1209 1567 exercitum
1245 1532 1460 1575 statuisset3
1501 1539 1539 1567 et

215 1588 256 1624 C.
278 1588 465 1623 Instelum
486 1586 722 1635 praefectum
749 1585 923 1633 equitum
949 1585 1151 1633 Segoviam
1175 1590 1213 1620 et
1239 1585 1278 1620 in
1302 1585 1538 1620 Vacreorum

214 1650 368 1690 gentem
405 1640 454 1676 ad
484 1640 657 1688 equitum
690 1639 1003 1687 conquisitionem
1042 1639 1156 1685 misit,
1187 1638 1413 1686 jussumque
1451 1651 1538 1674 cum

215 1695 409 1743 equitibus
425 1693 652 1729 Contrebiae
673 1705 752 1728 sese
772 1692 947 1740 opperiri.
989 1691 1163 1727 Dimissis
1178 1692 1234 1736 iis,
1252 1692 1330 1740 ipse
1347 1692 1538 1739 profectus
1586 1706 1589 1708 ·

214 1762 282 1797 per
311 1748 530 1784 Umeonum
561 1759 707 1794 agrum,
740 1745 854 1781 ducto
885 1746 1057 1781 exercitu
1086 1745 1126 1780 in
1157 1745 1319 1781 confinio
1347 1745 1538 1781 Vironum

215 1802 343 1851 posuit
376 1808 512 1838 castra.
569 1800 726 1835 Postero
761 1799 821 1835 die
859 1812 945 1834 cum
984 1799 1176 1847 equitibus
1214 1811 1457 1847 praegressus
1490 1799 1539 1834 ad

215 1856 352 1892 itinera
383 1854 629 1903 exploranda,
658 1854 765 1901 jusso
796 1852 923 1901 pedite
955 1852 1140 1900 quadrato
1174 1853 1325 1900 agmine
1356 1853 1461 1901 sequi
1491 1853 1539 1888 ad

215 1910 396 1945 Vareiam
434 1908 707 1944 validissimam
745 1907 908 1954 regionis
947 1907 1028 1953 ejus
1066 1907 1201 1941 urbem
1236 1906 1352 1942 veuit.
1421 1906 1539 1941 Haud

182 1996 188 2003 ,
216 1962 502 2011 inopinantibus
525 1961 715 1998 Vareicmz's
733 1960 951 2006 advenerat,
973 1959 1141 2008 undique
1169 1960 1361 2007 equitibus
1386 1966 1422 1996 et
1450 1973 1538 1996 suae

216 2017 338 2065 gentis
358 2022 395 2053 et
416 2015 685 2063 Autricyonum
705 2015 840 2051 accitis.

699 2101 874 2152 [Caetera
898 2100 1057 2150 desunt]

550 2283 719 2305 EDITORIS
742 2283 1000 2305 DUBLINIENSIS
1024 2283 1205 2305 MONITUM.

260 2352 469 2383 No'rANDUM
493 2354 543 2382 est
565 2351 605 2382 cl.
630 2349 825 2382 Brotierium
849 2351 947 2381 modo
963 2350 1096 2390 duplice
1116 2350 1256 2381 edidisse
1278 2349 1420 2390 hujusce
1436 2349 1541 2388 Frag-

217 2396 324 2426 menti
339 2399 484 2433 textum,
499 2394 686 2434 antiquiore
708 2403 753 2425 sc.
775 2394 810 2424 in
834 2393 939 2424 literis
959 2393 1152 2433 majusculis
1174 2403 1232 2423 seu
1254 2393 1450 2431 uncialibus,
1471 2393 1541 2423 sine

218 2438 287 2469 ulla
309 2438 486 2469 verborum
510 2437 735 2475 distinctione,
751 2440 849 2476 prout
865 2437 899 2466 in
922 2436 1043 2468 Codice
1063 2437 1136 2476 ipso
1151 2436 1318 2467 Vaticano
1333 2435 1483 2473 exstitit3
1508 2440 1542 2467 et

218 2481 400 2512 recentiore
423 2481 458 2511 in
482 2490 572 2511 more
596 2485 754 2511 consueto
778 2479 937 2510 librorum
953 2480 1199 2519 impressorum.
1245 2479 1298 2509 Ex
1321 2478 1373 2508 his
1395 2479 1485 2509 inter
1508 2488 1542 2509 se

218 2524 347 2555 collatis
370 2523 508 2563 hujusce
528 2523 684 2554 editionis
706 2527 819 2553 textus
842 2522 1024 2553 conficitur.
1071 2522 1264 2553 Memoratu
1286 2523 1385 2552 etiam
1403 2521 1540 2560 dignum

218 2572 268 2598 est
284 2567 532 2598 emendationes
546 2567 705 2605 quasdam
722 2576 742 2596 a
758 2566 957 2605 nuperrimis
973 2566 1154 2598 editoribus
1173 2569 1335 2605 recept-as,
1351 2563 1540 2605 jamjudum

218 2620 238 2641 a
255 2610 294 2643 G.
313 2611 477 2642 Brotierio
493 2609 610 2641 saltem
625 2609 820 2648 indigitatas
834 2608 946 2640 fuisse.
