1853 3158
169 287 249 329 290
856 266 1226 316 T-LIVII

394 400 518 440 quam
554 400 641 427 rem
678 386 809 441 ipsum
846 386 1000 442 ingenti
1031 389 1168 429 animo
1205 387 1332 429 tuliss‘e
1355 386 1508 437 ferunt,
1538 388 1698 431 causam

394 443 531 498 potius
553 444 790 498 ignominiae
812 444 1054 495 intuentem,
1076 446 1200 499 quam
1222 446 1516 501 ignominiam3
1539 448 1600 500 (9)
1618 448 1699 500 pri-

394 516 530 542 mores
570 503 754 550 Patruin,
806 516 1040 554 quanquam
1080 503 1337 544 deminutum
1380 505 1470 557 (10)
1520 503 1701 543 censurae

390 560 460 614 jus
500 559 730 608 noluiss'ent,
780 560 966 614 exemplo
1007 560 1236 601 acerbitatis
1274 559 1464 602 censoriae
1503 559 1702 600 offensos:

1422 620 1435 671 (
1448 631 1461 657 1
1477 631 1489 657 1
1502 620 1515 672 )
1547 617 1700 672 quippe

396 736 441 764 h‘e.
467 747 517 764 non
539 735 588 777 cſj‘e
604 738 631 765 in
647 736 708 766 albo
735 737 930 778 centurt'aesuae
943 751 952 772 ;
968 739 1024 777 sed
1036 739 1075 767 ad
1086 737 1133 767 hoc
1149 736 1196 780 ff
1211 737 1299 767 civem
1314 743 1420 767 tantum
1437 743 1468 766 ut
1480 743 1533 778 pro
1555 734 1706 777 capitesuo

397 781 494 809 tributi
509 784 614 811 nomine
629 794 687 810 aera
699 784 838 822 penderet.
887 784 933 812 At
948 782 1022 812 teste
1036 781 1156 818 nostro,
1178 781 1197 811 l.
1216 790 1267 821 39.
1283 792 1308 811 c.
1328 789 1382 818 27.
1428 781 1479 811 Μ.
1495 778 1609 811 Livius
1629 788 1703 809 cen-

397 823 460 861 sor,
483 832 602 866 praeter
620 825 773 856 Maeciarn
790 825 923 861 tribum,
942 828 1076 867 populum
1093 827 1248 855 Romanum
1265 837 1376 862 omnem,
1398 832 1512 865 quatuor
1528 825 1567 856 &³
1582 825 1705 865 triginta

396 870 499 905 tribus,
520 872 634 900 aerarios
646 872 772 910 reliquit.
819 869 901 912 Qis
918 877 1027 900 autem
1042 869 1171 910 putabit
1189 879 1318 900 omnem
1335 869 1495 910 populum
1508 870 1706 904 Romanum,

398 921 518 956 praeter
536 924 634 944 unam
651 914 786 951 tribum,
808 922 879 945 tum
899 915 972 956 jure
988 913 1109 945 civium
1123 913 1270 956 privari?
1294 912 1585 945 Drakenborchius
1602 911 1705 943 existi-

400 966 468 989 mat
481 968 534 989 eos
551 958 682 989 aerarios
695 957 759 989 dici
774 972 888 999 quorum
903 960 992 999 cetgsus
1006 967 1091 1000 poenae
1106 961 1211 989 mmine
1232 959 1482 1000 multisvlicabatur.
1528 957 1600 994 Sed,
1623 966 1705 997 prae·

399 1010 489 1033 terea
505 1003 595 1043 quod
611 1002 725 1033 Livius
743 1002 933 1033 relationem
950 1002 1036 1034 inter
1047 1002 1178 1034 aerarios
1202 1013 1277 1034 cum
1293 1001 1566 1043 multiplicatione
1592 1000 1705 1032 census

397 1046 515 1089 jungit,
538 1057 610 1086 quae
629 1047 769 1088 proinde
787 1058 853 1077 non
866 1047 998 1088 prorsus
1023 1048 1135 1078 eadem
1164 1046 1255 1078 fuiffe
1283 1047 1457 1084 videntur3
1481 1047 1549 1077 haec
1574 1055 1707 1087 quoque

399 1090 558 1122 sententia
575 1091 663 1122 haud
676 1090 796 1122 minori
814 1093 880 1122 fere
898 1091 1058 1132 premitur
1074 1092 1276 1128 difficultate,
1299 1091 1397 1131 quam
1414 1090 1469 1122 illa
1482 1101 1554 1131 quae
1571 1089 1705 1121 Asconii

399 1135 533 1166 nomine
550 1135 684 1166 nititur:
711 1135 862 1176 idemque
890 1135 953 1166 dici
971 1135 1074 1176 potest
1101 1137 1141 1167 de
1158 1135 1314 1167 sententia
1338 1135 1502 1167 Dodwelli
1529 1135 1706 1176 (Append.

400 1180 552 1211 Praelee't.
568 1181 671 1210 Acad.
693 1190 727 1221 p.
757 1180 846 1219 712.)
867 1189 984 1220 nempe
1001 1183 1133 1211 aerarium
1149 1179 1307 1222 appellari
1336 1179 1391 1221 qui
1410 1182 1538 1210 mulft'am
1555 1178 1707 1215 subierat,

399 1225 491 1264 quod
507 1227 607 1255 cerarii
624 1224 762 1266 proinde
775 1223 904 1254 debitor
922 1224 1004 1261 fuit3
1019 1225 1072 1255 vel
1084 1224 1183 1255 etiam
1199 1225 1290 1265 quod
1305 1235 1373 1256 non
1390 1225 1430 1256 ad
1447 1225 1587 1256 honores
1603 1223 1706 1255 valuit

399 1267 514 1300 censfis
542 1269 597 1300 illa
623 1268 865 1309 multiplicatio,
887 1269 941 1299 sed
969 1269 1009 1299 ad
1036 1279 1136 1300 onera
1160 1270 1299 1306 tantum,
1321 1280 1357 1300 ac
1374 1269 1513 1311 proinde
1529 1269 1563 1299 in
1581 1268 1708 1300 tributo

399 1314 560 1344 duntaxat
576 1318 678 1344 Δενιινὶο
696 1313 866 1344 inferendo
883 1312 965 1344 tanti
983 1313 1095 1344 censfis
1111 1313 1166 1345 ille
1183 1313 1373 1345 habebatur.
1420 1315 1535 1354 Neque
1551 1314 1638 1344 enim
1654 1323 1711 1344 ve-

398 1355 531 1389 risimile
553 1358 683 1389 videtur
706 1358 863 1388 mulctam
883 1357 917 1387 in
934 1365 1077 1397 quatuor
1098 1359 1129 1388 δι
1143 1354 1276 1399 triginta
1292 1357 1396 1389 tribus
1409 1357 1591 1399 impositam
1607 1356 1711 1393 fuisse,

400 1406 457 1434 aut
474 1413 587 1434 earum
603 1402 751 1434 omnium
772 1402 902 1433 censum
919 1402 1182 1443 multiplicatum.
1230 1402 1298 1433 Ubi
1321 1410 1371 1433 tot
1387 1401 1451 1432 viri
1467 1401 1557 1433 docti
1574 1402 1711 1440 haerent,

400 1458 469 1478 non
483 1455 603 1479 temere
620 1447 796 1488 quicquam
812 1446 1033 1488 pronunciare
1049 1446 1159 1478 aufim.
1203 1449 1362 1477 Attamen
1378 1446 1497 1488 opinor
1513 1446 1646 1477 Livium
1661 1446 1711 1487 ip·-

401 1491 472 1523 sum
489 1493 583 1534 hujus
600 1491 753 1523 vocabuli
769 1492 847 1528 vim,
863 1491 896 1522 in
914 1491 987 1522 loco
1004 1492 1100 1532 supra
1112 1492 1221 1526 allato,
1235 1490 1310 1521 satis
1322 1490 1474 1522 indicare.
1520 1491 1596 1532 Ejus
1609 1491 1712 1522 verba

402 1539 653 1579 perpendamus,
677 1537 700 1567 l.
720 1545 769 1576 29.
783 1548 808 1567 c.
823 1545 879 1576 37.
925 1537 1019 1567 Exitu
1034 1538 1160 1577 censum,
1182 1536 1340 1577 quarm-,G
1360 1537 1489 1566 Claudius
1515 1539 1543 1566 in
1560 1535 1712 1567 aerarium

403 1583 562 1625 eficndfflt,
577 1584 650 1612 inter
663 1585 767 1611 nomina
781 1594 871 1611 eorum
883 1593 947 1621 qnos
958 1580 1089 1611 aerarios
1103 1583 1226 1622 reliquit,
1239 1582 1312 1611 dedit
1327 1582 1430 1622 collegae
1446 1593 1548 1611 nomen.
1595 1581 1714 1611 Nonne

403 1625 481 1657 hinc
507 1626 640 1657 videtur
666 1636 790 1656 morem
807 1625 899 1656 fuisse
917 1624 1112 1661 censoribus,
1135 1624 1321 1666 magistratu
1346 1624 1494 1661 abituris,
1516 1624 1549 1656 in
1578 1627 1713 1655 aerarium

403 1671 527 1705 venire,
551 1670 662 1711 ibique
678 1670 811 1701 nomina
828 1680 943 1701 eorum
959 1670 1061 1700 relata
1077 1669 1110 1699 in
1125 1670 1251 1700 tabulas
1268 1669 1463 1709 relinquere,
1477 1680 1559 1710 quos
1574 1668 1714 1710 ‚ignomi-

404 1715 458 1745 nia
474 1724 590 1746 notare
606 1715 774 1752 volebant,
795 1723 893 1755 atque
911 1714 981 1750 hos,
1003 1725 1041 1745 ex
1060 1714 1133 1745 loco
1154 1713 1210 1744 ubi
1227 1713 1471 1744 asservabantur
1487 1714 1618 1751 tabulae,
1640 1726 1714 1744 κενα-

403 1763 458 1790 rios
477 1759 657 1801 appellari?
684 1761 789 1790 Deinde
819 1761 873 1789 M.
899 1761 1004 1789 Livius
1022 1762 1049 1788 in
1067 1758 1220 1789 aerarium
1244 1762 1345 1793 φθήῃ·
1376 1760 1414 1790 ἱξῗ
1435 1765 1545 1800 praeter
1573 1760 1713 1789 Maeciam

402 1807 674 1846 tribum-..populum
690 1806 844 1834 Roma-mm
855 1817 970 1839 omnem,
992 1811 1111 1845 quatuor
1126 1805 1165 1835 εἶ’
1179 1805 1300 1845 trigInttz
1316 1803 1416 1840 tribus,
1431 1802 1561 1834 aerarios
1577 1806 1689 1845 reliquit
1701 1818 1712 1837 ,-

403 1851 473 1890 quid
499 1853 537 1881 {5
553 1853 714 1879 innocentes-,s
732 1851 766 1889 sc
794 1849 1012 1890 condcmnqffbnt,
1038 1849 1076 1879 δ’
1090 1850 1292 1878 condemnatum
1308 1849 1437 1888 cotfiaelem
1457 1849 1495 1878 Εἴ
1517 1850 1645 1888 cetfforem
1662 1850 1715 1889 fe-

404 1895 516 1936 Csfffflt:
543 1908 622 1935 neque
645 1894 766 1935 isfficl'ari
787 1894 901 1935 j'ff'lt⁵
922 1901 969 1923 aut
976 1895 1080 1934 judicio
1091 1895 1189 1933 semes,
1210 1900 1260 1923 aut
1276 1895 1392 1923 comitiis
1419 1893 1459 1922 bis
1475 1893 1511 1922 ab
1527 1894 1562 1932 sc
1572 1900 1717 1934 peccatum

405 1939 462 1980 {ffi-
508 1941 555 1969 At
578 1938 700 1969 etiamsi
716 1938 854 1969 comitiis
871 1938 920 1968 bis
938 1938 978 1968 ab
1003 1937 1033 1969 se
1049 1946 1220 1979 peccatum
1243 1936 1304 1968 effe
1320 1938 1513 1974 faterentur,
1535 1947 1577 1967 an
1594 1937 1636 1967 ob
1653 1937 1716 1968 hue

403 1982 544 2025 jusmodi
562 1994 707 2014 errorem
733 1983 856 2013 mulcta
873 1982 1045 2013 indicenda
1066 1982 1175 2013 foret?
1201 1983 1277 2012 Non
1294 1982 1412 2018 credo;
1435 1981 1489 2012 sed
1517 1980 1634 2013 harum
1656 1981 1716 2012 tri-

408 2028 511 2060 buum
540 2027 673 2058 nomina
705 2035 842 2068 propter
873 2026 1039 2058 levitatem
1067 2034 1165 2067 atque
1190 2025 1439 2057 inconstantiam
1471 2024 1561 2057 fuisse
1589 2034 1713 2058 notata.

383 2073 614 2104 ‘Confirmant
643 2071 742 2103 etiam
767 2072 850 2102 hanc
879 2071 1071 2103 sententiam
1096 2071 1198 2102 verba
1223 2070 1408 2112 sequentia:
1434 2074 1506 2101 inter
1533 2079 1648 2112 quatuor
1676 2073 1715 2103 Εἴ

406 2121 525 2159 triginta
541 2119 630 2148 tribas
646 2126 671 2148 et
687 2119 720 2148 C.
738 2118 883 2147 Claudium
900 2119 1032 2147 cerarium
1041 2118 1122 2157 sore.
1142 2117 1242 2158 qubdfi
1257 2117 1408 2157 exemplum
1424 2116 1536 2145 haberet
1552 2116 1592 2145 bis
1608 2118 1716 2146 eundem

407 2166 543 2194 marium
569 2164 747 2203 relinquendi,
773 2162 803 2191 C.
826 2163 967 2191 Claudium
984 2163 1144 2191 nominatim
1161 2163 1196 2202 fi
1223 2163 1296 2191 inter
1310 2160 1522 2201 aerariosfug'ffe
1543 2161 1716 2191 relinquam,

410 2210 456 2238 At
474 2206 589 2247 quidni
605 2206 654 2239 bis
670 2205 756 2238 idem
773 2205 905 2237 aerarius
930 2204 1182 2246 relinqueretur,
1204 2204 1226 2235 fi
1242 2215 1301 2246 per
1318 2204 1380 2236 hoc
1402 2203 1611 2245 intelligenda
1627 2207 1714 2237 soret

410 2250 548 2282 indictio
565 2251 708 2288 niulclae,
729 2259 786 2282 aut
813 2261 907 2291 poena
923 2250 1032 2290 aliqua
1058 2248 1238 2291 ejusmodi?
1264 2249 1310 2280 Sit
1339 2256 1449 2280 autem
1474 2256 1553 2279 nota
1570 2250 1716 2281 censoria

407 2296 606 2337 ignominiae,
629 2307 701 2338 quae
726 2294 821 2327 semel
837 2294 987 2335 impressa
1008 2302 1136 2331 manet;
1163 2295 1194 2324 8<
1222 2293 1306 2325 ratio
1322 2300 1413 2335 patet
1437 2303 1495 2324 cur
1511 2304 1579 2324 non
1595 2293 1716 2326 iterum

409 2339 662 2382 imprimeretur.
711 2340 925 2372 statuendum
941 2338 1041 2380 igitur
1057 2338 1137 2369 mihi
1164 2338 1297 2370 videtur
1313 2349 1388 2369 eum
1404 2341 1536 2369 aerarium
1565 2337 1641 2376 dici,
1663 2339 1718 2370 cui

410 2386 522 2417 censor
550 2393 663 2419 notam
688 2384 809 2421 inussit,
831 2385 899 2424 ejus
926 2382 1059 2415 nomine
1085 2382 1188 2414 relato
1210 2383 1244 2413 in
1269 2382 1397 2414 tabulas
1424 2386 1526 2413 aerario
1555 2382 1718 2424 repositas.

410 2431 525 2470 Neque
536 2430 616 2462 mihi
630 2428 792 2461 adversari
810 2429 987 2460 Alconium
1002 2436 1082 2468 puto
1096 2440 1104 2465 ;
1127 2427 1274 2468 loquitur
1286 2427 1373 2458 enim
1389 2426 1442 2459 ille
1455 2428 1494 2459 de
1505 2427 1553 2464 iis,
1577 2427 1633 2467 qui
1649 2438 1720 2460 non

410 2476 511 2505 solum
531 2475 637 2505 cerarii
653 2474 778 2510 fierent,
801 2474 855 2503 sed
869 2473 899 2503 Sc
912 2473 944 2503 in
965 2472 1122 2504 Can-itum
1135 2471 1260 2503 tabulas
1277 2474 1486 2503 referrentur.
1533 2473 1594 2502 Sed
1610 2473 1650 2503 de
1667 2472 1718 2504 his

412 2520 476 2556 {ani
492 2519 565 2550 satis
592 2520 752 2559 superque
778 2518 904 2548 dictum
921 2517 971 2549 est.
995 2518 1034 2549 E.
1080 2518 1134 2558 (9)
1161 2518 1389 2557 Repetendum
1406 2515 1448 2547 est
1464 2526 1503 2547 ex
1519 2516 1718 2557 praecedenti

399 2567 517 2604 ⁴ferunt.
565 2565 642 2604 (10)
661 2564 779 2606 Qoad
793 2561 1043 2596 diuturnitatem
1056 2561 1230 2602 potcstatis·
1278 2561 1528 2592 Observandum
1544 2567 1653 2591 autem
1665 2561 1721 2598 est,

410 2610 501 2649 quod
529 2608 615 2639 infra
644 2607 769 2648 plenius
798 2606 936 2643 dicetur,
959 2607 1032 2638 licet
1061 2607 1163 2638 Mam.
1180 2605 1332 2637 AEmilius
1349 2605 1517 2636 censuram
1533 2604 1718 2636 oetodecim

410 2654 567 2684 mensium
583 2652 686 2694 spatio
704 2650 907 2688 concluserit,
931 2661 997 2681 non
1027 2658 1135 2682 tamen
1164 2650 1270 2691 postea
1287 2649 1434 2690 quolibet
1460 2649 1567 2679 mense
1583 2649 1719 2680 octavo-

410 2697 537 2729 decimo
558 2708 660 2727 novos
686 2697 831 2728 censores
849 2695 974 2732 creari;
998 2695 1061 2731 sed,
1085 2695 1361 2736 quemadmodum
1383 2701 1478 2725 antea
1494 2692 1563 2724 fieri
1585 2693 1719 2730 solebat,

413 2744 538 2776 rantum
556 2738 703 2785 quolibet
721 2740 959 2785 quinquennio>
973 2741 1089 2773 vei-sim
1107 2739 1165 2772 brac
1179 2739 1247 2784 lege
1265 2747 1301 2772 ut
1314 2738 1384 2783 post
1400 2737 1719 2814 odtodecimlxpenses

1615 2791 1716 2816 onore
