1832 3137
390 332 1016 378 LIBERI.CAP.
1078 336 1234 379 xxiv.
1613 353 1663 394 33

163 457 272 499 cent,
302 460 403 500 opus
434 446 507 486 effe
541 444 765 498 colloquio:
797 445 822 484 fi
859 445 992 486 secum
1027 449 1251 503 congreffus
1273 449 1331 498 fit,
1363 448 1451 490 satis

166 507 279 556 scire,
309 518 355 544 ea
376 504 413 543 se
431 505 659 551 allaturum,
691 517 782 556 quae
811 502 936 543 nihilo
958 504 1092 545 minus
1114 508 1162 546 ad
1184 521 1267 546 rem
1300 508 1452 547 Roma-

164 577 274 612 nam,
306 559 428 615 quam
450 562 497 601 ad
520 560 737 610 Albanam,
769 561 1003 614 pertineant.
1064 563 1187 603 Haud
1224 564 1451 618 aspernatus

163 621 325 670 Tullus,
357 619 508 659 tametfi
528 633 629 659 vana
650 618 781 658 afferri
813 621 874 673 (2)
904 618 1077 669 rebatur,
1099 621 1139 659 in
1157 622 1281 661 aciem
1303 623 1449 663 educit.

163 677 323 718 Exeunt
358 675 499 717 contra
528 679 568 717 &
599 675 759 716 Albani.
811 676 1026 729 Postquam
1059 678 1241 719 instrueffi
1264 681 1450 733 utrinque

162 735 330 783 stabant,
362 749 456 774 cum
486 734 623 788 paucis
659 747 871 787 procerum
893 734 933 772 in
970 735 1147 775 medium
1165 737 1285 777 duces
1314 752 1452 791 proce-

164 794 279 832 dunt.
340 791 400 832 Ibi
423 792 512 831 infit
534 791 741 831 Albanus:
774 791 942 846 Irgjurias
966 792 1017 833 ἅθ’
1038 808 1105 832 non
1137 795 1297 833 redditas
1319 811 1375 835 res
1410 812 1452 835 ex

151 850 312 906 foedere,
343 864 418 903 quae
458 848 731 904 repetitaefint,
766 849 817 890 {25⁵
837 865 896 903 ego
923 865 1041 903 regem
1082 851 1237 906 nostrum
1262 852 1453 904 Cluilium,

163 909 308 962 causam
339 907 483 962 hujusce
516 907 577 962 ff
611 907 704 955 belli,
737 907 950 962 (3)a1uliffl²
970 908 1120 947 videor:
1153 924 1214 948 nec
1247 918 1282 949 te
1321 911 1452 959 dubito,

165 964 288 1013 Tulle,
318 965 439 1004 eadem
471 975 551 1017 prce
582 973 616 1003 te
640 965 764 1020 serre.
774 965 856 1018 sed,
870 964 914 1018 fi
931 981 1021 1004 vera
1053 965 1192 1018 potius,
1223 967 1334 1021 quum
1355 969 1454 1007 difflu

150 1023 321 1077 speciosa,
352 1022 501 1061 dicenda
510 1022 618 1076 sunt,
649 1022 773 1075 cupido
794 1024 937 1075 imperii
957 1023 1042 1062 duos
1062 1033 1225 1077 cognatos
1257 1027 1456 1080 vicincffque

154 1080 303 1133 populos
334 1079 386 1119 ad
416 1095 524 1119 arma
540 1079 727 1135 stimula't.
762 1080 905 1133 Neque,
937 1083 998 1134 (4)
1020 1080 1132 1130 νεῆὲ,
1163 1098 1211 1121 an
1244 1093 1456 1136 perperam,

163 1139 410 1190 interpretor:
427 1137 556 1193 fuerit
593 1138 660 1193 {sta
680 1139 759 1192 ejus
797 1138 1013 1188 deliberatio,
1043 1141 1107 1193 qui
1140 1141 1268 1179 bellum
1288 1142 1455 1196 suscepit.

163 1210 221 1234 me
255 1195 394 1234 Albani
429 1195 584 1249 gerendo
623 1196 706 1235 bello
731 1196 854 1235 ducem
875 1212 1057 1236 creavere.
1120 1198 1223 1237 Illud
1251 1207 1302 1249 te,
1335 1198 1458 1250 Tulle,

163 1254 340 1292 monitum
367 1253 477 1292 velim
493 1271 504 1291 :
538 1252 698 1308 Etrufta
720 1269 791 1303 res,
823 1263 961 1307 quanta
981 1256 1079 1293 circa
1101 1271 1177 1306 nos,
1208 1264 1309 1309 teque
1340 1259 1460 1296 maxi-

166 1309 240 1359 me,
255 1309 327 1365 fit,
368 1309 437 1364 quo
452 1312 632 1364 propiores
669 1327 748 1363 vos,
783 1311 845 1351 hoc
873 1314 990 1366 magis
1011 1313 1100 1366 scis.
1123 1312 1279 1352 multum
1300 1314 1356 1352 illi
1385 1323 1460 1352 ter-

165 1370 230 1417 rd,
254 1367 462 1420 plurimum
484 1370 582 1408 mari
593 1369 740 1421 pollent.
802 1369 956 1409 Memor
971 1370 1047 1424 fsto,
1065 1372 1168 1424 jam,
1190 1386 1301 1423 quum
1305 1370 1460 1424 signum

157 1436 291 1479 pugnae
311 1426 426 1474 dubis,
456 1426 525 1465 has
544 1426 637 1465 duas
663 1428 756 1465 acies
763 1427 966 1480 speblaculo
983 1427 1073 1482 fore
1089 1450 1103 1472 ,·
1137 1428 1295 1483 utfeffias
1324 1429 1460 1484 cousec-

165 1484 296 1536 tosque,
310 1482 432 1536 stmul
456 1485 628 1522 vifflorem
649 1500 692 1522 ac
724 1486 879 1533 viuum,
910 1484 1189 1537 aggrediantur.
1252 1486 1395 1538 Itaque,
1420 1485 1465 1539 st

166 1542 229 1594 (5)
251 1546 312 1579 nos
328 1541 402 1579 Dii
420 1549 563 1589 amant,
594 1543 777 1594 quoniam,
808 1557 875 1581 non
905 1543 1059 1580 contenti
1093 1543 1255 1581 libertate
1274 1545 1390 1590 cerni,
1422 1545 1461 1581 in

167 1598 316 1637 dubiam
337 1599 481 1650 imperii
487 1598 709 1651 st’rvitiique
727 1599 844 1637 aleam
875 1600 985 1647 imus,
1017 1600 1180 1638 ineamus
1205 1600 1366 1652 aliquam
1402 1601 1462 1638 vi-

165 1665 242 1703 crm,
273 1656 349 1708 qud
378 1657 456 1693 utri
488 1657 585 1693 utris
616 1657 805 1708 imperent,
819 1655 903 1710 sine
938 1657 1078 1709 magud
1108 1657 1221 1705 clade,
1236 1656 1320 1711 stne
1352 1657 1464 1696 multo

153 1713 338 1767 sanguine
358 1712 544 1766 utriusque
553 1713 690 1765 populi,
720 1713 862 1752 decerni
882 1711 994 1767 poffit.
1054 1714 1179 1753 Haud
1201 1714 1379 1768 displicet
1400 1728 1463 1753 res

166 1770 304 1818 Tullo,
336 1783 582 1822 quanquam,
614 1779 701 1809 tum
723 1770 856 1810 indole
887 1771 1026 1819 animi,
1057 1780 1145 1810 tum
1179 1771 1243 1825 spe
1265 1771 1464 1821 vietoriae,

165 1826 340 1866 ferocior
374 1836 470 1866 erat.
532 1827 819 1884 Qaerentibus
851 1828 1039 1881 utrinque
1073 1829 1173 1868 ratio
1206 1829 1349 1879 initur,
1396 1829 1463 1869 cui

168 1886 208 1924 8<
231 1884 394 1924 fortuna
410 1884 491 1938 ipsa
505 1885 676 1938 praebuit
692 1886 914 1925 materiam.

225 1942 383 1982 XXIV.
444 1940 562 1982 Forte
596 1942 637 1981 in
671 1943 827 1983 duobus
861 1953 948 1982 tum
980 1944 1220 1984 exercitibus
1254 1953 1367 1984 erant
1400 1946 1462 1998 (1)
1483 1964 1663 1995 Horatiorum

167 2000 369 2054 trigemini
390 1999 546 2048 fratres,
568 2014 641 2040 nec
663 2010 794 2049 aetate,
822 2015 895 2040 nec
917 2001 1066 2040 viribus
1083 2001 1268 2055 dispares.
1330 2002 1462 2041 Hora·
1485 2012 1522 2041 ω’
1546 2012 1679 2040 Curiatio-

170 2057 247 2097 tios
265 2057 542 2111 Curiatiosque
558 2057 670 2097 fuisse
693 2058 782 2098 satis
804 2058 983 2107 constat;
1015 2073 1089 2098 nec
1121 2059 1246 2099 ferme
1269 2073 1330 2100 res
1362 2060 1463 2099 anti-
1480 2061 1682 2087 ‚mmmmm

170 2129 251 2167 qua
267 2115 340 2154 alia
358 2115 413 2154 est
430 2115 612 2154 nobilior.
636 2126 771 2155 tamen
788 2117 828 2155 in
845 2131 887 2156 re
904 2126 986 2155 tam
1004 2115 1108 2156 clarii
1129 2117 1340 2156 nominum
1354 2131 1463 2158 error

171 2182 335 2221 manet3
380 2173 508 2212 utrius
543 2174 681 2227 populi
710 2174 886 2223 Horatii,
934 2174 1061 2214 utrius
1098 2174 1267 2214 Curiatii
1298 2175 1461 2215 fuerint.

173 2229 376 2270 Au&ores
390 2227 563 2283 utroque
580 2231 745 2270 trahunt
763 2247 772 2271 :
803 2233 935 2285 plures
952 2242 1086 2271 tamen
1104 2233 1277 2281 invenio,
1295 2234 1364 2285 qui
1379 2234 1464 2273 Ro-

173 2301 313 2328 manos
344 2288 536 2328 Horatios
561 2298 718 2328 vocent.
750 2288 823 2329 hos
846 2291 907 2344 (2)
934 2299 978 2329 ut
1000 2290 1153 2343 sequar,
1185 2291 1349 2330 inclinat
1382 2291 1466 2330 ani-

171 2358 274 2386 mus.
336 2345 444 2387 Cum
466 2346 687 2400 trigeminis
716 2357 841 2402 agunt
871 2361 998 2402 reges,
1031 2357 1074 2388 ut
1095 2362 1168 2402 pro
1199 2348 1267 2388 sua
1299 2348 1466 2401 quisque

1341 2405 1466 2459 patria

176 2530 251 2551 mox
273 2519 306 2550 in
327 2529 454 2550 omnem
469 2520 628 2561 populum
652 2520 937 2553 animadversuros.
982 2522 1038 2564 (2)
1062 2523 1195 2554 Codices
1211 2524 1276 2554 fere
1289 2533 1398 2554 omnes
1415 2522 1469 2553 ha*

176 2565 255 2595 bent
280 2565 485 2606 ffrebzmtur:
510 2568 678 2607 tantopere
706 2575 813 2598 autem
839 2568 1024 2608 conjeci‘tura
1049 2568 1142 2598 Fabri
1170 2568 1300 2605 arridet,
1323 2575 1357 2598 ut
1382 2568 1470 2598 nulla

178 2609 257 2639 mihi
276 2608 386 2650 religio
410 2608 446 2639 fit
471 2619 536 2649 quo
559 2609 663 2641 minus
676 2610 710 2641 in
727 2619 850 2642 textum
863 2612 1023 2653 recipiam.
1070 2613 1225 2644 Observat
1244 2623 1372 2653 quoque
1389 2614 1470 2642 Dra-

179 2654 396 2684 kenborchius
409 2663 522 2685 vocem
535 2656 645 2685 rebatur
656 2656 736 2697 saepe
749 2655 907 2687 incuriam
918 2657 1128 2688 librariorum
1139 2657 1320 2699 corrupisse.
1338 2659 1371 2687 E.
1416 2657 1471 2697 (3)

180 2698 386 2729 Construtstio
408 2698 461 2736 est,
487 2700 579 2742 &ego
595 2702 689 2730 videor
713 2702 811 2742 audg'ffi
830 2703 954 2732 Cluilium
979 2714 1046 2744 prae
1060 2703 1090 2733 se
1106 2705 1262 2733 ferentem
1284 2704 1398 2744 iujurias
1413 2702 1471 2731 &c-

179 2745 285 2783 cazgsum
302 2744 349 2785 ff
365 2745 464 2785 hujtfie
479 2745 542 2775 belli
556 2760 562 2778 ;
587 2744 619 2775 ὃς
635 2745 741 2776 nullus
758 2745 872 2777 dubito
890 2747 949 2777 διε.
995 2748 1049 2788 (4)
1073 2747 1091 2777 i.
1108 2759 1132 2778 e.
1152 2758 1255 2787 neque
1273 2747 1355 2777 inter
1371 2745 1471 2776 Alba-

181 2797 240 2818 nos
252 2788 282 2817 Sc
300 2790 462 2819 Romanos
477 2788 619 2830 judicare
643 2790 720 2821 volo
744 2791 854 2821 utrum
875 2791 908 2822 id
925 2793 1011 2823 recte
1028 2804 1068 2822 an
1085 2803 1255 2833 perperam
1272 2791 1325 2822 fiat
1339 2803 1345 2819 z
1371 2790 1410 2821 de
1435 2795 1473 2820 eo

182 2832 337 2864 deliberet
354 2832 409 2873 qui
424 2834 482 2864 Sec.
528 2835 583 2876 (5)
607 2834 674 2865 Nisi
690 2846 748 2866 nos
764 2835 818 2866 Dii
829 2835 903 2867 irati
916 2837 1109 2868 dementent.
1134 2839 1166 2866 E.

228 2895 263 2925 C.
283 2903 333 2932 24.
360 2896 414 2937 (1)
437 2896 537 2928 Terni
555 2897 667 2929 eodem
680 2906 774 2939 partu
793 2896 879 2928 editi.
925 2899 980 2937 (2)
994 2899 1083 2941 Qos
1096 2897 1191 2931 etiam
1207 2897 1291 2930 infra
1308 2895 1419 2929 Livius
1433 2895 1475 2927 se-

802 2943 831 2972 D
857 2951 875 2973 2
1382 2949 1474 2972 cutuss
