1853 3158
430 280 716 327 LIBER
775 279 833 321 V.
893 279 1076 321 CAP.
1167 280 1278 322 XLI.

171 400 279 442 tibus
300 395 702 452 triumphantibusve‚
735 396 781 435 ea
802 395 931 434 vestiti
961 394 1094 434 medio
1117 395 1266 434 aedium
1294 393 1482 435 eburneis

174 458 278 499 sellis
314 458 460 497 sedere.
521 453 641 501 Sunt,
674 453 758 505 qui,
805 453 867 491 M.
909 452 1033 491 Fabio
1068 452 1261 504 pontifice
1302 452 1482 491 maximo

174 518 235 568 (2)
268 514 461 568 praefante
484 524 661 559 carmen,
681 509 876 549 devoviffe
899 523 966 548 eos
989 509 1025 547 se
1048 523 1120 561 pro
1161 510 1286 561 patria
1311 509 1486 567 Qiriti-

174 572 329 624 busque
369 569 583 617 Romanis,
627 569 800 606 tradant.
864 566 990 612 Galli,
1045 569 1082 604 Sc
1122 566 1216 617 quia
1256 566 1485 619 interposita

175 629 297 669 noete
330 643 351 667 a
384 626 642 667 contentione
666 638 812 678 pugnae
838 622 1072 662 remiserant
1094 623 1266 673 animos,
1302 625 1339 662 ὃς
1373 620 1486 676 quod

175 700 250 725 nec
273 686 314 723 in
336 685 418 724 acie
441 683 606 735 ancipiti
630 682 796 734 usquam
820 689 1068 720 certaverant
1098 680 1261 731 proelio,
1294 694 1366 719 nec
1397 690 1486 719 tum

176 742 333 795 impetu
354 750 423 780 aut
442 740 481 779 vi
504 739 714 792 capiebant
732 738 888 786 urbem,
921 737 1000 775 fine
1030 736 1103 784 ira,
1137 737 1215 775 fine
1238 738 1378 776 ardore
1401 738 1488 775 ani-—

175 813 336 838 morum
355 797 511 852 ingressi
533 796 691 849 postero
726 796 790 834 die
817 794 958 833 urbem
981 803 1142 846 patente
1166 793 1325 833 Collina
1354 794 1486 846 porta,

176 857 218 896 in
258 856 394 895 forum
431 854 685 908 perveniunt,
719 851 1051 892 circumferentes
1088 852 1228 890 oculos
1250 851 1300 889 ad
1336 852 1486 903 templa

175 912 318 953 Deum
342 925 570 964 arcemque,
604 910 726 949 solam
753 909 847 949 beni
877 908 1049 961 speeiem
1087 917 1306 946 tenentem.
1368 909 1486 957 Inde,

176 971 338 1009 modico
359 969 502 1008 relicto
524 967 720 1021 praesldio‚
749 969 814 1019 (ne
838 966 927 1018 quis
950 965 991 1003 in
1013 964 1214 1017 dissipatos
1236 979 1285 1003 ex
1307 979 1395 1005 arce
1419 974 1487 1004 aut

177 1027 382 1080 Capitolio
400 1026 575 1078 impetus
592 1024 720 1077 fieret)
738 1024 873 1077 dilapsi
899 1023 948 1061 ad
963 1023 1140 1075 praedam
1158 1022 1294 1061 vacuis
1326 1025 1388 1075 (3)
1420 1037 1488 1062 oc-

177 1084 296 1124 cursu
317 1083 532 1122 hominum
554 1082 643 1130 viis,
674 1095 765 1134 pars
797 1081 839 1119 in
872 1080 1056 1133 proxima
1088 1093 1260 1132 quieque
1282 1080 1487 1118 tectorum

178 1142 339 1195 agmine
361 1151 511 1187 ruunt;
544 1153 635 1192 pars
664 1138 823 1188 ultima,
854 1139 964 1176 velut
1001 1151 1046 1175 ea
1080 1138 1247 1175 demum
1270 1137 1422 1176 intaeta
1447 1140 1488 1177 &

176 1198 324 1239 referta
346 1198 495 1251 praeda,
518 1206 675 1250 petunt.
707 1198 769 1249 (4)
801 1195 894 1233 inde
916 1193 1050 1233 rursus
1072 1193 1156 1246 ipsa
1188 1193 1400 1234 solitudine
1423 1194 1491 1233 ab·

180 1255 340 1303 sterriti‚
373 1269 422 1294 ne
443 1269 522 1307 qua
543 1253 654 1293 fraus
685 1252 839 1291 hostilis
871 1265 994 1305 vagos
1023 1251 1226 1304 exciperet
1257 1253 1334 1305 (5),
1367 1252 1407 1289 in
1430 1251 1492 1290 so-

181 1327 273 1353 rum
291 1327 336 1352 ac
358 1313 585 1365 propinqua
602 1310 692 1349 foro
710 1311 796 1348 loca
826 1308 1055 1362 conglobati
1078 1307 1285 1347 redibant:
1319 1308 1386 1348 ubi
1407 1323 1492 1357 eos,

181 1370 309 1425 plebis
331 1368 512 1409 aedificiis
530 1367 736 1417 obseratis,
760 1366 989 1419 patentibus
1013 1365 1121 1403 atriis
1138 1365 1386 1419 principum,
1410 1380 1495 1404 ma-

179 1428 246 1482 jor
267 1424 391 1480 prope
410 1425 616 1465 cunetatio
638 1423 798 1463 tenebat
820 1433 968 1476 aperta,
992 1421 1115 1475 quam
1139 1422 1283 1472 clausa,
1305 1423 1496 1462 invaden-

186 1484 241 1524 di.
273 1482 374 1522 adeo
410 1482 519 1522 haud
548 1482 659 1521 secus
689 1479 812 1533 quam
845 1479 1119 1519 venerabundi
1157 1479 1419 1519 intuebantur
1455 1480 1495 1519 in

185 1541 335 1581 aedium
354 1539 556 1578 vestibulis
576 1539 755 1577 sedentes
772 1538 894 1584 viros,
917 1546 1061 1589 praeter
1083 1547 1271 1576 ornatum
1294 1536 1498 1576 habitum-

186 1612 266 1651 que
292 1597 471 1635 humano
513 1595 800 1649 augustiorem,
832 1594 1036 1648 majestate
1067 1594 1188 1632 etiam
1218 1608 1340 1645 quam
1362 1595 1498 1633 vultus

185 1653 436 1708 gravitasque
458 1653 537 1692 oris
560 1667 641 1705 prae
664 1651 701 1690 se
724 1650 894 1699 ferebat,
928 1651 1148 1689 simillimos
1170 1651 1275 1690 Diis.
1340 1652 1406 1690 Ad
1429 1665 1498 1690 eos

186 1713 298 1751 velut
330 1713 389 1764 (6)
423 1710 629 1748 simulacra
645 1708 741 1747 versi
765 1721 893 1760 quum
915 1707 1078 1756 starent,
1102 1708 1163 1746 M.
1188 1708 1370 1760 Papirius
1394 1722 1499 1747 unus

187 1782 235 1808 ex
253 1767 315 1807 his
333 1768 479 1806 dicitur
498 1767 634 1815 Gallo,
665 1764 831 1804 barbam
861 1764 987 1812 suam,
1021 1774 1065 1803 ut
1086 1774 1172 1803 tum
1196 1764 1385 1804 omnibus
1408 1780 1500 1818 pro-

187 1826 297 1865 miffa
312 1834 410 1874 erat,
441 1823 723 1877 permulcenti,
756 1822 930 1874 scipione
954 1822 1131 1860 eburneo
1156 1822 1197 1860 in
1225 1832 1346 1876 caput
1368 1822 1500 1862 incus-

189 1883 229 1923 so
252 1883 351 1921 iram
374 1881 534 1920 movisse
554 1897 566 1928 3
599 1891 719 1933 atque
740 1879 788 1918 ab
811 1894 858 1918 eo
882 1879 1042 1917 initium
1064 1879 1185 1918 caedis
1207 1890 1360 1929 ortum,
1392 1889 1499 1919 cete-

188 1954 254 1980 ros
290 1940 333 1978 in
368 1939 524 1978 sedibus
562 1937 639 1977 suis
672 1937 906 1976 trucidatos.
968 1935 1062 1975 Post
1085 1937 1315 1989 principum
1344 1938 1499 1976 caedem

190 1997 290 2036 nulli
313 1997 457 2035 deinde
489 1994 723 2035 mortalium
756 1993 880 2048 parci,
913 1992 1031 2046 diripi
1063 1993 1185 2042 meta,
1217 1993 1419 2034 exhaustis
1440 1993 1502 2032 in-

187 2054 259 2110 jici
282 2054 409 2109 ignes.

194 2172 399 2212 inquffltumque
414 2170 484 2211 ms’ffi
498 2171 529 2198 de
555 2170 601 2204 ils,
623 2180 736 2209 quorum
762 2168 876 2207 Perstus
893 2167 1069 2197 Demetrium
1093 2167 1430 2210 irgfimulaffi’tstrmonum
1445 2179 1503 2197 cum

194 2217 339 2246 Romanis.
388 2214 462 2243 Vid.
479 2214 574 2253 supra
592 2221 658 2243 not.
676 2223 704 2248 4.
724 2212 764 2242 ad
778 2222 803 2241 c.
830 2221 882 2249 57.
910 2211 928 2241 1.
956 2221 983 2242 2.
1033 2212 1088 2252 (2)
1112 2214 1244 2252 Praefari
1260 2211 1314 2242 hic
1338 2211 1423 2242 idem
1450 2211 1504 2248 est,

197 2260 287 2300 quod
303 2262 408 2300 praeire
424 2260 517 2288 verbis
534 2265 629 2287 vocat
657 2256 743 2286 infra
760 2256 778 2285 1.
798 2256 829 2287 8.
846 2266 872 2286 6.
895 2266 927 2296 9.
952 2255 1027 2286 Vid.
1052 2256 1148 2296 supra
1171 2263 1237 2286 not.
1262 2267 1295 2292 4.
1312 2257 1353 2286 ad
1369 2267 1394 2286 c.
1413 2265 1464 2286 21.
1483 2256 1502 2287 1.

198 2314 227 2340 4.
245 2305 276 2333 &
293 2310 363 2332 not.
384 2312 432 2332 11.
450 2303 490 2332 ad
507 2313 532 2332 6.
547 2302 626 2338 241.
649 2310 676 2331 1.
725 2301 781 2340 (3)
803 2300 833 2330 h.
845 2311 869 2330 e.
885 2302 918 2329 ab
937 2300 1092 2337 occursu3
1115 2299 1148 2330 in
1166 2300 1285 2340 quibus
1301 2300 1383 2331 nulli
1399 2300 1505 2330 homi-

198 2359 254 2378 nes
277 2347 503 2382 occurrebant,
526 2346 598 2385 quia
618 2345 674 2385 qui
700 2347 813 2375 Romae
830 2345 1013 2375 manserant
1038 2344 1067 2375 se
1085 2344 1295 2375 continebant
1313 2344 1346 2374 in
1371 2344 1504 2375 aedibus.

199 2392 249 2422 Sic
266 2391 351 2420 infr?⁴
368 2391 392 2421 1.
411 2391 461 2429 36.
485 2401 510 2420 c.
530 2400 583 2428 23.
608 2392 711 2419 mallum
728 2397 833 2430 tempus
850 2402 968 2419 vacuum
981 2391 1160 2419 dimicatione.
1207 2390 1268 2420 Sed
1285 2390 1316 2418 ὃς
1330 2400 1405 2419 cum
1422 2399 1505 2429 prae·

198 2435 356 2477 positione
372 2436 405 2464 ah
429 2434 602 2465 construxit
629 2433 742 2464 Livius
769 2432 855 2463 infra
879 2433 899 2463 1.
918 2443 972 2471 37.
996 2445 1021 2463 c.
1044 2442 1097 2471 13.
1114 2447 1200 2463 vacuo
1216 2435 1251 2463 ab
1275 2434 1390 2475 hostibus
1421 2435 1506 2464 mari.

200 2481 255 2521 (4)
279 2480 309 2509 h.
333 2490 361 2510 6.
383 2480 423 2509 ab
450 2478 570 2509 ultimis
598 2479 771 2513 tediorum,
793 2488 865 2517 quae
894 2486 989 2508 antea
1006 2477 1179 2518 petierant.
1225 2478 1323 2520 Jungi
1341 2477 1444 2518 potest
1472 2478 1505 2507 τὲ

198 2528 260 2555 inde
276 2524 328 2554 vel
356 2534 429 2554 cum
445 2524 595 2565 uffan-iti,
616 2523 669 2552 vel
686 2533 760 2552 cum
777 2523 909 2551 redibant.
957 2523 1009 2562 (5)
1033 2522 1106 2552 Vid.
1123 2529 1190 2552 not.
1210 2533 1239 2558 4.
1255 2523 1296 2552 ad
1313 2533 1338 2552 c.
1364 2531 1414 2559 30.
1433 2521 1456 2552 l.
1475 2531 1504 2558 4.

200 2568 307 2609 supra.
353 2568 408 2607 (6)
432 2567 503 2598 Hac
516 2577 595 2597 voce
611 2566 760 2596 innuitur
777 2564 970 2596 obstinatum
982 2577 1096 2596 eorum
1113 2565 1283 2604 silentium,
1307 2567 1338 2597 δε
1354 2565 1505 2597 immobi-

199 2612 238 2645 lis
252 2613 407 2647 consess‘us
421 2624 429 2650 ς
453 2611 541 2654 quasi
553 2621 620 2642 non
634 2610 780 2645 homines
793 2609 872 2649 vivi,
894 2610 947 2642 sed
964 2610 1131 2642 simulacra
1147 2612 1266 2641 forent.

1127 2727 1258 2769 XLII.
1292 2724 1503 2780 Ceterum,

1620 287 1700 333 395

1509 985 1591 1013 eum·
1604 985 1707 1024 aripi-

1507 1037 1552 1058 1025
1568 1029 1666 1057 urbam.
