1905 3168
181 228 258 268 128

170 799 243 840 Agr.
259 798 364 829 Mene-

170 846 211 874 nii
226 857 303 875 mors.

174 1168 213 1197 U.
232 1177 258 1197 c.
275 1165 347 1198 262.

171 1214 213 1242 A.
231 1213 266 1243 C.
286 1221 358 1252 490.

171 1256 212 1286 T.
222 1256 376 1297 Geganio,

171 1304 206 1333 P.
226 1300 375 1332 Minucio

171 1346 254 1378 Coss‘.

170 1394 283 1423 Caritas
294 1404 377 1422 anno-

167 1450 216 1471 Μ’.

856 224 908 265 Τ.
968 223 1225 266 L<1V11

393 336 453 377 bri
487 333 710 389 puerilique
732 334 905 388 ploratu,
936 336 985 376 ad
1021 344 1230 387 terrorem,
1262 344 1307 376 ut
1328 335 1441 385 solet,
1473 336 1535 390 (7)
1556 332 1703 390 primo,-

392 403 502 443 ortu,
527 396 565 434 &
590 392 789 433 Romanis
810 393 921 432 auxit
936 393 1131 443 animum,
1155 397 1195 435 &
1217 393 1391 434 turbavit
1405 393 1592 446 Volscos,
1624 404 1689 434 ut-

391 461 485 504 pote
519 449 635 504 capt&
666 449 779 500 urbe,
811 451 876 490 cui
898 451 947 491 ad
968 450 1174 491 ferendam
1211 466 1329 506 opem
1354 445 1565 491 ‘'venerant.
1627 451 1688 491 Ita

391 508 465 548 fusi
478 507 615 548 Volsci
634 508 846 557 Antiate83
880 509 1033 550 Corioli
1048 509 1242 563 oppidum
1257 520 1432 564 captum.
1449 519 1688 562 tantumque

391 566 459 606 su&
480 567 598 606 laude
619 565 770 606 obstitit
791 565 912 605 famae
944 567 1115 607 consulis
1137 567 1333 623 Marcius,
1364 577 1426 617 ut,
1458 567 1527 606 nisi
1550 565 1703 606 foedus-

391 638 486 664 cum
507 623 680 675 Latinis,
711 622 901 664 column&
921 625 1030 664 aenefi.
1050 624 1310 679 insculptum,
1342 633 1608 666 monumento
1629 623 1691 664 es-

390 681 461 732 set,
494 681 541 722 ab
562 681 631 735 Sp.
656 681 784 722 Cassio
805 697 901 730 uno,
924 683 1016 735 quia
1038 684 1190 737 collega
1212 682 1408 733 abfuerat,
1428 683 1572 731 ustum,
1594 682 1691 722 Pos-

390 749 554 779 tumum
575 739 810 780 Cominium
831 739 982 780 bellurn
1004 740 1148 794 geffiffe
1170 754 1263 780 cum
1284 739 1458 790 Volscis,
1491 740 1687 780 memoria

392 798 565 838 ceffiffet.
626 798 780 838 Eodem
816 812 921 838 anno
943 800 1004 851 (8)
1028 797 1209 852 Agrippa
1243 798 1464 838 Menenius
1500 798 1689 848 moritur,

391 856 452 896 vir
472 855 584 896 omni
605 856 684 895 vit&
705 855 852 909 pariter
879 854 1064 895 Patribus
1086 870 1131 895 ac
1163 854 1268 908 plebi
1290 869 1430 903 carus;
1463 855 1548 908 post
1566 855 1690 894 seces-

393 915 541 954 fionem
578 913 706 954 carior
736 912 842 966 plebi
862 912 1008 953 fafius.
1069 912 1180 952 Huic
1204 914 1265 967 (9)
1292 913 1500 966 interpreti
1522 912 1690 952 arbitro-

391 987 470 1025 que
492 971 718 1012 concordiae
739 971 906 1021 civium,
930 972 1060 1025 legato
1076 971 1244 1010 Patrum
1266 971 1315 1010 ad
1340 970 1513 1024 plebem,
1544 971 1687 1010 reduc-

390 1031 467 1069 tori
490 1030 615 1083 plebis
638 1030 837 1069 Romanae
859 1029 900 1068 in
922 1029 1079 1078 urbem,
1102 1028 1283 1082 sumptus
1305 1027 1439 1068 funeri
1461 1027 1601 1068 defuit.
1620 1041 1700 1068 ex«

391 1089 483 1127 tulit
505 1101 599 1127 eum
621 1087 733 1140 plebs
756 1090 846 1141 (10)
868 1086 1112 1126 sextantibus
1141 1086 1295 1126 collatis
1314 1087 1357 1125 in
1379 1088 1416 1141 (1
1431 1089 1469 1141 1)
1491 1086 1634 1139 capita.

448 1145 650 1185 XXXIV.
685 1144 880 1184 Consules
897 1145 1042 1184 deinde
1066 1145 1118 1183 T.
1139 1144 1366 1199 Geganius,
1400 1146 1444 1185 P.
1477 1144 1688 1184 Minucius

392 1203 502 1243 fazffi.
565 1203 625 1242 Eo
658 1217 783 1252 anno,
823 1216 952 1256 quum
990 1205 1030 1243 &
1065 1202 1162 1242 foris
1203 1202 1338 1255 quieta
1363 1202 1498 1242 omnia
1528 1217 1550 1241 a
1583 1200 1690 1242 bello

393 1262 528 1310 effent,
564 1263 601 1301 δε
645 1261 756 1300 domi
798 1259 929 1300 sanata
962 1259 1173 1312 discordia,
1207 1260 1315 1299 aliud
1349 1261 1478 1300 multo
1529 1259 1691 1314 gravius

394 1321 546 1359 malum
579 1318 782 1358 civitatem
813 1318 977 1360 invafit:
1010 1318 1151 1358 caritas
1183 1316 1361 1371 primum
1411 1332 1597 1368 annonae,
1640 1331 1690 1356 ex

394 1377 556 1418 incultis
573 1390 644 1430 per
659 1375 909 1416 secessionem
927 1375 1052 1429 plebis
1070 1376 1174 1430 agris
1190 1392 1204 1423 ς
1236 1375 1363 1415 fames
1379 1376 1537 1424 deinde,
1560 1375 1692 1428 qualis

396 1438 458 1490 (1)
492 1435 630 1475 clausis
675 1433 784 1473 solet.
831 1443 1078 1485 ventumque
1110 1434 1159 1473 ad
1196 1433 1402 1473 interitum
1439 1433 1691 1473 servitiorum

395 1494 535 1547 utique
559 1495 598 1533 &
621 1491 747 1545 plebis
778 1492 887 1542 esset,
928 1491 969 1530 ni
1002 1490 1184 1531 consules
1223 1491 1493 1545 providissent,
1528 1490 1693 1530 dimissis

391 1552 529 1606 paffim
571 1551 621 1590 ad
662 1549 915 1589 frumentum
956 1549 1241 1598 coemendum,
1287 1563 1369 1589 non
1407 1549 1449 1588 in
1484 1548 1689 1588 Etruriam

392 1607 517 1649 modo
549 1607 700 1648 dextris
737 1607 785 1647 ab
822 1607 935 1647 Ostia
975 1606 1174 1656 litoribus,
1206 1608 1387 1660 laevoque
1416 1621 1487 1660 per
1517 1605 1690 1646 Volscos

390 1668 492 1708 mari
515 1667 639 1719 usque
653 1666 703 1705 ad
725 1665 893 1717 Cumas,
915 1665 981 1705 sed
1004 1665 1213 1718 quaefitum
1235 1667 1296 1719 (2)
1318 1666 1359 1709 in
1377 1665 1556 1706 Siciliam
1588 1678 1690 1718 quo-

391 1739 484 1779 que.
517 1725 619 1764 adeo
638 1722 904 1763 finitimorum
921 1723 1011 1762 odia
1032 1723 1263 1778 longinquis
1281 1727 1495 1777 coegerant
1508 1722 1688 1777 indigere

391 1783 562 1823 auxiliis.
601 1782 869 1821 Frumentum
888 1781 1031 1822 Cumis
1049 1795 1178 1834 quum
1194 1784 1427 1835 coemptum
1443 1781 1552 1830 effet,
1569 1794 1690 1819 naves

390 1856 465 1895 pro
476 1840 592 1881 bonis
607 1838 925 1892 Tarquiniorum
940 1838 988 1879 ab
1005 1838 1260 1879 Aristodemo
1275 1849 1461 1895 tyranno,
1476 1838 1546 1891 qui
1559 1837 1689 1878 haeres

390 1908 490 1947 erat,
513 1907 680 1938 retentae
702 1897 803 1936 sunt.
838 1897 878 1935 in
899 1896 1058 1936 Volscis
1095 1899 1157 1951 (3)
1186 1896 1485 1951 Pomptinoque
1517 1910 1566 1935 ne
1607 1896 1688 1935 emi

391 1957 558 2010 quidem
575 1955 733 2009 potuit:
764 1955 988 2009 periculum
1008 1968 1171 2008 quoque
1198 1955 1246 1995 ab
1282 1955 1434 2009 impetu
1472 1953 1688 1993 hominum

391 2015 482 2068 ipsis
504 2012 862 2053 frumentatoribus
879 2012 969 2052 fuit.
1030 2012 1090 2051 Ex
1110 2012 1254 2053 Tuscis
1276 2012 1528 2053 frumentum
1548 2010 1689 2051 Tiberi

392 2072 529 2111 venit:
559 2085 608 2111 eo
630 2070 843 2110 sustentata
865 2070 920 2110 est
942 2069 1066 2124 plebs.
1128 2070 1393 2111 Incommodo
1414 2070 1520 2110 bello
1543 2070 1582 2109 in
1604 2078 1688 2109 tarn

392 2129 516 2171 anilis
533 2128 825 2170 commeatibus
840 2129 972 2171 vexati
989 2128 1136 2178 forent,
1160 2129 1200 2168 ni
1216 2129 1401 2182 Volscos,
1419 2129 1505 2184 jam
1522 2142 1689 2168 moven-

1629 2195 1691 2227 tes

394 2315 497 2348 prope
524 2311 635 2345 portas
662 2312 765 2335 erant.
788 2305 823 2335 E.
868 2304 923 2345 (7)
947 2306 1032 2346 Lege
1059 2315 1098 2335 ex
1125 2303 1294 2336 certiffimfi
1311 2302 1471 2334 Gronovii
1487 2302 1691 2344 conjcc‘fflrss.

393 2353 433 2380 ad
441 2351 722 2392 terrorem....primum
734 2357 818 2381 ortus.
858 2351 952 2381 Certe
968 2357 1041 2380 ortus
1054 2348 1174 2381 habent
1190 2349 1314 2390 aliquot
1327 2348 1450 2380 codices
1466 2347 1686 2389 manuscripti.

393 2395 450 2436 (8)
475 2397 553 2435 Cap.
573 2405 667 2435 praec.
686 2394 815 2431 dicitur,
830 2393 956 2425 inverso
973 2394 1097 2433 ordine,
1123 2396 1272 2425 Menenius
1290 2396 1432 2436 Agrippa.
1480 2393 1531 2424 sic
1547 2392 1689 2436 Qintus

395 2439 511 2471 Fabius
534 2438 756 2470 diciturFabius
775 2442 906 2483 Quintus,
928 2439 1013 2470 infra
1035 2440 1054 2470 l.
1075 2450 1104 2479 3.
1133 2451 1161 2471 c.
1186 2450 1213 2470 1.
1261 2439 1409 2481 Agrippa
1434 2446 1541 2469 autem
1557 2437 1689 2480 proprie

395 2495 582 2526 praenomen
598 2483 649 2515 est.
697 2485 753 2526 (9)
775 2487 917 2526 Interpres
929 2482 972 2515 est
985 2484 1039 2525 qui
1057 2484 1090 2515 in
1106 2484 1214 2525 aliqu&
1231 2496 1264 2516 re
1281 2485 1402 2526 agend&
1418 2483 1541 2515 medius
1557 2483 1610 2520 est,
1632 2482 1689 2523 qui

396 2529 481 2561 inter
492 2531 572 2560 duos
583 2529 739 2570 loquitur,
763 2529 924 2570 efficitque
935 2537 971 2560 ut
984 2529 1067 2561 inter
1084 2530 1167 2571 ipsos
1184 2529 1357 2561 convenire
1373 2528 1477 2570 possit.
1524 2529 1602 2568 (10)
1618 2529 1690 2558 Sex-

397 2582 467 2606 tans
484 2575 622 2605 estsexta
635 2585 709 2616 pars
720 2573 788 2605 assis
800 2574 948 2606 Romani.
995 2575 1073 2616 (11)
1095 2575 1114 2606 i.
1131 2586 1156 2606 e.
1175 2574 1307 2606 viritim.
1333 2574 1382 2605 Sic
1391 2574 1481 2616 Virg.
1499 2575 1575 2604 AEn.
1590 2583 1619 2611 5.
1634 2572 1687 2603 61.

442 2638 477 2667 C.
496 2646 546 2675 34.
572 2636 683 2679 Qalis
696 2636 773 2668 solet
786 2637 924 2668 clausam
941 2636 972 2667 δι
984 2636 1137 2668 obsessam
1154 2637 1267 2668 urbem
1286 2636 1427 2679 fatigare.
1472 2636 1527 2678 (2)
1550 2634 1690 2666 Dimiffis

397 2691 527 2727 quoquc
540 2681 574 2713 in
587 2681 886 2726 Siciliam‚quasttum‚
901 2682 919 2713 i.
935 2693 961 2714 e.
978 2683 1018 2715 ad
1031 2683 1241 2725 quaerendum
1257 2684 1467 2715 frumentum.
1515 2681 1570 2723 (3)
1586 2683 1690 2722 Pomp-

1620 2729 1690 2757 tinus
