1853 3158
139 231 214 270 174
811 212 1175 255 T.L1V11

352 343 431 382 que
452 327 601 378 omnia,
632 341 712 368 non
734 328 921 382 praefidiis
937 327 1061 369 modo
1092 329 1257 379 deserta,
1289 328 1354 370 sed
1385 328 1504 370 etiam
1525 332 1638 373 cultu

349 386 507 440 agresti,
538 387 772 434 transirent3
804 401 1017 440 pervenere
1038 388 1088 426 ad
1109 388 1271 427 tertium
1287 387 1460 441 lapidem
1477 388 1638 429 Gabina

350 445 426 483 via.
449 443 643 483 Mortuus
666 443 857 485 AEbutius
877 455 961 484 erat
974 446 1185 485 Romanus
1207 445 1356 491 consul.
1380 446 1530 500 collega
1551 447 1638 501 ejus

349 501 542 541 Servilius
571 501 715 556 exigua
736 501 776 541 in
807 501 872 555 spe
893 501 1073 542 trahebat
1094 503 1280 545 animam.
1304 503 1437 542 affeffi
1459 503 1638 556 plerique

350 558 593 613 principum,
616 560 781 599 Patrum
802 560 930 614 major
946 574 1050 613 pars,
1072 561 1252 600 militaris
1273 560 1355 600 fere
1372 570 1465 600 aetas
1481 561 1639 600 omnis:

350 626 395 654 ut
417 630 498 655 non
520 613 643 658 modo
675 618 723 656 ad
745 617 1031 670 expeditiones,
1062 633 1159 670 quas
1181 619 1221 656 in
1243 627 1353 657 tanto
1374 619 1550 657 tumultu
1576 631 1639 657 res

349 673 550 727 poscebat,
581 674 647 717 sed
667 674 731 714 vix
752 675 801 714 ad
823 675 976 728 quietas
1005 675 1190 715 stationes
1221 674 1369 714 viribus
1400 675 1637 715 sufficerent.

350 732 507 771 Munus
527 732 750 786 vigiliarum
773 732 987 781 senatores,
1024 732 1092 785 qui
1114 746 1184 785 per
1204 742 1362 771 aetatem
1379 747 1424 772 ac
1445 734 1639 773 valetudi-

350 803 443 828 nem
466 799 666 842 poterant,
697 804 766 843 per
787 789 824 828 se
847 790 913 843 ipsi
950 789 1136 829 obibant:
1170 791 1228 842 (6)
1261 789 1442 829 circuitio
1465 805 1508 830 ac
1542 805 1639 832 cura

348 847 523 886 aedilium
542 847 669 900 plebei
690 858 786 886 erat.
803 848 851 886 ad
871 861 939 887 eos
956 846 1109 886 summa
1127 860 1259 886 ierum
1281 861 1324 908 ac
1342 847 1523 911 majestas
1543 863 1640 889 con-2

349 903 515 944 sularis
508 905 663 957 imperii
683 915 857 944 venerat.

408 962 502 1001 VII.
535 962 703 1001 Deserta
723 963 872 1011 omnia,
896 963 973 1003 line
995 963 1137 1016 capite,
1161 963 1238 1002 fine
1255 962 1419 1011 viribus,
1450 962 1521 1002 Dii
1538 977 1640 1016 prae-

349 1019 447 1059 fides
479 1034 523 1058 ac
553 1019 714 1062 fortuna
733 1020 840 1065 urbis
861 1030 988 1060 tutata
1009 1021 1082 1070 est,
1113 1035 1203 1073 quae
1224 1020 1380 1060 Volscis
1399 1020 1640 1073 AEquisque,

348 1077 585 1130 praedonum
622 1075 756 1130 potius
778 1088 970 1127 mentem,
1003 1077 1124 1131 quam
1159 1077 1350 1129 hostium,
1381 1078 1502 1122 dedit.
1537 1076 1638 1121 adeo

348 1134 456 1172 enim
478 1136 586 1175 nulla
606 1135 690 1187 spes
712 1149 793 1173 non
815 1136 998 1188 potiundi
1020 1134 1161 1186 modo,
1194 1135 1258 1179 sed
1279 1150 1327 1175 ne
1357 1135 1529 1178 adeundi
1550 1136 1639 1189 qui-

347 1193 440 1230 dem
482 1192 669 1231 Romana
710 1193 877 1241 moenia,
912 1194 1067 1232 animos
1097 1207 1237 1232 eorum
1280 1194 1399 1245 cepit,
1451 1193 1638 1246 metaque

347 1251 488 1302 procul
509 1249 586 1288 visa
619 1260 737 1302 atque
759 1250 1015 1290 imminentes
1044 1251 1189 1290 tumuli
1210 1249 1384 1290 avertere
1401 1261 1555 1290 mentes
1572 1265 1639 1290 eo-

346 1321 466 1354 rum3
500 1318 557 1355 ut,
589 1307 682 1346 totis
703 1307 839 1360 passim
858 1308 991 1348 castris
1009 1307 1172 1347 fremitu
1194 1319 1297 1358 orto,
1331 1312 1390 1362 (1)
1411 1309 1501 1362 quid
1514 1310 1553 1346 in
1569 1325 1638 1348 va-

330 1364 390 1420 sto
410 1381 453 1403 ac
472 1364 603 1419 deserto
621 1380 710 1418 agro
729 1366 826 1403 inter
842 1366 957 1403 tabem
971 1375 1139 1418 pecorum
1159 1365 1411 1419 hominumque
1425 1365 1638 1421 dqfidesstne

339 1422 470 1486 prfedd
485 1431 624 1475 tempus
639 1431 685 1462 tet
687 1432 810 1470 erent,
829 1438 941 1475 quum
957 1425 1100 1476 integra
1117 1423 1203 1470 loca,
1228 1422 1475 1477 Tzfizclanum
1487 1439 1636 1479 agrum,

344 1481 500 1531 opimum
535 1481 654 1532 copiis,
678 1489 801 1532 petere
826 1481 995 1535 poſji’nt?
1028 1481 1132 1534 ligna
1162 1479 1324 1533 repente
1355 1481 1639 1530 convellerent,

346 1536 645 1590 transversisque
668 1536 875 1577 itineribus
903 1552 974 1590 per
994 1538 1217 1577 Lavicanos
1239 1552 1354 1592 agros
1385 1538 1425 1577 in
1445 1537 1641 1578 Tuscula-

345 1609 419 1637 nos
441 1596 561 1637 colles
583 1595 804 1637 tr.ans1rent
827 1593 876 1633 eo
894 1595 951 1634 vis
969 1595 1100 1637 omnis
1121 1595 1410 1648 tempestasque
1430 1595 1524 1635 belli
1545 1610 1642 1638 con-

345 1651 453 1691 versa
470 1651 538 1691 est.
599 1653 766 1692 Interim
788 1652 957 1696 Hernici
974 1653 1203 1705 Latinique,
1226 1654 1378 1705 pudore
1399 1653 1534 1701 etiam,
1556 1665 1650 1693 nonv

345 1709 613 1749 misericordia
633 1709 777 1758 solum,
809 1710 926 1760 moti,
958 1710 982 1748 sl
1013 1724 1086 1750 nec
1109 1710 1340 1753 obstitiflent
1354 1711 1637 1751 communibus

343 1766 541 1817 hostibus,
559 1767 702 1807 infesto
717 1768 875 1822 agmine
890 1768 1119 1807 Romanam
1138 1767 1277 1811 urbem
1299 1768 1543 1822 petentibus,
1564 1782 1638 1809 nec

344 1839 463 1878 opem
487 1826 609 1865 ullam
632 1828 692 1879 (2)
714 1825 869 1866 obseflis
887 1824 999 1865 sociis
1013 1825 1178 1874 ferrent,
1210 1826 1431 1880 conjunCio
1459 1826 1638 1866 exercitu

189 1931 195 1937 ι
289 1932 294 1938 .
345 1883 524 1924 Romam
546 1893 731 1937 pergunt.
792 1882 879 1926 Ubi
901 1897 1028 1935 quum
1049 1883 1180 1925 hostes
1202 1898 1283 1923 non
1313 1883 1560 1931 invenissent,
1582 1884 1640 1923 se-

123 1932 239 1992 Latmos
262 1942 327 1959 'mn'
345 1941 427 1980 cuti
444 1940 593 1979 famam
613 1956 656 1980 ac
678 1940 854 1995 vestigia,
885 1940 991 1980 obvii
1014 1939 1117 1979 fiunt
1131 1940 1460 1985 descendentibus
1475 1941 1522 1981 ab
1535 1941 1640 1981 Tus-

124 1982 194 2010 ΜΛ
344 2000 489 2039 culano
513 1999 552 2036 in
568 1996 942 2039 Albanam'vallem.
962 1997 1015 2037 ibi
1031 1997 1343 2051 haudquaquam
1361 2013 1476 2052 aequo
1494 1999 1638 2052 proelio

343 2066 567 2110 pugnatum
588 2055 661 2106 est,
693 2056 868 2109 fidesque
897 2055 964 2095 sua
986 2055 1100 2095 sociis
1119 2071 1260 2109 parum
1283 2056 1377 2096 felix
1398 2057 1438 2100 in,
1470 2057 1640 2110 praesen-

345 2115 397 2153 tia
429 2113 519 2153 fuit.
580 2114 703 2156 Haud
737 2114 869 2167 minor
901 2114 1046 2153 Romae
1068 2113 1113 2153 fit
1146 2113 1286 2156 morbo
1322 2114 1483 2168 strages,
1515 2113 1638 2166 quam

344 2184 493 2224 quanta
514 2170 621 2210 ferro
646 2174 705 2225 (3)
727 2171 926 2211 sociorum
947 2171 1054 2210 faeta
1068 2181 1164 2210 erat.
1187 2171 1338 2219 consul,
1361 2172 1430 2224 qui
1447 2185 1551 2213 unus
1574 2172 1637 2211 su-

344 2240 514 2283 pererat,
547 2230 728 2268 moritur.
758 2229 905 2268 mortui
931 2231 966 2267 &
1005 2229 1069 2267 alii
1091 2229 1186 2268 clari
1219 2229 1307 2277 viri,
1339 2229 1401 2268 Μ.
1434 2229 1636 2281 Valerius,

344 2287 395 2328 T.
413 2287 622 2343 Virginius
640 2287 820 2335 Rutilus,
852 2300 1049 2342 augure53
1081 2286 1165 2326 Ser.
1183 2286 1399 2341 Sulpicius,
1433 2289 1490 2340 (4)
1524 2288 1636 2327 curio

1421 2358 1633 2399 maximus.

344 2463 397 2502 (6)
424 2462 612 2504 Circuibant
630 2463 762 2505 vigilias,
785 2463 816 2493 Sc
845 2474 895 2493 eas
922 2463 1007 2493 redte
1036 2463 1200 2494 obeundas
1226 2462 1382 2493 curabant
1399 2461 1503 2492 aediles
1521 2462 1636 2503 plebei.

345 2510 474 2538 Horum
487 2516 593 2539 autem
605 2507 655 2539 hic
675 2508 777 2549 prima
795 2507 916 2540 mentio
932 2507 976 2541 fit.
994 2507 1056 2538 vid.
1074 2516 1139 2538 not.
1157 2519 1184 2545 4.
1195 2508 1271 2538 adc.
1290 2517 1339 2546 33.
1356 2507 1374 2537 l.
1394 2516 1420 2537 2.

390 2554 424 2583 C.
445 2562 470 2590 7.
495 2554 548 2593 (1)
573 2553 712 2584 Fremitu
727 2561 799 2583 01to
813 2552 1021 2594 rogitantium
1038 2552 1121 2583 inter
1139 2553 1168 2583 se
1185 2552 1263 2593 quid
1281 2553 1342 2582 ἃς.
1387 2551 1441 2595 (2)
1459 2550 1568 2582 Livius
1586 2563 1635 2583 re-

344 2600 406 2628 fert
419 2608 483 2627 non
498 2599 584 2637 quod
596 2599 625 2628 fa
630 2599 717 2628 <hun
729 2598 780 2634 est,
791 2598 842 2628 sed
855 2598 943 2637 quod
954 2597 1030 2628 locii
1044 2599 1142 2628 sachi
1135 2609 1166 2627 n
1179 2597 1238 2628 esse
1249 2596 1372 2638 opinati
1383 2597 1468 2626 sunt.
1487 2607 1604 2636 quamv
1608 2596 1634 2627 is

344 2642 491 2682 equidem
508 2642 550 2672 Di
554 2653 610 2673 on
612 2642 679 2673 sius
668 2651 799 2673 <narrat
816 2643 948 2673 Volscos
963 2643 1150 2684 AEquosquc
1168 2643 1281 2673 urbem
1298 2640 1438 2678 tentaffe,
1450 2641 1502 2671 ‘ed
1518 2637 1634 2672 frustra

344 2688 375 2718 iu
390 2695 530 2718 conatos.
561 2689 615 2728 (3)
640 2687 746 2730 Qum
760 2695 881 2729 quanta
894 2688 993 2718 cades
1006 2687 1164 2718 sociorum
1178 2688 1263 2720 facta
1276 2694 1342 2718 crat
1357 2687 1451 2718 ferro
1482 2685 1538 2729 (4)
1554 2685 1635 2730 Uni

1517 2727 1635 2770 cuique
