1853 3158
406 240 696 286 LIBER
758 242 835 284 1V.
895 243 1082 288 CAP.
1144 245 1282 287 XVII.

189 357 328 408 Plebs,
354 371 592 411 quanquam
611 356 759 411 agitata
779 358 918 398 multis
940 373 988 399 eo
1005 374 1113 400 anno
1132 363 1173 401 &
1187 361 1307 401 variis
1321 359 1498 402 motibus

187 425 290 464 erat,
323 429 396 456 nec
418 416 569 468 plures,
602 413 726 467 quam
741 423 837 463 tres,
870 415 1053 458 tribunos
1080 418 1277 458 consulari
1300 418 1495 472 potestate

189 472 355 520 creavit,
390 471 485 512 &in
507 471 555 511 iis
576 471 624 511 L.
650 471 898 530 Qindfium
911 473 1144 514 Cincinnati
1167 475 1322 515 filium:
1352 490 1402 515 ex
1423 490 1496 515 cu-

182 529 254 583 jus
276 529 487 569 dietaturae
510 528 660 568 invidia
681 530 881 569 tumultus
899 531 1166 582 quaerebatur.
1216 535 1277 586 (6)
1299 532 1495 573 Praelatus

188 585 385 640 suffragiis
400 585 601 643 QinE’tio
624 587 758 627 Mam.
780 586 990 635 AEmilius,
1013 589 1072 628 vir
1089 589 1255 630 summae
1272 591 1492 644 dignitatis.

188 643 238 684 L.
261 643 417 695 Julium
433 644 599 682 tertium
622 646 684 697 (7)
706 653 857 684 creant.

1638 261 1723 305 279

245 700 386 740 XVII.
419 700 467 739 In
488 700 636 740 horum
659 701 893 755 magistratu
910 700 1088 751 Fidenae,
1111 704 1269 743 colonia
1287 705 1492 755 Romana,
1513 712 1555 742 U.
1571 722 1600 743 c.
1615 723 1689 753 317·

186 758 239 797 ad
256 758 421 798 Lartem
433 757 705 797 Tolumnium
718 758 960 813 Vejentium
982 773 1118 814 regem
1142 775 1186 799 ac
1207 761 1402 815 Vejentes
1424 763 1494 801 de·
1509 758 1555 787 A.
1570 758 1607 788 C.
1624 768 1699 798 ⁴35·

185 815 333 855 fecere.
364 815 505 869 Majus
527 816 710 855 additum
733 815 956 855 defectioni
988 816 1128 857 scelus.
1171 816 1218 857 C.
1243 819 1491 870 Fulcinium,
1510 846 1552 875 mi

1512 802 1616 832 Mam.
1634 805 1693 833 AE-

1557 846 1601 877 lio
1619 848 1680 878 ἃς.

187 871 383 912 Cloelium
399 871 585 921 Tullum,
616 872 687 924 Sp.
712 872 903 923 Antium,
925 873 974 913 L.
994 874 1206 925 Roscium,
1238 877 1390 929 legatos
1405 876 1492 916 Ro-
1509 890 1605 922 Trib.
1624 892 1701 923 Mil.

183 942 346 980 manos,
378 929 537 969 causam
570 929 663 969 novi
698 930 849 969 confilii
881 942 1125 983 quaerentes,
1153 932 1260 986 jussu
1278 933 1491 973 Tolumnii
1511 937 1614 988 Legati
1636 939 1715 988 Ram.

181 985 488 1026 interfecerunt.
514 986 671 1026 Levant
688 987 853 1040 quidam
876 988 980 1042 regis
1002 988 1173 1029 facinus.
1197 990 1237 1028 in
1260 991 1491 1030 tesserarum
1510 982 1713 1011 aiz-dmum

182 1043 374 1096 prospero
389 1043 506 1098 jactu
522 1057 664 1083 vocem
681 1045 768 1099 ejus
786 1043 1033 1099 ambiguam,
1057 1056 1102 1085 ut
1122 1047 1252 1086 occidi
1269 1048 1414 1102 jussiss'e
1435 1049 1494 1087 vi-
1513 1028 1576 1069 [ψ’

181 1101 364 1151 deretur,
396 1100 444 1140 ab
461 1101 722 1141 Fidenatibus
738 1112 967 1155 exceptam,
1000 1104 1159 1143 causam
1187 1105 1328 1145 mortis
1351 1106 1493 1160 legatis

180 1156 310 1198 suiffe.
374 1158 483 1197 Rem
518 1159 823 1208 incredibilem3
857 1160 1085 1200 interventu
1115 1161 1387 1211 Fidenatium,
1420 1176 1493 1203 no-

183 1229 328 1254 vorum
345 1214 561 1265 sociorum,
594 1216 892 1256 consulentium
909 1218 958 1257 de
980 1219 1089 1258 caede
1111 1220 1278 1271 ruptura
1305 1221 1373 1274 jus
1394 1234 1493 1274 gen-

181 1272 304 1324 tium,
327 1286 409 1312 non
431 1273 614 1312 aversum
637 1273 685 1313 ab
709 1274 933 1314 intentione
951 1274 1064 1315 lusus
1082 1276 1289 1316 animum:
1322 1280 1383 1330 (1)
1417 1291 1491 1317 nec

179 1329 329 1369 deinde
352 1329 393 1368 in
409 1344 587 1370 errorem
607 1331 765 1370 versum
791 1331 962 1371 facinus.
994 1333 1163 1386 propius
1183 1333 1239 1372 est
1258 1333 1398 1385 fidem,
1421 1334 1493 1374 ob-

181 1385 322 1440 stringi
345 1387 603 1427 Fidenatium
626 1389 840 1441 populum,
876 1402 926 1427 ne
949 1390 1143 1443 respicere
1165 1389 1275 1443 spem
1298 1392 1421 1430 ullam
1442 1391 1492 1433 ab

184 1441 385 1483 Romanis
402 1445 544 1497 posset,
576 1444 819 1485 conscientiffz
833 1446 935 1486 tanti
950 1445 1106 1488 sceleris
1123 1448 1300 1487 voluiffe.
1361 1449 1492 1502 Lega—

1336 1514 1490 1554 torum,

176 1613 239 1657 (6)
263 1613 358 1646 Prior
374 1613 473 1656 quim
491 1615 667 1659 Qindtius
679 1617 865 1648 nominatus
882 1618 932 1649 est.
978 1619 1035 1659 (7)
1058 1619 1173 1650 Tertio
1190 1619 1272 1651 loco.

228 1678 264 1707 C.
283 1685 337 1715 17.
354 1678 409 1718 (1)
426 1677 541 1708 Nescio
558 1689 599 1708 an
622 1678 758 1709 nimium
775 1678 854 1710 mihi
867 1679 1025 1720 sumpsiffe
1039 1681 1150 1711 videar
1167 1682 1249 1713 hanc
1260 1682 1434 1713 lectionem
1450 1694 1490 1715 ex

178 1720 348 1751 codicibus
365 1723 563 1759 reducendo,
578 1723 823 1754 adversantibus
840 1724 985 1755 maximia
1007 1725 1085 1755 viris
1103 1726 1292 1764 Gebhardo,
1308 1728 1491 1766 Gronovio,

182 1765 466 1803 Drakenborchio‚
488 1766 646 1807 editisque
663 1769 729 1798 fere
748 1768 909 1806 omnibus,
932 1769 988 1809 qui
1015 1783 1059 1799 uec
1083 1773 1174 1800 deinde
1191 1774 1217 1800 in
1236 1772 1406 1802 horrorem
1423 1786 1491 1803 ver-

169 1807 359 1850 stemfacinus
374 1813 561 1851 praeferunt.
608 1811 726 1852 Scripti
750 1820 869 1849 autem,
893 1824 959 1843 uno
973 1814 1116 1845 alterove
1130 1823 1276 1856 excepto,
1301 1830 1422 1846 errorem
1434 1817 1491 1848 ha-

176 1854 270 1891 bem,
285 1856 559 1894 quemadmodum
577 1857 739 1886 edendnm
756 1857 877 1887 curavi.
925 1858 973 1888 Illi
989 1859 1158 1900 vulgatum
1176 1860 1435 1901 interpretantur
1451 1873 1489 1894 ac

181 1897 204 1929 sl
228 1899 341 1930 Livius
367 1899 502 1937 dixiffet‚
524 1914 568 1931 nec
584 1903 675 1930 deinde
694 1902 867 1932 Tolumnium
893 1904 1059 1945 exhorruff
1075 1907 1114 1933 ad
1137 1908 1380 1945 {antumfacimts.
1427 1907 1488 1937 Sed

179 1943 293 1974 utrum
320 1943 354 1974 in
380 1944 442 1975 hoc
467 1945 683 1986 sensufacinus
699 1949 776 1976 verti
791 1949 818 1975 in
835 1948 976 1977 horrorem
992 1947 1109 1978 Latine
1127 1948 1190 1980 dici
1209 1949 1313 1989 ponit,
1338 1961 1389 1981 me
1406 1951 1489 1981 mul-

181 1995 252 2018 tum
266 1988 417 2019 dubitare
445 1988 582 2030 ingenue
610 1990 786 2031 profiteor:
820 1992 861 2028 &‚
885 2002 963 2032 pace
980 2000 1147 2023 tantorum
1176 1993 1323 2025 virorum
1341 1994 1489 2033 dixerim,

179 2031 289 2072 aliqua
306 2033 451 2074 exempla
467 2033 574 2064 similis
591 2033 763 2065 locutionis
781 2046 834 2066 eos
856 2036 1023 2077 protulisse
1040 2037 1196 2078 oportuit.
1243 2039 1303 2069 Sed
1320 2039 1487 2071 videamus

180 2087 291 2108 annon
305 2077 464 2113 lectionis,
482 2089 581 2118 quam
594 2078 720 2109 codices
734 2079 843 2121 scripti
855 2088 1000 2118 tuentur,
1016 2082 1121 2112 sensus
1138 2082 1257 2113 clarior
1275 2083 1310 2113 fit
1324 2084 1488 2124 Livioque

180 2121 318 2162 djgnior.
364 2121 454 2153 Dicit
470 2123 575 2154 noster
602 2134 670 2154 rem
686 2123 909 2155 incredibilem
927 2125 997 2162 effe,
1020 2125 1083 2166 qud
1109 2127 1240 2167 quidam
1268 2127 1376 2158 levare
1405 2129 1486 2170 regis

182 2166 306 2197 facinus
332 2167 524 2205 tentabant3
548 2168 646 2209 idque
663 2169 705 2198 ob
732 2169 811 2200 duas
836 2170 952 2200 causas.
980 2170 1088 2211 primi)
1104 2171 1294 2202 incredibile
1311 2171 1370 2203 esse
1387 2173 1488 2204 inter·-

181 2217 283 2241 ventu
301 2210 515 2248 Fidenatium,
537 2212 774 2243 consulentium
803 2215 842 2244 de
859 2215 947 2245 caede
970 2215 1162 2256 legatorum,
1185 2227 1251 2246 non
1269 2218 1416 2248 aversum
1445 2217 1486 2248 ab

181 2252 362 2286 intentione
387 2255 475 2287 lusfis
490 2256 660 2287 Tolumnii
677 2257 830 2288 animum.
848 2259 1001 2296 secundo,
1023 2258 1045 2289 si
1069 2260 1120 2290 vel
1143 2260 1204 2291 hoc
1221 2262 1419 2292 credendum
1437 2262 1485 2298 fit,

181 2298 216 2328 ἃ
233 2308 377 2329 errorem
401 2301 525 2331 factum
541 2300 631 2332 suiss'e
648 2303 857 2340 concedatur,
878 2303 1069 2334 incredibile
1097 2312 1205 2335 tamen
1222 2305 1282 2335 ess'e
1288 2309 1407 2346 facinus
1435 2320 1486 2337 non

179 2344 272 2372 deinde
287 2345 490 2387 vessumfuff
504 2349 533 2376 in
549 2359 681 2382 errorem,
703 2346 736 2377 h.
755 2358 780 2377 e.
797 2356 972 2389 purgatum
997 2348 1091 2389 culp&
1108 2348 1141 2378 in
1159 2360 1304 2380 errorem
1321 2350 1486 2391 conjecft2⁶13

180 2388 271 2427 quod
297 2386 468 2428 'nunquam
492 2391 624 2421 fad-tum.
672 2390 723 2421 Sic
740 2392 836 2432 suprfk
863 2403 888 2423 c.
919 2402 949 2433 9.
975 2406 1082 2434 quaeque
1096 2396 1157 2424 alia
1178 2397 1207 2423 in
1225 2394 1315 2424 Dez‘bn
1342 2398 1401 2425 iras
1419 2408 1486 2425 ver-

178 2438 250 2462 tunt.
278 2431 364 2462 infra
391 2444 417 2463 c.
442 2442 497 2471 25.
524 2437 631 2476 culpam
659 2438 687 2465 in
715 2437 819 2466 Patres
845 2444 963 2467 vertere.
990 2437 1009 2467 l.
1036 2447 1086 2476 30.
1114 2449 1140 2469 c.
1170 2448 1224 2470 22.
1250 2442 1358 2480 culpam
1382 2450 1485 2469 omnem

178 2477 242 2507 belli
268 2479 297 2506 in
330 2478 520 2508 Hannibalem
544 2486 688 2510 vertentes.
733 2481 811 2511 Tac.
838 2481 861 2512 l.
897 2491 923 2512 1.
949 2484 1041 2513 Ann.
1068 2493 1094 2513 c.
1121 2492 1176 2522 53.
1199 2486 1316 2524 famam
1346 2486 1424 2514 caedis
1456 2487 1485 2515 in

179 2523 366 2563 Asprenatem
393 2526 479 2552 verti.
510 2523 530 2553 l.
562 2533 590 2560 4.
620 2524 699 2554 Hist.
730 2536 756 2555 c.
786 2534 836 2563 25.
870 2529 978 2568 culpam
1009 2529 1094 2557 cladis
1120 2531 1146 2557 1'71
1178 2529 1364 2559 Hordeonium
1393 2536 1486 2559 vertam

179 2567 238 2596 bot.
284 2568 390 2602 Error,
409 2577 481 2608 pro,
504 2575 673 2608 peccatum
699 2568 884 2600 inconsulto
911 2571 1090 2608 admiffum,
1113 2574 1266 2612 frequens
1292 2573 1342 2604 est.
1367 2573 1485 2603 Obser-

182 2611 326 2642 vandum
354 2622 455 2653 porro
471 2612 657 2650 lectionem,
683 2623 781 2654 quam
796 2613 830 2644 in
847 2622 1035 2647 contextum
1060 2617 1180 2657 recepi,
1207 2617 1401 2659 jampridem
1418 2617 1485 2658 Sig-

180 2655 257 2689 onio
285 2656 457 2700 placuiffe:
483 2658 537 2690 sed
566 2657 829 2692 existimationem
845 2659 912 2700 ejus
934 2659 1069 2693 forfitan
1097 2660 1261 2694 imminuit
1287 2662 1354 2700 ille,
1375 2662 1485 2712 locun}

1383 2714 1483 2747 prave
