1853 3158
367 281 1037 329 LIBERIV.CAP.
1100 278 1194 323 XII.
1568 289 1646 333 273

183 400 279 441 XII.
296 400 381 441 Pax
395 399 505 440 domi
526 397 701 451 forisque
724 397 802 436 fuit
827 399 864 437 &
887 397 966 437 hoc
990 399 1030 438 &
1054 397 1288 450 insequente
1306 406 1427 444 anno,
1449 410 1489 440 U.
1503 419 1528 439 c.
1549 419 1623 448 314,

126 457 176 499 C.
199 458 321 498 Furio
341 457 477 497 Pacilo
497 458 537 496 δι’
560 455 622 495 Μ.
641 455 801 507 Papirio
834 455 971 495 Crasso
998 455 1242 494 consulibus.
1304 455 1428 502 Ludi,
1449 457 1490 485 A.
1508 455 1543 484 C.
1559 454 1634 504 438¹

130 515 180 555 ab
202 512 439 555 decemviris
472 525 543 565 per
576 511 829 551 seceffionem
855 511 982 564 plebis
1010 526 1032 551 a
1064 512 1253 551 Patribus
1294 526 1344 551 ex
1374 511 1431 551 se-
1450 500 1652 574 {4¹:332}sp

127 571 427 612 natusconsulto
447 569 547 619 voti,
566 582 615 608 eo
631 583 738 608 anno
750 568 849 608 faeti
871 568 974 607 sunt.
1036 568 1165 608 Causa
1188 569 1431 608 seditionum
1451 566 1534 621 Co'ffi
1567 554 1586 584 p

129 630 402 682 nequicquam
423 641 445 666 a
465 626 639 665 Poetelio
675 626 851 679 quaesita.
883 625 968 678 qui,
994 625 1180 665 tribunus
1208 626 1335 679 plebis
1360 627 1434 665 ite-

131 699 225 724 rum
247 689 309 739 (1)
330 699 376 724 ea
398 683 479 737 ipsa
499 683 784 723 denunciando
806 681 955 731 factus,
985 694 1133 735 neque,
1160 692 1205 721 ut
1237 684 1285 722 de
1328 683 1433 737 agris

129 742 356 782 dividendis
370 741 477 794 plebi
492 739 688 780 referrent
709 739 892 780 consules
909 740 959 778 ad
980 738 1179 787 senatum,
1201 741 1434 792 pervincere

132 799 288 852 potuit:
322 801 382 848 δε,
414 812 542 851 quum
564 811 713 851 magno
734 797 953 837 certamine
980 794 1224 844 obtinuisset,
1262 806 1307 835 ut
1337 809 1435 837 con-

133 856 357 896 sulerentur
370 854 526 903 Patres,
548 854 759 894 consulum
774 867 824 893 an
838 852 1095 893 tribunorum
1114 855 1288 906 placeret
1311 853 1436 893 comi-

133 914 189 953 tia
221 912 373 960 haberi,
395 912 578 952 consules
613 911 739 951 creari
775 910 867 967 jussi
902 910 1006 950 sunt.
1039 911 1295 964 ludibrioque
1324 921 1438 950 erant

134 971 255 1010 minae
280 969 446 1017 tribuni,
487 968 769 1008 denunciantis
802 967 841 1007 se
871 968 1076 1008 delenum
1119 968 1440 1021 impediturum;

133 1041 278 1080 quum,
301 1026 446 1079 quietis
465 1025 665 1075 finitimis,
685 1039 817 1078 neque
839 1025 960 1074 bello,
982 1039 1113 1079 neque
1135 1025 1228 1065 belli
1245 1034 1441 1079 apparatu

131 1098 236 1137 opus
257 1084 362 1122 effet.
423 1083 617 1137 Sequitur
637 1083 742 1122 hanc
758 1083 1091 1135 tranquillitatem
1124 1096 1262 1122 rerum
1294 1097 1440 1132 annus,
1458 1100 1500 1128 A.
1514 1098 1549 1129 c,
1568 1106 1638 1136 315-

134 1141 310 1182 Proculo
328 1141 517 1195 Geganio
534 1140 761 1189 Macerino,
778 1141 826 1179 L.
844 1140 1042 1179 Menenio
1077 1140 1234 1180 Lanato
1268 1139 1441 1180 consuli·
1461 1144 1499 1173 U.
1514 1153 1539 1173 c.
1555 1151 1636 1180 4370

134 1199 228 1249 bus,
262 1198 476 1251 multiplici
509 1198 620 1237 clade
656 1212 701 1237 ac
734 1198 915 1251 periculo
957 1197 1134 1252 insignis,
1164 1197 1440 1246 seditionibus,
1461 1189 1666 1261 ProcLGlengZ:

136 1255 260 1304 farne,
292 1269 417 1310 regno
448 1254 573 1309 prope
595 1269 666 1308 per
687 1254 910 1308 largitionis
928 1255 1185 1294 dulcedinem
1208 1255 1248 1293 in
1267 1255 1441 1295 cervices
1460 1242 1558 1307 {1330
1572 1253 1665 1307 ’θοᾶς

136 1316 394 1367 accepto(2).
455 1313 603 1352 Unum
621 1312 723 1352 afuit
747 1312 900 1351 bellum
928 1322 1167 1352 externum:
1199 1327 1281 1365 quo
1315 1313 1339 1351 fi
1375 1327 1444 1367 ag·-

139 1379 312 1423 gravatae
345 1384 409 1409 res
439 1370 576 1418 essent,
608 1370 673 1409 vix
712 1383 788 1423 ope
820 1369 1008 1408 Deorum
1042 1369 1227 1409 omnium
1246 1370 1444 1424 (3)res1sti

141 1427 339 1479 potuisset.
401 1426 575 1480 Coepere
618 1441 640 1466 a
676 1426 783 1466 fame
824 1427 944 1474 mala,
985 1425 1052 1466 seu
1088 1426 1274 1466 adversus
1316 1441 1446 1467 annus
1465 1434 1574 1463 Fames,

141 1483 327 1538 frugibus
344 1482 437 1532 fuit,
460 1483 527 1522 seu
555 1484 769 1523 dulcedine
798 1484 1043 1523 concionum
1079 1487 1120 1525 &
1150 1483 1259 1524 urbis
1293 1484 1449 1524 deserto

140 1555 331 1595 agrorum
348 1541 458 1580 cultu
474 1555 482 1579 :
515 1554 608 1579 nam
626 1542 846 1594 utrumque
863 1541 1046 1580 traditur.
1081 1543 1122 1582 &
1135 1541 1275 1581 Patres
1289 1541 1450 1595 plebem

141 1598 332 1646 defidem,
353 1600 390 1637 8<
410 1596 561 1636 tribuni
586 1597 713 1649 plebis
744 1611 853 1636 nunc
893 1597 1080 1637 fraudem
1106 1612 1214 1639 nunc
1241 1600 1451 1653 negligen-

142 1655 241 1693 tiam
267 1653 478 1694 consulum
507 1653 759 1694 accusabant.
819 1652 1032 1694 Postremo
1053 1657 1265 1708 perpulere
1287 1656 1450 1708 plebeii,

140 1711 250 1751 haud
272 1711 503 1751 adversante
534 1710 687 1760 senatu,
725 1720 770 1751 ut
797 1710 846 1751 L.
885 1711 1100 1753 Minucius
1127 1712 1347 1766 praefeC'tus
1379 1728 1451 1753 an-

142 1782 261 1807 nonae
281 1778 509 1816 crearetur3
532 1767 688 1808 felicior
715 1768 756 1807 in
790 1782 839 1807 eo
867 1768 1102 1823 magistratu
1134 1771 1184 1809 ad
1226 1771 1451 1810 custodiam

140 1825 336 1865 libertatis
376 1825 553 1875 futurus,
583 1824 707 1893 quam
747 1826 798 1865 ad
829 1826 1081 1866 curationem
1118 1827 1327 1868 ministerii
1364 1828 1451 1869 sui:

145 1896 380 1936 quanquam
416 1882 620 1936 postremo
661 1896 834 1923 annonae
863 1897 1026 1936 quoque
1058 1885 1198 1925 levatae
1234 1885 1344 1925 haud
1375 1886 1452 1925 im-

146 1941 332 1979 meritam
367 1943 405 1980 &
442 1940 612 1994 gratiam
648 1942 689 1981 &
726 1941 896 1995 gloriam
932 1941 1037 1980 tulit.
1101 1942 1186 2000 Qi
1213 1945 1276 1996 (4)
1304 1958 1451 1996 quum,

145 1998 284 2037 multis
302 1998 405 2038 circa
426 1996 621 2037 finitimos
642 1999 814 2050 populos
835 1998 1102 2052 legationibus
1131 2001 1236 2039 terra
1269 2001 1453 2054 marique

147 2055 421 2108 nequicquam
451 2054 588 2104 miffis,
619 2055 706 2108 (nifi
730 2056 843 2108 quod
865 2069 913 2094 ex
931 2055 1092 2096 Etruria
1123 2056 1232 2097 haud
1266 2058 1321 2097 ita
1347 2060 1453 2097 mulae

148 2123 236 2152 tum
255 2111 449 2162 frumenti
465 2111 682 2151 advectum
699 2112 773 2167 est)
803 2113 961 2152 nullum
991 2124 1247 2154 momentum
1280 2129 1454 2156 annonae

150 2169 325 2218 feciss'et3
360 2172 419 2221 &‚
437 2172 500 2224 (5)
516 2171 722 2211 revolutus
737 2170 786 2210 ad
803 2169 1139 2223 dispensationem
1161 2172 1324 2226 inopiae,
1347 2188 1454 2270 ipro--w

1379 2242 1454 2271 teri

199 2344 235 2375 C.
249 2352 301 2375 12.
315 2345 369 2385 (1)
382 2345 427 2375 Ea
440 2353 556 2386 nempe
572 2355 644 2385 quae
655 2354 732 2376 mox
746 2353 947 2377 memoratur
958 2345 1074 2378 frustra
1089 2345 1238 2389 jadiaffin
1262 2346 1293 2378 se
1305 2347 1346 2378 de
1362 2357 1455 2389 agro·

153 2397 228 2419 rum
244 2387 400 2420 divisione
417 2389 447 2419 Sc
464 2389 504 2420 de
521 2389 731 2421 tribunorum
747 2389 938 2421 militarium
954 2391 1093 2423 comitiis
1109 2393 1274 2423 acturum.
1319 2394 1375 2434 (2)
1390 2394 1456 2424 Lo-

155 2432 246 2463 cutio
278 2433 420 2464 deduc'ta
461 2433 501 2463 ab
539 2433 743 2471 animalibus,
771 2445 914 2475 quorum
945 2437 1030 2467 collo
1063 2437 1177 2478 jugum
1207 2436 1332 2478 imponi
1365 2437 1454 2468 solet.

154 2477 211 2518 (3)
229 2477 418 2508 Gronovius
430 2476 507 2518 legit
512 2478 574 2520 sfit
584 2479 709 2520 potmffit
719 2494 729 2513 ;
757 2480 846 2518 quod
856 2479 1008 2511 lubenter
1024 2480 1058 2511 in
1076 2488 1265 2512 contextum
1297 2481 1456 2523 recipere·-

155 2531 237 2559 mus,
270 2521 293 2552 fi
332 2522 383 2552 vel
415 2521 511 2552 unius
536 2521 656 2553 codicis
687 2523 864 2554 auctoritas
906 2526 1082 2557 accederet.
1145 2526 1202 2567 (4)
1229 2529 1457 2570 Qum...nullum

154 2573 313 2596 momentum
329 2566 567 2608 annonaeflcff’t,
581 2567 784 2608 &napcriret
797 2571 893 2610 magis,
903 2570 984 2610 qutim
1000 2571 1119 2606 levaret,
1131 2573 1264 2612 inopiam,
1278 2574 1387 2613 cogendo
1397 2571 1458 2602 ἃς.

156 2611 276 2641 Nullum
289 2613 563 2651 momentumfacne,
578 2618 614 2641 ut
631 2610 727 2652 supra
744 2612 763 2642 l.
782 2621 809 2642 1.
839 2623 866 2643 c.
899 2623 951 2652 47.
998 2615 1123 2646 Contra
1147 2627 1274 2656 magnum
1301 2624 1459 2646 momentum

148 2656 260 2694 facere,
281 2654 369 2686 infra
386 2655 406 2686 l.
424 2656 475 2687 28.
487 2666 517 2687 c.
534 2665 584 2694 13.
628 2656 684 2697 (5)
701 2657 748 2686 Εὸ
765 2656 872 2688 redire
884 2659 1027 2695 coactus,
1050 2666 1085 2690 ut
1105 2658 1257 2701 exiguum
1278 2659 1359 2691 illud
1391 2662 1458 2690 fru⁶

159 2699 372 2739 menti,quod
385 2707 453 2732 erat
477 2700 512 2731 in
529 2700 621 2739 urbe,
651 2700 794 2741 quodam
826 2701 942 2736 ordine
966 2703 1216 2747 dispensandum
1237 2712 1377 2740 curaret,
1392 2715 1459 2734 non

204 2744 298 2776 Tor-1.
317 2745 341 2774 Ι.
486 2781 495 2786 ἣ
814 2746 846 2777 Τ
1340 2747 1455 2787 cuique
