1853 3158
400 278 436 331 L
466 274 489 329 '1'
515 288 547 329 B
578 287 611 328 E
641 287 682 328 R
742 287 817 327 111.
879 289 916 330 c
948 290 986 329 A
1017 289 1062 329 P.
1125 290 1260 332 xxv.
1602 304 1676 344 195

166 404 318 457 visum:
349 403 654 454 affirmantibus,
685 406 745 457 (4)
764 402 833 456 qui
850 402 929 443 una
944 414 1186 456 meruerant,
1209 406 1342 446 secum
1362 419 1456 445 eum

170 473 256 502 tum
279 464 340 516 (5)
360 461 612 514 frequentem
643 462 692 500 ad
715 462 819 515 signa
852 461 930 499 fine
961 464 1042 501 ullo
1073 473 1301 503 commeatu
1330 463 1456 503 fuisse.

167 522 229 574 (6)
251 521 293 559 ni
320 520 372 558 ita
404 517 511 567 effet,
543 518 658 557 multi
679 518 864 571 privatim
886 517 1067 558 ferebant
1095 521 1259 560 Volscio
1287 521 1456 575 judice&

170 578 311 635 Qum
333 576 382 615 ad
412 576 614 631 judicium
636 575 691 615 ire
727 585 808 614 non
835 575 1014 624 auderet,
1045 591 1184 617 omnes
1217 592 1275 617 eoe
1307 592 1384 626 res,
1416 578 1457 616 in

170 644 297 679 unum
331 643 612 688 congruentes,
657 632 766 672 haud
799 633 925 686 magis
960 632 1123 673 dubiam
1158 635 1459 674 damnationem

168 692 334 740 Volscii,
356 694 477 743 quam
497 690 678 730 Kaesonis
700 693 761 744 (7)
781 690 946 729 Volscio
966 690 1063 729 teste
1080 691 1224 741 suerat,
1245 691 1457 732 faciebant.

168 750 216 789 In
247 747 360 789 morft
380 749 528 788 tribuni
561 758 688 797 erant,
720 748 790 801 qui
811 748 972 787 comitia
1008 748 1223 800 quaestores
1244 749 1389 789 habere
1410 751 1459 789 de

168 821 252 856 reo,
282 807 352 845 nifi
386 805 496 860 prius·
517 806 652 845 habita
680 806 729 845 de
765 807 851 859 lege
885 806 1020 853 essent,
1051 806 1225 858 passuros
1248 807 1458 860 negabant.

168 864 222 907 ita
243 864 421 904 extra&a
443 875 610 916 utraque
624 877 689 909 *res
720 863 760 902 in
782 862 990 902 consulum
1013 864 1228 902 adventum
1246 863 1314 902 est.
1376 864 1462 921 Qi

170 921 238 961 ubi
273 921 565 975 triumphantes
598 921 751 961 vi&ore
773 934 867 960 cum
889 921 1067 959 exercitu
1102 920 1243 960 urbem
1270 921 1461 969 inierunt,

168 979 261 1032 quia
284 980 479 1018 silentium
497 980 545 1018 de
567 980 653 1033 lege
683 988 783 1028 erat,
814 977 1013 1031 perculsos
1035 992 1180 1031 magna
1216 982 1306 1031 Pars
1327 979 1464 1017 crede-

168 1036 264 1076 bant
285 1037 479 1076 tribunos.
542 1037 599 1076 At
621 1037 692 1084 illi,
714 1037 880 1089 (etenim
898 1046 1123 1086 extremum
1146 1036 1239 1074 anni
1257 1037 1341 1092 jam
1361 1039 1463 1089 erat)

168 1105 356 1147 quartum
380 1094 614 1134 affectantes
632 1093 898 1143 tribunatum,
930 1094 971 1132 in
993 1092 1250 1133 comitiorum
1270 1093 1465 1146 discepta-

168 1153 319 1192 tionem
339 1152 388 1192 ab
409 1154 495 1206 lege
518 1161 723 1191 certamen
745 1160 980 1191 averterant.
1008 1154 1041 1191 8<
1065 1165 1191 1204 quum
1202 1150 1388 1201 consules
1403 1151 1464 1189 ni-

167 1210 250 1249 hilo
281 1208 417 1250 minus
437 1207 626 1249 adversus
648 1209 994 1257 continuationem
1016 1207 1258 1256 tribunatus,
1290 1206 1413 1260 quam
1437 1208 1463 1247 fi

167 1269 231 1307 lex
254 1264 482 1307 minuendae
516 1267 595 1306 suae
616 1267 830 1319 majestatis
852 1267 972 1306 causa
1004 1267 1255 1320 promulgata
1277 1265 1464 1313 ferretur,

169 1325 437 1376 tetendissent,
458 1325 626 1364 victoria
642 1318 871 1365 certaminis
894 1337 1014 1377 penes
1034 1323 1215 1363 tribunos
1235 1322 1325 1361 fuit.
1386 1323 1465 1362 Eo-

169 1384 262 1422 dem
284 1398 388 1422 anno
421 1383 568 1434 AEquis
590 1397 665 1435 pax
687 1382 743 1421 est
775 1381 1002 1435 petentibus
1036 1382 1138 1420 data.
1201 1379 1371 1428 Census,
1403 1394 1465 1420 res

170 1440 302 1494 priore
323 1454 428 1479 anno
450 1439 650 1487 inchoata,
670 1438 902 1492 perficitur:
933 1439 1052 1491 idque
1066 1438 1234 1477 lustrum
1247 1437 1295 1477 ab
1312 1438 1464 1492 origine
1485 1453 1613 1496 ngstrnm
1629 1456 1672 1485 dc„

171 1497 280 1538 urbis
302 1498 504 1537 decimum
537 1497 758 1536 conditum.
820 1497 1000 1536 Fuerunt
1031 1495 1145 1534 censa
1167 1496 1315 1535 civium
1336 1496 1466 1548 capita
1483 1501 1594 1529 cimum·

171 1565 335 1595 centum
358 1554 640 1608 septemdecim
662 1553 785 1592 millia
806 1562 983 1593 trecenta
1004 1553 1295 1592 novemdecim.
1357 1552 1467 1592 Con-

171 1613 302 1651 sulum
323 1626 467 1666 magna
489 1611 598 1650 domi
617 1612 791 1663 bellique
810 1625 858 1649 eo
880 1624 985 1649 anno
1007 1611 1131 1663 gloria
1153 1609 1255 1649 fuit:
1291 1608 1403 1662 quod
1426 1613 1467 1651 δε

170 1670 268 1710 foris
291 1682 431 1722 pacem
460 1682 664 1722 peperere,
698 1671 735 1708 δε
761 1668 885 1716 domi,
916 1667 983 1706 etsi
1008 1681 1088 1705 non
1117 1681 1299 1717 concors,
1330 1665 1466 1707 minus
1487 1684 1526 1713 U.
1545 1694 1570 1713 c.
1588 1683 1666 1723 296,

171 1737 322 1775 tamen,
354 1726 477 1779 quam
495 1725 606 1773 alias,
640 1728 700 1779 (8)
732 1724 873 1764 infesta
895 1724 1032 1764 civitas
1054 1723 1145 1763 fuit.
1485 1730 1530 1758 A.
1548 1729 1583 1758 C.
1601 1728 1676 1766 456.

229 1784 366 1824 XXV.
413 1784 461 1823 L.
486 1783 698 1823 Minucius
720 1782 811 1822 inde
837 1785 874 1822 &
899 1782 946 1821 C.
969 1781 1144 1821 Nautius
1167 1781 1348 1822 consules
1367 1781 1466 1823 faeti
1485 1773 1525 1823 Ῑῖ·
1552 1772 1665 1802 Minu-

171 1844 269 1882 duas
302 1842 474 1881 residuas
510 1841 602 1880 anni
639 1840 780 1894 prioris
817 1839 952 1880 causas
983 1850 1238 1893 exceperunt.
1312 1840 1466 1880 Eodem
1484 1818 1690 1893 ξιιὲἲῖἕέἶ

174 1961 206 2003 ἃ
218 1959 302 1991 alibi.
350 1959 404 2001 (4)
429 1958 493 2003 Qi
511 1961 584 1990 cu'm
601 1958 656 1989 illo
674 1957 828 1998 stipendia
851 1958 1005 1988 fecerant.
1053 1957 1108 1998 (5)
1132 1955 1303 1988 Affiduum
1320 1956 1410 1989 fuiss‘e
1427 1958 1467 1989 ad

175 2006 270 2046 signa,
285 2006 372 2045 apud
384 2004 578 2041 exercitum3
603 2014 660 2046 nec
677 2001 779 2034 ullum
796 2002 954 2043 sumpsisse
971 2003 1010 2033 ab
1027 2001 1222 2043 imperatore
1254 2010 1469 2034 commeatum

173 2050 236 2080 {ive
249 2049 433 2080 facultatem
446 2048 626 2079 discedendi
643 2048 683 2078 ab
700 2043 849 2078 exercitu.
897 2046 953 2088 (6)
977 2049 1095 2077 Praeter
1111 2046 1292 2087 quaestores,
1315 2047 1369 2087 qui
1388 2048 1470 2088 pub-³

173 2094 230 2125 lice
246 2095 276 2124 ὃ(
288 2093 321 2123 vi
337 2093 534 2135 magistratus
552 2093 596 2124 sui
610 2093 773 2123 Volscium
786 2092 988 2128 accusabant,
1010 2091 1102 2122 multi
1120 2091 1273 2132 privatim
1290 2092 1320 2122 Sc
1334 2092 1390 2123 suo
1411 2104 1468 2123 no-

173 2138 257 2169 mine
268 2138 387 2170 eumin
401 2139 451 2179 jus
468 2138 647 2175 vocabantss
663 2138 851 2178 spondendo
867 2137 897 2167 se
908 2145 1027 2167 certam
1045 2137 1207 2176 quandam
1224 2136 1369 2177 pecuniae
1386 2137 1469 2167 sum-

174 2195 258 2214 mam
271 2185 413 2220 daturos,
436 2183 469 2213 ni
486 2183 661 2224 probarent
691 2193 758 2212 rem
774 2181 819 2212 ita
841 2181 911 2218 esse,
934 2181 1206 2221 quemadmodum
1222 2182 1464 2212 contenderent.

176 2230 248 2259 Hoc
261 2228 388 2259 solenne
405 2235 472 2258 erat
489 2227 712 2260 inintentione
728 2225 800 2257 litis.
850 2228 952 2256 Porro
969 2237 1070 2266 quum
1086 2227 1393 2267 ac‘torferrejucliccm
1412 2237 1467 2257 reo

174 2272 303 2308 dicitur,
327 2271 569 2314 intelligendum
584 2272 627 2303 est
643 2272 683 2302 ab
700 2282 737 2302 co
751 2270 941 2302 nominatim
958 2270 1067 2301 offerri
1084 2282 1120 2301 ac
1136 2270 1276 2311 proponi
1293 2270 1432 2310 aliquem
1450 2282 1468 2301 e

174 2317 344 2358 judicibus,
359 2319 446 2358 apud
463 2328 558 2358 quem
575 2318 614 2348 de
629 2317 699 2357 jure
711 2315 878 2356 utriusque
890 2315 1122 2356 disceptaretur
1136 2328 1142 2344 z
1169 2314 1224 2354 qui
1238 2314 1257 2344 si
1272 2315 1468 2356 probaretur

176 2366 242 2398 reo,
276 2369 346 2392 tum
366 2363 453 2403 judex
485 2362 630 2404 convenffe
664 2360 840 2391 dicebatur.
899 2361 1010 2403 Qum
1035 2359 1143 2391 autem
1174 2359 1207 2389 in
1231 2359 1367 2401 fingulas
1396 2358 1467 2390 lites

174 2406 325 2448 judicem,
347 2406 399 2437 vel
422 2406 543 2447 judices
559 2405 628 2436 dari
657 2413 822 2446 oporteret
840 2405 880 2436 ab
896 2416 935 2435 eo
962 2405 1158 2446 magistratu,
1187 2404 1276 2444 cujus
1293 2412 1360 2435 erat
1376 2404 1468 2444 juris-

175 2450 288 2487 dictio,
309 2459 424 2491 nempe
441 2449 551 2492 primis
568 2450 767 2491 temporibus
784 2461 801 2480 a
822 2449 960 2486 consule,
983 2450 1089 2490 postea
1112 2460 1130 2479 a
1147 2455 1307 2490 praetore3
1330 2449 1422 2479 actor
1435 2449 1468 2478 δε

176 2506 247 2526 reus
264 2495 477 2527 communiter
490 2495 530 2525 ab
547 2506 584 2526 eo
598 2494 811 2536 postulabant,
833 2502 868 2525 ut
883 2493 934 2524 hic
945 2494 1000 2534 qui
1017 2499 1212 2524 convenerat
1230 2492 1285 2523 fibi
1300 2494 1396 2534 judex
1413 2494 1468 2523 da-

174 2549 272 2571 retur.
308 2539 377 2571 Hzic
389 2548 496 2570 autem
512 2539 834 2580 phrafifirrejudicem
848 2538 951 2569 utitur
964 2538 1076 2569 Livius
1087 2537 1171 2568 infra
1182 2549 1208 2568 c.
1227 2547 1278 2576 57.
1294 2538 1313 2568 l.
1327 2538 1353 2568 8.
1370 2549 1395 2568 c.
1413 2547 1464 2577 33.

174 2586 194 2615 l.
214 2595 241 2625 9.
258 2596 283 2616 c.
303 2595 329 2615 1.
376 2586 619 2624 Nonnunquam
644 2584 735 2614 aecor
764 2594 819 2614 reo
846 2583 955 2617 dabat,
976 2591 1011 2614 ut
1033 2583 1099 2624 ipse
1113 2585 1231 2623 judicem
1261 2584 1368 2619 diceret,
1389 2581 1410 2612 i.
1439 2593 1464 2613 e,

175 2641 248 2660 eum
265 2641 282 2660 e
296 2629 466 2670 judicibus,
488 2640 583 2669 quem
611 2627 668 2669 ipfi
693 2628 869 2665 videretur,
892 2628 1020 2669 eligeret
1041 2631 1071 2657 &
1087 2639 1104 2658 a
1121 2626 1303 2668 magistratu
1331 2626 1467 2668 pustula-

175 2682 232 2705 ret.
281 2674 329 2705 Sic
342 2674 427 2706 infra
443 2685 469 2706 c.
488 2673 539 2712 56.
586 2674 640 2714 (7)
666 2673 717 2706 Ob
731 2672 944 2704 testimonium
962 2672 1088 2704 Volscii.
1136 2672 1190 2712 (8)
1213 2671 1327 2703 Minus
1354 2680 1468 2701 vexata

174 2719 346 2750 discordiisx

799 2776 843 2818 vO
876 2790 898 2819 2
911 2789 916 2792 ⁴
1346 2775 1466 2816 modo
