1853 3158
149 302 236 342 420

152 400 381 444 Contrahere
400 400 547 442 bellum.
570 404 667 456 389.

153 458 441 514 Controvetssostz
463 474 523 499 res
546 471 596 512 25
605 472 644 513 5.

154 517 366 558 Convellere
369 515 501 571 signa.
526 529 623 569 232.

153 575 378 615 Convertere
384 574 513 629 figna.
530 573 586 614 ib.
608 573 832 613 Convertere
835 569 879 627 se

211 634 309 671 inter
329 632 616 672 venerationem.
644 631 740 686 369.

160 689 379 729 Convolare.
414 701 507 730 120.

157 745 396 801 Co'optqfflnt,
449 759 522 800 pro
588 743 880 800 cobptaverint.

216 816 270 854 24
276 816 314 857 5.

157 860 323 903 Co'o'riri.
370 872 462 915 123.
496 859 634 900 Cob'rta
673 861 746 899 vis.
790 870 882 910 179.

201 918 347 974 seditio.
371 931 392 971 3
401 918 468 970 56.
484 916 613 956 hiems.
637 930 658 970 3
667 929 734 968 59.

162 975 346 1029 Copulare
364 974 605 1014 concordiam.
630 987 651 1027 3
664 974 727 1013 16.

162 1033 338 1087 Coquere.
364 1035 460 1073 208.

164 1091 297 1130 Corbis
318 1102 388 1144 92.

163 1148 320 1189 Corona.
330 1147 404 1202 sub
419 1145 566 1185 corond.
592 1146 685 1185 108.

163 1205 321 1258 Corpus.
341 1204 437 1258 269.

164 1262 374 1316 Corrigere.
395 1273 490 1314 379.

166 1319 313 1359 Crates.
322 1319 395 1373 sub
415 1327 517 1357 crate
537 1316 674 1355 necari.
699 1326 765 1368 75.
791 1324 887 1367 325.

166 1375 308 1418 Creare
340 1374 611 1430 magistratum.
661 1384 754 1424 127.
795 1371 887 1422 167.

226 1436 322 1476 208.
343 1445 438 1486 231.
463 1434 560 1486 383.
583 1442 682 1485 405.

166 1491 283 1532 Credi
302 1488 443 1530 melius.
472 1500 565 1530 122.

167 1548 349 1603 Crescere.
382 1559 450 1600 70.

168 1606 339 1646 Crimine
387 1604 572 1651 innoxius,
621 1601 753 1656 iaefims.
792 1612 813 1654 3
825 1611 839 1640 1
851 1611 873 1652 7
880 1629 889 1640 .

166 1663 344 1705 Crimina
356 1661 409 1701 ad
417 1660 569 1714 plebem.
596 1660 693 1712 367.

167 1721 282 1768 Cum,
326 1716 653 1770 subintelligitur.
690 1727 759 1770 25.
791 1726 841 1765 41
857 1726 890 1754 1.

167 1778 291 1819 Cuneo
307 1786 478 1829 rumpere
496 1773 614 1813 viam.
637 1786 730 1826 149.

168 1835 267 1875 Cur.
288 1834 510 1874 committere
523 1846 605 1871 cur.
622 1844 721 1879 400.

170 1893 278 1933 Cura
293 1891 455 1944 publica.
475 1901 570 1942 274.

172 1950 330 1991 Curatio
349 1948 459 1987 altior
465 1944 620 2002 fastigio
622 1945 705 1999 sizo.
731 1956 744 1982 1
758 1956 822 1997 19.

171 2008 310 2047 Curiae.
339 2008 405 2051 28.
430 2003 555 2045 Curia
577 2001 767 2042 Hostilia.
791 2001 861 2050 46.

174 2064 339 2105 Curiata
361 2062 522 2102 comitia.
544 2072 644 2110 410.

172 2123 368 2162 Curiones.
396 2132 411 2159 1
423 2131 489 2171 74.

173 2179 336 2218 Curules
357 2175 607 2230 magistratus.
627 2174 724 2225 267.

174 2235 361 2291 Czstodiae.
386 2237 482 2275 268.

171 2292 350 2349 Cyprius
372 2291 499 2331 vicus.
523 2301 590 2341 71.

491 2402 547 2444 D.

174 2524 398 2564 Damnatus
418 2519 507 2558 voti.
532 2528 629 2572 373.

174 2581 390 2622 Damnum.
415 2578 512 2629 328.

175 2637 289 2679 Dare
301 2634 472 2689 signum.
500 2645 514 2671 1
529 2644 544 2670 1
559 2643 594 2671 1.
617 2631 714 2685 389.
736 2628 896 2675 nomina.

695 282 1125 328 INDEX.

994 400 1184 440 bertatem.
1207 411 1303 453 219.
1336 397 1450 438 Dare
1478 398 1519 438 id
1533 401 1661 452 generi

996 472 1039 498 ac
1059 458 1210 497 nomini.
1230 470 1326 510 237.
1341 457 1475 510 gratiae
1489 456 1661 509 alictgjus.

1000 527 1096 567 272.
1119 516 1277 568 aliquem
1300 514 1469 553 manibus
1485 512 1662 567 clefunc‘it'.

1002 575 1097 613 282.
1113 581 1253 625 tempus
1266 587 1309 612 ac
1327 586 1385 610 res
1400 570 1492 610 dant
1491 571 1547 624 se
1567 570 1664 622 376.

939 630 1117 671 Dativus
1147 638 1302 682 quartae
1323 626 1603 669 declinationis
1625 625 1667 664 in

999 702 1037 726 u.
1082 698 1176 738 274.
1200 687 1352 739 quintae
1386 682 1669 725 declinationis

998 744 1039 782 in
1074 759 1104 782 e.
1130 756 1225 797 357.
1253 756 1329 796 pro
1351 742 1543 796 genitivo.
1569 752 1664 782 210.

1002 813 1097 850 242.
1142 799 1283 840 Dativi
1304 799 1411 840 usus.
1438 811 1503 852 71.

942 858 1150 898 Debellare.
1179 870 1273 907 124.

945 915 1087 955 Deberi
1102 915 1221 970 fatis.
1253 927 1316 955 11.

947 972 1144 1011 Decedere.
1170 984 1267 1024 327.

946 1029 1157 1068 Decernere
1173 1028 1356 1067 vindicias
1362 1025 1570 1081 secundum
1584 1026 1671 1079 fir·-

1005 1087 1177 1125 vitutem.
1216 1098 1312 1138 219.
1351 1097 1447 1138 223.
1483 1085 1528 1123 ab
1561 1084 1671 1122 liber-

1005 1151 1081 1181 tate
1115 1144 1154 1181 in
1179 1143 1419 1194 servitutem.
1457 1153 1505 1194 23
1514 1153 1552 1193 5.
1587 1139 1671 1179 De-

1006 1199 1234 1238 cernentibus
1282 1200 1444 1238 tribunis
1495 1198 1670 1236 militum.

1010 1268 1107 1309 325.
1145 1256 1345 1312 Decrcffit,
1376 1269 1450 1309 pro
1476 1252 1672 1294 decrevis-

1007 1312 1077 1352 set.
1102 1325 1115 1352 1
1130 1326 1192 1366 19.

949 1370 1130 1423 Decipere
1143 1379 1215 1423 per
1215 1370 1290 1426 fiis
1309 1385 1352 1408 ac
1358 1368 1493 1423 fidem.
1520 1381 1583 1421 19.

948 1428 1190 1467 Decumana
1211 1436 1340 1480 porta.
1365 1439 1378 1465 1
1390 1438 1456 1479 71.

949 1485 1134 1525 Decuria.
1159 1487 1225 1525 28.

956 1542 1121 1583 Decurio
1141 1543 1318 1594 equittmt.

948 1598 1142 1640 ,Dedecora
1162 1599 1313 1639 militiae.
1329 1610 1425 1650 229.

952 1656 1101 1696 Dedere
1133 1657 1171 1695 in
1196 1655 1416 1711 potestatem.
1453 1665 1549 1708 377.
1589 1652 1671 1692 De-

1008 1713 1101 1753 dier.
1125 1727 1195 1767 49.

950 1771 1151 1814 Dedicaie.
1199 1783 1213 1810 1
1228 1781 1291 1811 12.
1342 1768 1450 1825 Juno
1493 1765 1672 1811 dedicata.

1009 1842 1108 1881 409.

952 1885 1147 1926 Dalm-ere
1166 1883 1351 1923 coloniam.
1380 1893 1471 1933 124.
1493 1882 1588 1921 acies
1614 1879 1676 1920 de-

1010 1942 1121 1981 duHa
1143 1942 1182 1980 in
1199 1955 1350 1981 cornua.
1373 1953 1472 1994 390.

953 1999 1092 2054 Deeff’.
1116 2010 1212 2039 222.
1282 2042 1285 2045 ,

953 2057 1126 2112 Dejfexit‚
1157 2069 1230 2108 pro
1252 2052 1460 2094 defecerit.
1485 2053 1552 2106 36.

953 2112 1143 2168 Defigere.
1168 2125 1265 2166 223.

952 2171 1146 2226 Defiegere
1165 2171 1201 2209 &
1226 2168 1418 2226 diffugere.
1441 2179 1538 2221 391.

954 2227 1142 2282 Defimgi.
1171 2239 1263 2279 130.
1289 2226 1385 2280 326.
1411 2237 1508 2278 354.

954 2285 1247 2337 Degeneratum.
1268 2296 1335 2336 75.

955 2341 1152 2395 Deinceps.
1176 2341 1245 2381 66.
1274 2352 1366 2394 145.
1399 2338 1584 2391 Deinceps
1615 2338 1673 2376 in-

1011 2398 1066 2438 de.
1091 2411 1188 2452 390.

954 2455 1136 2496 Delatam
1156 2469 1233 2499 rem
1249 2454 1437 2509 confidere.
1466 2464 1558 2494 120.

954 2513 1094 2553 Delere
1113 2513 1252 2552 urbem.
1276 2515 1373 2565 338.

953 2570 1185 2610 Deminuere
1206 2572 1247 2612 δε
1268 2569 1484 2609 diminuere.
1509 2567 1576 2606 88.

957 2628 1167 2669 Demittere
1187 2628 1226 2665 in
1241 2626 1448 2682 discrimen.
1472 2635 1566 2675 207.

238 2694 332 2736 116.
383 2690 570 2733 vindicias
593 2686 802 2743 secundum
850 2685 899 2726 li·
957 2685 1142 2740 Denique.
1168 2695 1266 2739 347.

1419 2735 1672 2780 Denunciare.
