1853 3158
396 271 676 317 LIBER
735 272 790 313 X.
849 271 1031 315 CAP.
1093 274 1187 315 XX.

151 394 245 432 dam
272 400 452 431 mutante
473 389 638 429 affuetos
660 388 763 427 inter
782 388 818 429 se
838 388 987 440 hostes,
1018 389 1172 430 Etrusci
1195 388 1436 439 Volumnio,

147 450 362 500 Samnites,
392 460 605 503 parumper
645 446 842 498 cuneati,
873 448 965 500 quia
1003 449 1084 487 dux
1120 446 1269 497 aberat,
1303 447 1438 500 Appio

148 521 369 547 occurrere.
428 504 590 544 Dicitur
613 503 771 556 Appius
801 504 841 542 in
877 506 1009 544 medio
1030 520 1176 559 pugnae
1199 505 1438 552 discrimine,

147 565 202 604 ita
222 575 265 604 ut
285 565 386 603 inter
406 561 534 616 prima
569 561 676 615 signa
705 561 888 600 manibus
919 563 968 601 ad
989 563 1142 602 coelum
1164 562 1325 601 sublatis
1345 575 1441 601 con-

150 622 381 675 spiceretur,
411 620 465 658 ita
500 627 684 672 precatus
715 619 813 658 effe:
845 619 1183 674 Bellona‚fih0die
1212 621 1308 659 nobis
1329 620 1441 657 vic—lo-

149 682 246 719 riam
266 679 348 718 duis
366 680 445 731 (5),
475 676 528 732 (ψ’
546 693 606 729 ego
624 676 795 728 templum
827 677 893 714 tibi
925 692 1048 715 voveo.
1108 678 1211 716 Haec
1233 686 1437 730 precatus,

152 738 261 777 velut
295 735 506 789 instigante
541 732 648 780 Dea,
687 736 727 773 &
764 732 842 785 ipse
880 735 939 785 (6)
974 735 1136 788 collegae
1171 737 1211 774 δε
1243 733 1442 773 exercitus

149 794 338 833 virtutem
365 791 550 845 aequavit.
613 791 752 830 Duces
787 790 1041 844 imperatoria
1076 805 1196 843 opera
1221 791 1445 843 exsequun-

149 860 241 899 tur·‚
275 853 315 891 &
336 850 497 897 milites,
529 862 578 888 ne
595 847 643 887 ab
664 849 786 887 alters-*2
807 856 917 901 parte
939 845 1051 900 prius
1073 848 1241 887 νὶἃοῑίει
1263 848 1445 901 incipiat,

149 908 400 947 annituntur.
460 907 568 960 Ergo
604 905 782 945 fundunt
815 904 1038 958 fugantque
1072 905 1219 953 hostes,
1250 906 1444 959 majorem

151 967 300 1006 molem
327 964 436 1004 haud
469 962 584 1003 facile
622 962 872 1011 sustinentes,
905 964 1028 1015 quam
1062 977 1155 1002 cum
1188 963 1265 1016 qua
1302 976 1446 1001 manus

151 1022 355 1063 conserere
370 1022 504 1061 aflueti
518 1021 690 1061 fuerant.
707 1021 886 1074 urgendo
902 1021 1103 1069 cedentes,
1120 1020 1446 1073 insequendoque

151 1079 296 1119 effusos
310 1080 540 1132 compulere
558 1079 608 1118 ad
630 1078 766 1118 castra.
830 1077 906 1119 Ibi
922 1078 1148 1116 interventu
1168 1078 1290 1116 Gellii
1305 1077 1448 1117 cohor-

151 1137 334 1190 tiumque
364 1136 613 1176 Sabellarum
636 1138 711 1190 (7),
741 1124 954 1189 paullisper
975 1132 1193 1175 recruduit
1227 1148 1374 1189 pugna.
1397 1135 1446 1174 iis

150 1208 312 1248 quoque
330 1208 422 1233 mox
440 1193 550 1241 fusis,
578 1195 662 1248 jam
677 1208 699 1232 a
715 1207 737 1233 ³.
742 1193 936 1232 ictoribus
949 1193 1072 1232 castra
1087 1193 1447 1247 oppugnabantur.

155 1256 214 1303 &,
234 1266 364 1306 quum
382 1251 629 1291 Volumnius
652 1251 733 1303 ipse
755 1260 880 1304 portae
902 1251 1009 1304 signa
1045 1249 1208 1290 inferret
1227 1267 1239 1298 ;
1273 1250 1447 1304 Appius,

153 1311 362 1350 Bellonam
382 1308 591 1348 viEtricem
613 1308 834 1349 identidem
866 1308 1086 1357 celebrans,
1117 1309 1352 1347 accenderet
1373 1307 1450 1346 mi-

152 1367 271 1407 litum
293 1367 463 1415 animos,
492 1380 563 1419 per
583 1366 749 1415 vallum,
781 1380 851 1419 per
873 1366 988 1405 foffas
1005 1366 1248 1419 irruperunt.
1310 1365 1448 1405 Castra

151 1434 267 1478 capta
298 1424 559 1477 direptaque:
589 1424 723 1476 praeda
756 1424 896 1477 ingens
923 1433 1035 1476 parta
1073 1427 1143 1464 &2
1196 1423 1252 1461 liti
1273 1423 1451 1463 concessa

155 1483 226 1522 est.
254 1482 405 1536 septem
425 1482 549 1520 millia
571 1495 616 1520 ac
638 1481 806 1521 trecenti
839 1481 1016 1521 hostium
1047 1481 1178 1531 occisi,
1211 1482 1292 1520 duo
1327 1480 1450 1519 millia

157 1543 199 1581 δε
222 1549 385 1578 centum
406 1539 548 1593 viginti
569 1539 689 1592 capti.

214 1597 308 1639 XX.
342 1597 457 1636 Dum
489 1595 606 1636 ambo
640 1596 821 1636 consules
857 1596 1064 1649 omnisque
1103 1596 1289 1636 Romana
1318 1595 1379 1636 vis
1410 1596 1450 1634 in

153 1654 369 1695 Etruscum
403 1653 554 1694 bellum
590 1653 717 1708 magis
752 1654 932 1702 inclinat,
964 1654 1004 1692 in
1037 1654 1202 1693 Samnio
1222 1654 1315 1693 novi
1341 1667 1452 1693 exer-

153 1713 274 1761 citus,
305 1712 433 1751 exorti
461 1713 510 1751 ad
532 1712 835 1764 depopulandos
857 1711 1012 1765 imperii
1036 1711 1213 1750 Romani
1236 1711 1350 1759 fines,
1382 1725 1453 1764 per

153 1769 350 1809 Vescinos
386 1770 427 1808 in
464 1769 729 1822 Campaniam
766 1769 1061 1822 Falernumque
1089 1783 1230 1823 agrum
1252 1768 1453 1808 transcen-

154 1827 272 1877 dunt,
313 1826 570 1881 ingentesque
607 1827 760 1881 praedas
797 1826 964 1866 faciunt.
1024 1827 1310 1891 Volumnium,
1342 1841 1453 1881 mag·
1475 1838 1637 1867 Volumnia

155 1885 217 1924 nis
238 1884 445 1924 itineribus
479 1884 519 1923 in
548 1883 759 1923 Samnium
794 1883 1044 1933 redeuntem,
1079 1886 1179 1938 (jam
1199 1884 1306 1923 enim
1328 1884 1451 1924 Fabio
1471 1884 1498 1910 ²⁷²
1515 1883 1543 1912 S
1543 1895 1626 1911 ‘mm

156 1942 368 1995 Decioque
404 1942 607 1996 prorogati
641 1941 798 1995 imperii
834 1941 925 1982 finis
960 1943 1112 1996 aderat)
1134 1941 1240 1981 fama
1267 1943 1315 1982 de
1336 1941 1451 1982 Sam·
1471 1929 1609 1957 “mmm

157 1999 303 2039 uitium
337 1999 515 2039 exercitu
548 1999 950 2052 populationibusque
983 2000 1182 2052 Campani
1213 2000 1295 2054 agri
1318 2000 1367 2039 ad
1389 2011 1454 2040 tu-

157 2058 282 2098 endos
304 2057 428 2097 socios
450 2057 658 2097 convertit.
720 2057 784 2096 Ut
806 2058 845 2095 in
868 2057 1067 2097 Calenum
1089 2072 1229 2111 agrum
1252 2058 1375 2107 venit,
1410 2061 1451 2098 δε

158 2114 240 2168 ipse
282 2115 409 2154 cernit
449 2114 623 2154 recentia
656 2114 778 2166 cladis
810 2115 987 2169 vestigia,
1026 2117 1066 2155 &
1099 2115 1241 2155 Caleni
1275 2126 1453 2166 narrant,

161 2181 319 2211 tantum
349 2173 434 2227 jam
466 2173 610 2226 praedae
642 2172 774 2212 hostes
810 2172 982 2223 trahere,
1014 2181 1058 2211 ut
1079 2172 1144 2211 vix
1166 2173 1363 2226 explicare
1385 2188 1454 2227 ag-

160 2242 255 2268 men
287 2229 452 2283 possint:
483 2230 617 2282 itaque
649 2231 733 2284 jam
774 2231 979 2283 propalam
1000 2231 1123 2269 duces
1142 2231 1268 2283 loqui,
1299 2241 1454 2270 extem-

160 2288 228 2340 plo
260 2288 439 2326 eundum
473 2287 513 2325 in
539 2287 749 2326 Samnium
771 2288 871 2335 effe3
904 2299 966 2338 ut,
997 2287 1133 2327 relicta
1156 2287 1209 2326 ibi
1231 2288 1378 2341 praedfi,
1410 2290 1451 2328 in

161 2345 457 2397 expeditionem
478 2345 655 2394 redeant,
686 2359 759 2385 nec
793 2354 875 2384 tam
910 2355 1119 2385 oneratum
1155 2360 1299 2399 agmen
1334 2347 1452 2385 dimi-

160 2402 308 2440 cationi
342 2402 607 2441 committant.
667 2402 738 2449 Ea,
770 2417 1000 2456 quanquam
1031 2403 1168 2442 similia
1188 2404 1289 2443 veris
1322 2415 1452 2455 erant,

161 2458 310 2499 certius
345 2470 477 2498 tamen
513 2461 755 2512 exploranda
790 2470 916 2510 ratus,
962 2461 1128 2499 dimittit
1163 2462 1334 2513 equites,
1383 2463 1453 2514 qui

162 2530 281 2570 vagos
318 2518 557 2570 praedatores
580 2517 620 2556 in
642 2532 757 2572 agros
784 2519 962 2571 palantes
982 2518 1207 2572 excipiant:
1238 2533 1286 2558 ex
1308 2520 1454 2573 quibus

163 2633 185 2664 1.
208 2642 248 2664 22
291 2644 320 2663 c.
339 2643 393 2671 47.
419 2634 437 2663 l.
466 2632 516 2670 3.6
545 2645 573 2665 c.
597 2644 667 2671 44.
691 2634 746 2675 (ς)
770 2635 914 2675 Antiqui}
932 2638 1059 2676 prodes.
1083 2636 1135 2679 Ast
1163 2634 1313 2665 usltatum
1338 2635 1452 2666 fuitin

163 2677 397 2764 Ξοιςςίρίεῐιάἰε
421 2678 514 2709 votis.
571 2679 627 2721 (6)
663 2679 728 2723 Qi
771 2680 926 2711 hactenus
970 2680 1106 2723 segniter
1138 2691 1231 2722 agere
1263 2680 1347 2710 visus
1376 2688 1453 2711 erat.

187 2731 201 2761 7
245 2722 499 2756 Samzuticarum.

1214 2768 1452 2820 inquirendo

1579 283 1601 312 KQ

1607 272 1628 310 00

1633 282 1657 323 <ol
