1853 3158
162 936 240 966 Vim
259 936 313 966 Vol
325 937 355 965 ci.

146 2022 255 2052 Bellum
279 2018 350 2058 'Tissa

146 2069 249 2095 culonis
263 2067 306 2093 ial-

145 2113 258 2141 diem-n.

842 301 1206 344 T.L1V11

384 416 600 455 temeritatis
622 431 676 456 me
701 418 860 471 omnium
873 417 1158 473 potius—socium,
1189 418 1301 472 quam
1331 419 1440 458 unius
1451 419 1668 472 prudentiae,

382 473 475 512 decli.
541 474 722 513 Camillus
741 476 780 512 in
801 476 962 529 utrc‘c'que
981 477 1396 532 vfstrdfortundstmm
1421 477 1579 530 gloriam
1610 479 1670 516 vi-

381 531 441 569 det
455 549 466 569 .·
498 546 573 584 ego,
606 533 646 570 m'
672 532 877 588 restituitur
889 543 1032 586 pugna,
1062 533 1086 587 (
1090 534 1184 587 quod
1201 535 1444 588 miserrimum
1460 535 1670 591 fstJfortu-

382 603 468 626 nam
488 604 569 627 cum
589 590 765 637 omnibus,
787 589 980 646 infamiam
988 591 1090 645 filus
1096 593 1270 645 sentiam.
1311 592 1526 645 Optimum
1543 591 1672 630 visum

380 645 451 693 est,
484 648 572 700 (10)
602 646 643 685 in
675 646 939 687 flu&uantem
974 649 1100 687 aciem
1131 649 1232 687 tradi
1253 662 1395 701 equos,
1429 652 1469 689 ὃῑ
1500 648 1671 702 pedestri

378 702 514 757 pugna
536 704 720 744 invadere
741 704 906 744 hostem.
971 705 1079 745 Eunt
1104 706 1273 760 insignes
1294 707 1413 748 armis
1435 705 1672 758 animisque,

379 761 458 814 quii
486 762 613 815 premi
635 772 745 815 parte
782 762 954 802 maxime
991 763 1171 816 peditum
1207 763 1340 816 copias
1373 764 1521 803 vident.
1555 762 1672 811 nihil,

377 832 510 873 neque
529 820 636 874 apud
655 820 793 867 duces,
815 834 945 874 neque
965 821 1071 873 apud
1092 820 1254 871 milites,
1287 820 1503 860 remittitur
1523 835 1544 860 a
1565 820 1671 860 sum-

377 890 445 917 mo
473 877 690 917 certamine
722 877 857 917 animi.
917 878 1044 917 Sensit
1072 892 1167 932 ergo
1188 887 1355 917 eventus
1375 878 1533 917 virtutis
1552 877 1671 917 enisae

375 948 519 988 opem:
555 938 592 975 &
625 934 776 984 Volsci,
808 935 887 988 qua
908 934 1031 975 modo
1054 936 1234 974 simulato
1257 945 1367 975 metu
1387 935 1594 984 cesserant,
1625 934 1671 974 e&

375 992 417 1032 in
437 1006 571 1032 veram
594 991 733 1046 fugam
755 992 882 1042 effusi,
913 1007 1058 1047 magna
1079 1007 1169 1046 pars
1193 996 1233 1033 &
1262 993 1303 1031 in
1332 992 1415 1046 ipso
1437 993 1669 1040 certamine,

377 1053 417 1090 &
440 1049 529 1104 post
561 1051 601 1088 in
634 1049 730 1103 fuga
758 1050 866 1088 caefi:
899 1052 990 1104 (11)
1024 1050 1144 1089 ceteri
1178 1050 1218 1089 in
1251 1050 1400 1098 castris,
1433 1065 1522 1103 quae
1554 1058 1670 1103 capta

374 1109 517 1147 eodem
539 1107 692 1160 impetu
714 1105 819 1154 sunt,
850 1108 983 1159 plures
1005 1118 1139 1147 tamen
1161 1108 1280 1161 capti,
1313 1107 1435 1161 quam
1452 1108 1581 1148 occisi.

433 1164 571 1204 XXV.
605 1163 690 1203 Ubi
721 1163 762 1202 in
803 1163 1052 1204 recensendis
1088 1165 1252 1218 captivis
1288 1179 1414 1218 quum
1448 1165 1671 1205 Tusculani

373 1223 528 1276 aliquot
549 1221 855 1269 noscitarentur‚
887 1220 1024 1259 secreti
1061 1221 1109 1261 ab
1145 1221 1230 1262 aliis
1262 1224 1311 1262 ad
1332 1223 1512 1263 tribunos
1545 1223 1670 1262 addu-

372 1290 537 1329 cuntur,
568 1277 1002 1333 percun&antibusque
1024 1277 1123 1327 falfi,
1144 1278 1304 1331 publico
1326 1281 1485 1320 consilio
1508 1280 1544 1319 se
1565 1280 1671 1318 mili-

372 1339 477 1378 tafl'e.
514 1339 628 1393 cujus
646 1345 729 1376 tam
750 1335 870 1375 vicini
890 1335 983 1375 belli
1005 1345 1115 1375 metu
1138 1335 1333 1376 Camillus
1354 1347 1505 1387 motus,
1536 1346 1669 1376 extem-

365 1397 428 1450 plo
434 1397 478 1450 st’
498 1397 657 1435 Romam
686 1395 847 1447 captivos
873 1394 1086 1442 duflurum,
1118 1395 1187 1442 a'st,
1220 1409 1262 1432 ne
1284 1395 1422 1433 Patres
1443 1397 1567 1447 ignari
1570 1395 1668 1448 stur,

374 1453 598 1508 Tusculanos
617 1453 838 1506 absociez‘ate
857 1452 899 1490 de
914 1452 1001 1506 ciſjss’.
1033 1451 1160 1508 cqstris
1180 1453 1422 1505 exercituique
1451 1453 1616 1501 interim,
1631 1451 1674 1505 st

372 1512 563 1560 videatur,
587 1509 707 1565 prasst
727 1509 868 1563 collega.
931 1509 1193 1548 Documento
1214 1523 1318 1549 unus
1335 1511 1418 1550 dies
1441 1508 1587 1558 fuerat,
1619 1523 1669 1548 ne

371 1569 441 1609 sua
458 1569 616 1609 consilia
637 1567 868 1607 melioribus
896 1566 1116 1621 prreferret.
1149 1580 1222 1606 nec
1240 1577 1375 1606 tamen
1397 1577 1465 1606 aut
1486 1567 1570 1620 ipsi,
1602 1577 1672 1608 aut

369 1626 413 1666 in
435 1627 613 1666 exercitu
635 1626 825 1678 cuiquam
847 1625 938 1664 satis
963 1625 1119 1677 placato
1141 1625 1276 1664 animo
1298 1625 1496 1666 Camillus
1516 1626 1670 1664 laturus

369 1686 533 1738 culpam
554 1684 641 1738 ejus
656 1682 880 1732 videbatur,
911 1681 991 1735 qu&
1006 1683 1096 1721 data
1113 1683 1154 1720 in
1171 1691 1252 1721 tam
1270 1682 1517 1736 praecipitem
1533 1682 1667 1721 casum

369 1741 592 1795 respublica
612 1741 730 1788 effet3
767 1743 803 1780 Sc
840 1754 967 1792 quum
999 1740 1040 1778 in
1073 1740 1265 1787 exercitu,
1298 1749 1385 1778 tum
1407 1740 1551 1779 Romae
1573 1753 1670 1777 con-

370 1801 476 1841 stans
510 1799 695 1838 omnium
726 1797 833 1837 fama
855 1806 952 1846 erat,
985 1811 1113 1850 quum
1140 1797 1244 1836 varia
1266 1796 1427 1836 fortuna
1450 1797 1491 1834 in
1510 1797 1670 1836 Volscis

369 1858 478 1913 gesta
498 1871 560 1897 res
577 1857 686 1907 effet,
716 1854 886 1895 adversae
908 1869 1054 1910 pugnae
1085 1854 1273 1907 fugaeque
1296 1855 1336 1893 in
1358 1855 1406 1894 L.
1430 1854 1551 1893 Furio
1583 1855 1668 1893 cul-

369 1929 477 1971 pam,
500 1914 682 1954 secundae
705 1915 826 1953 decus
848 1926 967 1952 omne
988 1926 1109 1966 penes
1131 1913 1192 1951 M.
1216 1912 1383 1950 Furium
1401 1912 1487 1951 ess'e.
1537 1912 1668 1950 Intro-

370 1973 503 2013 ductis
545 1973 586 2011 in
627 1971 807 2011 senatum
847 1971 1029 2024 captivis,
1065 1984 1193 2023 quum
1225 1968 1331 2008 bello
1371 1969 1667 2022 persequendos

369 2031 621 2070 Tusculanos
635 2029 773 2068 Patres
786 2028 1038 2077 censuissent,
1055 2027 1307 2080 Camilloque
1326 2027 1365 2066 id
1382 2026 1531 2066 bellum
1555 2041 1670 2065 man-

369 2089 544 2137 daffent3
577 2088 803 2142 adjutorem
825 2085 892 2125 fibi
915 2086 964 2125 ad
985 2099 1072 2124 eam
1094 2099 1179 2124 rem
1202 2099 1329 2123 unum
1351 2084 1473 2137 petit:
1505 2084 1671 2137 permis-

369 2147 509 2200 soque,
541 2155 585 2184 ut
606 2159 654 2184 ex
677 2143 839 2197 collegis
871 2152 1041 2196 optaret,
1074 2156 1194 2195 quem
1227 2143 1359 2191 vellet,
1392 2151 1531 2181 contra
1559 2141 1668 2195 spem

369 2204 553 2244 omnium
593 2202 642 2242 L.
683 2201 851 2240 Furium
891 2200 1055 2254 optavit.
1100 2198 1178 2254 qufi
1219 2199 1493 2239 moderatione
1545 2200 1668 2238 animi

315 2302 320 2305 ,
370 2275 498 2316 quum
520 2261 683 2314 collegae
712 2258 856 2297 levavit
881 2257 1108 2308 infamiam,
1139 2267 1225 2297 tum
1250 2257 1318 2296 fibi
1340 2257 1507 2312 gloriam
1529 2257 1669 2312 ingen-

369 2330 453 2359 tem
485 2318 652 2373 peperit.
713 2315 801 2355 Nec
844 2315 922 2354 fuit
963 2329 1057 2354 cum
1090 2314 1332 2356 Tusculanis
1364 2314 1539 2354 bellum:
1570 2329 1667 2368 pace

371 2377 571 2418 constanti
591 2375 673 2419 vim
695 2373 926 2421 Romanam
948 2382 1176 2422 arcuerunt,
1209 2386 1331 2426 quam
1353 2373 1473 2412 armis
1495 2386 1577 2412 non
1599 2386 1670 2426 po-

370 2494 450 2535 (10)
481 2494 581 2528 ‚Recte
614 2490 762 2523 emendat
796 2488 982 2521 Gronovius
1008 2491 1026 2530 †
1052 2492 1125 2523 inter
1138 2491 1323 2532 fluft'uantem
1349 2491 1453 2519 aciem.-
1480 2489 1510 2519 h.
1536 2499 1562 2519 e.
1589 2489 1668 2519 dum

373 2539 510 2570 fluctuat
528 2537 622 2574 acics,
637 2537 776 2568 necdum
793 2535 865 2569 satis
881 2547 900 2566 a
913 2534 1131 2575 trepidatione
1146 2536 1177 2565 Sc
1203 2533 1278 2576 fug&
1304 2535 1366 2565 sese
1391 2533 1527 2574 collegit.
1577 2534 1670 2563 Tradz'

373 2597 462 2623 equos,
486 2583 509 2614 i„
525 2594 550 2614 e.
564 2581 704 2622 relinqui
720 2591 830 2620 equos,
853 2581 885 2610 δι
901 2579 985 2610 tradi
1002 2579 1168 2611 calonibus
1184 2579 1401 2610 affervandos.
1447 2580 1481 2619 (1
1493 2579 1524 2618 t)
1550 2577 1667 2608 Caeteri

374 2628 408 2658 in
434 2627 539 2657 castris
563 2634 618 2658 aut
645 2625 714 2657 caesi
735 2632 790 2658 aut
813 2624 920 2666 capti;
943 2623 1008 2655 imo
1032 2625 1142 2665 plures
1169 2624 1238 2655 caefi
1261 2628 1359 2664 quam
1386 2622 1480 2665 capti.
1527 2622 1669 2663 Corrigit

375 2671 488 2702 Livius
502 2683 559 2712 per
577 2670 768 2714 particulam
783 2678 870 2704 tamen
888 2669 922 2704 id
938 2669 1027 2711 quod
1039 2679 1105 2701 non
1116 2669 1264 2712 expressit
1281 2668 1423 2710 quidem,
1444 2668 1496 2700 sed
1512 2667 1547 2698 in
1562 2674 1669 2697 mente

375 2717 502 2749 habuit.

1527 2763 1668 2795 terant.
