1832 3137
378 263 1015 321 LIBERECAP.
1076 282 1150 323 IX.
1592 299 1642 337 97

149 388 264 432 bonis
299 390 426 443 capite
458 390 559 443 ejus,
590 388 659 442 qui
695 388 806 443 regni
836 390 1058 444 occupandi
1095 392 1251 433 consilia
1287 393 1428 443 iniffet,

148 458 271 502 gratae
288 449 328 486 in
343 448 485 500 vulgus
502 448 607 500 leges
622 445 745 485 fuere.
807 447 920 504 Qas
938 463 1062 501 quum
1080 449 1182 489 solus
1199 453 1428 504 pertulisset,

149 516 195 545 ut
216 506 282 544 sua
299 504 416 543 unius
433 504 473 542 in
489 503 551 542 his
564 503 688 557 gratia
702 504 807 552 effet,
830 514 916 543 tum
934 507 1075 546 deinde
1092 508 1251 547 comitia
1266 510 1428 563 collegae

151 554 400 616 subrogando
433 560 584 600 habuit.
646 560 813 600 Creatus
846 561 914 614 Sp.
944 563 1155 603 Lucretius
1178 565 1327 614 consul,
1359 567 1427 618 qui
1446 577 1576 618 Sqfffflus

149 633 296 673 magno
318 627 428 666 natu,
460 632 541 657 non
563 617 848 657 sufficientibus
865 620 949 672 jam
970 620 1117 660 viribus
1139 623 1187 660 ad
1211 623 1428 662 consularia
1447 623 1533 651 Bruw

149 690 315 715 munera
349 675 548 725 obeunda,
580 675 682 713 intra
703 689 851 727 paucos
872 676 954 715 dies
986 677 1165 717 moritur.
1226 679 1428 720 Suffedtus
1446 668 1608 740 f'ffr‘ffs’*

148 734 190 773 in
216 732 394 772 Lucretii
422 733 556 772 locum
584 732 645 771 M;
675 732 867 772 Horatius
896 734 1098 773 Pulvillus.
1162 733 1283 788 Apud
1315 737 1431 789 quos·
1447 723 1510 785 ἐξ,
1560 721 1621 740 Μ’

122 828 132 838 χ
149 791 243 830 dam
263 800 414 829 veteres
449 789 632 829 auetores
654 804 735 828 non
766 789 924 829 invenio
945 791 1180 830 Lucretium
1202 793 1403 833 consulem
1422 809 1431 834 z

149 848 276 888 Bruto
299 846 428 886 statim
450 846 667 885 Horatium
689 846 916 901 suggerunt.
939 849 1072 897 credo,
1095 849 1186 901 quia
1204 851 1311 889 nulla
1325 851 1432 904 gesta

149 919 212 945 res
234 904 425 958 insignem
446 904 584 943 fecerit
598 903 863 955 consulatum,
886 906 1078 945 memoria
1099 909 1160 960 (4)
1182 906 1430 947 intercidiffe.

149 961 346 1002 Nondum
368 961 547 1001 dedicata
568 970 650 1000 erat
671 961 712 1000 in
730 961 928 1015 Capitolio
948 963 1058 1014 Jovis
1079 965 1196 1003 aedes.
1247 965 1433 1005 Valerius

148 1018 421 1072 Horatiusque
461 1018 640 1058 consules
681 1019 819 1068 sortiti,
863 1029 950 1058 uter
990 1021 1201 1060 dedicaret.
1261 1022 1433 1072 Horatio

149 1076 251 1116 sorte
280 1076 422 1115 evenit.
482 1075 687 1115 Publicola
708 1077 757 1116 ad
784 1077 1018 1131 Vejentium
1035 1077 1184 1117 bellum
1212 1079 1432 1131 profectus.

149 1131 325 1187 Aegrius
348 1132 469 1186 quam
491 1133 657 1187 dignum
679 1142 762 1172 erat
782 1135 907 1173 tulere
923 1134 1074 1174 Valerii
1091 1136 1303 1185 neceffarii,
1324 1137 1435 1175 dedi-

152 1191 352 1230 cationem
370 1200 452 1230 tam
470 1190 608 1245 inclyti
630 1191 768 1244 templi
782 1191 952 1230 Horatio
970 1191 1066 1231 dari.
1089 1192 1129 1231 id
1142 1193 1328 1234 omnibus
1350 1207 1436 1232 mo-

151 1248 213 1287 dis
243 1248 435 1301 impedire
457 1249 603 1298 conati,
633 1248 842 1301 postquam
871 1249 944 1288 alia
965 1248 1108 1288 frustra
1141 1260 1289 1290 tentata
1311 1260 1436 1300 erant,
1455 1272 1616 1314 &pl-solim

149 1304 303 1358 postem
326 1308 386 1359 (5)
401 1305 485 1359 jam
508 1306 658 1344 tenenti
680 1305 830 1345 consuli
852 1305 1009 1345 foedum
1042 1306 1144 1346 inter
1164 1308 1433 1360 precationem
1451 1319 1592 1347 dedicatur„

152 1361 291 1402 Deum
309 1362 502 1401 nuncium
520 1363 720 1402 incutiunt
738 1380 749 1411 ;
782 1373 962 1402 mortuum
978 1363 1189 1418 ejusfilium
1210 1366 1286 1419 effi,
1302 1365 1436 1420 funes-

154 1421 265 1472 idque
286 1419 368 1476 (6)
396 1420 559 1475 familiai¹
590 1420 752 1459 dedicare
779 1435 857 1459 eum
886 1421 1055 1472 templum
1083 1436 1150 1460 non
1178 1423 1278 1476 pff.
1338 1421 1434 1461 Non

152 1479 214 1530 (7)
237 1476 447 1516 crediderit
468 1476 639 1526 faustum,
671 1490 721 1515 an
756 1486 913 1516 tantum
946 1477 1078 1516 animo
1115 1477 1266 1518 roboris
1298 1477 1433 1526 fuerit,

151 1548 226 1573 nec
258 1533 426 1572 traditur
455 1543 625 1584 certum,
657 1547 729 1572 nec
747 1533 1018 1587 interpretatio
1040 1534 1095 1573 est
1120 1534 1259 1575 facilis.
1319 1535 1434 1574 Nihil

151 1593 214 1644 (8)
237 1591 342 1630 aliud
374 1592 422 1629 ad
444 1587 535 1629 eum
569 1591 762 1629 nuncium
784 1606 805 1630 a
825 1591 1022 1643 propofito
1045 1592 1214 1642 aversus,
1247 1591 1368 1645 quam
1390 1601 1434 1631 ut

152 1648 319 1687 cadaver
351 1647 481 1686 efferri
503 1650 563 1700 (9)
592 1647 763 1701 juberet,
796 1658 935 1686 tenens
967 1647 1135 1700 postem,
1166 1650 1434 1702 precationem
1453 1649 1619 1685 U·c-246·

152 1705 320 1758 peragit,
355 1706 391 1743 &
429 1705 586 1743 dedicat
618 1706 825 1757 templum.
886 1705 986 1744 Haec
1019 1703 1103 1757 post
1139 1706 1301 1745 enetos
1323 1720 1433 1760 reges
1452 1696 1484 1768 {J
1505 1693 1629 1767 2510‘5'·

152 1762 263 1801 domi
284 1761 514 1814 militiaeque
531 1761 637 1815 gesta
652 1762 780 1814 primo
798 1775 914 1801 anno.
975 1762 1072 1801 Inde
1094 1764 1137 1803 P.
1157 1763 1342 1803 Valerius
1363 1764 1434 1802 ite·
1454 1762 1490 1812 II'.
1507 1748 1649 1811 Tafiff'

153 1833 262 1868 rum,
292 1819 344 1858 T.
360 1819 571 1858 Lucretius
593 1818 772 1859 consules
794 1818 904 1858 faeti.
1452 1826 1551 1857 cretio
1564 1824 1649 1855 Cose.

214 1876 286 1916 IX.
317 1877 409 1928 Jam
424 1876 634 1928 Tarquinii
653 1877 701 1914 ad
717 1876 878 1915 Lartem
896 1878 957 1930 (1)
973 1875 1203 1928 Porsenam,
1225 1877 1433 1918 Clusinum

156 1948 308 1988 regem,
340 1932 610 1987 perfugerant.
647 1933 717 1983 ibi,
748 1933 949 1973 miscendo
978 1934 1182 1973 confilium
1204 1935 1434 1987 precesque,

156 2006 264 2031 nunc
293 1990 471 2039 orabant,
503 2006 545 2029 ne
550 1991 607 2045 st,
639 1991 804 2030 oriundos
838 2007 880 2029 ex
910 1990 1095 2044 Etruscis,
1122 1992 1272 2045 cjzgsdem
1305 1995 1435 2046 angui-

1379 2064 1437 2088 ms

159 2165 220 2196 hoc
237 2164 325 2196 sensu
350 2164 472 2196 sacrum
489 2163 573 2202 esset,
596 2163 695 2195 cuivis
712 2163 843 2205 impune
858 2162 1001 2195 occidere
1025 2163 1147 2195 licebat.
1194 2164 1247 2206 (4)
1270 2164 1377 2196 Latini
1391 2164 1438 2195 dio

160 2217 248 2246 cunt,
270 2217 344 2244 tam,
369 2213 525 2239 memoriam
556 2213 597 2239 rei
623 2210 789 2251 intercidff,
811 2209 917 2249 quam,
939 2222 994 2239 rem
1020 2209 1144 2239 memoriti'
1174 2211 1339 2251 intercidg'ffiu
1384 2211 1439 2249 (5)

161 2256 283 2294 Nempe
300 2253 420 2294 templi.
466 2256 567 2297 Pqstem
582 2257 668 2284 teneri
683 2261 802 2295 opertere
817 2257 844 2283 in
860 2256 1018 2283 dedicatione
1042 2256 1135 2295 templi
1151 2253 1232 2284 testis
1258 2254 1299 2284 cst
1317 2253 1440 2289 Cleero,

162 2303 223 2338 'pro
247 2300 351 2328 domo.
396 2298 449 2339 (6)
474 2300 583 2341 Fumsta
600 2301 719 2339 familia
745 2297 911 2328 dicebatur
937 2298 1099 2338 tantisper,
1122 2299 1197 2328 dum
1223 2300 1356 2329 cadaver
1380 2298 1438 2328 hu«

162 2350 283 2373 matum
299 2353 365 2373 non
381 2342 464 2373 effet.
481 2343 543 2373 vid.
560 2343 646 2384 Virg.
663 2346 736 2374 AEn.
752 2343 772 2372 l.
790 2342 817 2372 6.
833 2354 862 2372 v.
878 2352 948 2381 150.
993 2343 1045 2383 (7)
1070 2345 1124 2372 An
1141 2342 1258 2373 nuncio
1274 2342 1352 2372 nihil
1366 2341 1438 2372 fidei

163 2387 320 2423 habuerit,
342 2398 383 2417 an
394 2395 520 2417 tantum
534 2388 658 2418 roboris
669 2387 775 2418 animo
787 2387 883 2417 suerit
901 2394 947 2424 ut,
969 2386 1040 2417 licet
1052 2386 1231 2423 crediderit,
1253 2387 1377 2417 nullum
1393 2394 1439 2416 ta-

163 2442 235 2461 men
253 2431 502 2471 perturbationis
515 2431 669 2462 indicium
685 2433 774 2462 daret
788 2444 796 2469 3
819 2431 852 2461 id.
869 2442 925 2462 nec
942 2439 1030 2462 certo
1047 2432 1195 2468 traditur,
1217 2442 1274 2461 nec
1291 2431 1381 2461 facile
1398 2430 1439 2461 est

163 2476 206 2506 est
226 2487 264 2506 ex
286 2476 372 2506 mera
390 2477 573 2516 conjectura
589 2477 767 2507 decernere.
813 2476 867 2516 (8)
891 2478 1028 2506 Eatenus
1045 2476 1170 2506 tantum
1191 2476 1316 2506 aversus
1333 2487 1349 2505 a
1367 2486 1440 2516 pro-

164 2520 266 2560 posito
282 2527 317 2550 ut
342 2520 466 2560 juberet
484 2521 542 2550 Sec.
586 2521 641 2562 (9)
665 2520 826 2551 Nimirum
849 2521 968 2551 Consul
996 2520 1075 2550 illud
1101 2531 1193 2551 omen
1222 2530 1286 2550 non
1313 2519 1441 2560 accepit,

165 2566 246 2595 Nam
270 2567 391 2594 oblativa
409 2564 550 2605 auguria,
572 2564 591 2594 i.
614 2577 639 2595 e.
656 2576 726 2605 quae
754 2565 1001 2606 incogitantibus
1017 2565 1244 2601 offerebantur,
1264 2564 1378 2595 licebat
1396 2574 1442 2594 rea

165 2609 316 2650 pudiare:
343 2620 407 2639 non
425 2609 501 2640 item
513 2613 705 2651 impetrativa,
728 2620 798 2649 quae
809 2609 880 2650 quis
896 2620 915 2640 a
926 2609 985 2640 diis
1002 2609 1101 2650 petita
1113 2608 1312 2650 impetrasset.

211 2673 248 2702 C.
268 2681 296 2711 9.
312 2672 366 2711 (1)
389 2674 506 2702 Lartem
523 2671 654 2712 quidam
664 2672 777 2702 volunt
794 2671 853 2703 effe
870 2683 986 2702 nomen
1002 2671 1142 2709 honoris,
1164 2682 1277 2713 nempe
1293 2669 1443 2712 principis

166 2727 183 2746 e
205 2717 373 2746 duodecim
397 2717 638 2748 Lucumonibus
667 2717 823 2748 Etrurine:
849 2725 880 2748 at
898 2716 1066 2758 Dionysius
1090 2717 1202 2758 accipit
1233 2727 1292 2756 pro
1318 2715 1443 2746 nomine

212 2761 304 2791 ToM.
322 2762 341 2789 L
796 2761 829 2791 H
1374 2757 1444 2793 viri,
