1832 3137
405 303 1216 350 LIBER1.CAP.XXX.
1619 316 1670 355 45

181 422 284 471 suas,
315 419 502 460 ultimum
524 419 585 472 (3)
605 417 702 456 illud
737 414 870 463 visuri,
902 423 1221 468 pervagarentur.
1280 410 1344 453 Ut
1364 409 1459 452 verb

176 481 261 535 jam
277 477 458 531 equitum
479 477 628 516 clamor
649 473 756 514 exire
773 471 1001 527 jubentium
1019 471 1200 520 instabat,
1226 471 1310 525 jam
1327 469 1462 524 fragor

182 537 383 577 te&orum
411 548 500 586 quae
529 531 786 572 diruebantur
808 531 869 583 (4)
890 529 1039 569 ultimis
1062 528 1168 568 urbis
1185 527 1361 582 partibus
1394 541 1464 566 au-

168 593 378 641 ·diebatur,
408 590 629 644 pulvisque,
656 603 704 628 ex
719 586 952 626 distantibus
966 586 1062 625 locis
1083 596 1209 634 ortus,
1229 586 1336 625 velut
1357 584 1463 623 nube

169 650 346 690 induet&
369 648 502 688 omnia
523 647 779 700 impleverat3
811 644 955 697 raptim
977 646 1037 697 (5)
1059 642 1202 694 quibus
1217 642 1380 695 quisque
1394 655 1466 694 po-

169 717 284 747 -terat
313 707 442 756 elatis,
473 719 599 758 quum
620 704 743 742 larem
774 716 818 741 ac
843 710 1006 754 penates
1026 700 1228 752 tectaque,
1258 699 1298 737 in
1319 698 1466 751 quibus

183 774 299 804 natus
335 763 500 817 quisque
535 760 804 812 educatusque
838 759 944 806 effet,
975 757 1245 809 relinquente&
1283 757 1435 800 exirent
1453 771 1465 802 ;

179 824 263 877 jam
299 821 508 862 continens
539 832 683 873 agmen
718 816 976 871 migrantium
1014 815 1245 867 impleverat
1278 813 1383 852 vias:
1425 815 1466 852 ὃ(

172 878 420 932 »ςοηΐρθξὶυε
437 877 605 917 aliorum
619 873 759 914 mutua
775 873 1024 913 miseratione
1042 870 1261 926 integrabat
1274 870 1466 909 lacrimas.

174 936 379 989 -vocesque
391 936 509 975 etiam
527 932 766 972 miserabiles
781 930 1093 971 exaudiebantur
1109 946 1120 979 3
1143 928 1356 967 mulierum
1370 940 1470 980 prte-

171 992 316 1048 ·cipue,
348 1006 474 1046 quum
499 991 644 1031 obsessa
663 990 711 1029 ab
742 989 902 1029 armatis
931 988 1078 1040 templa
1110 985 1274 1040 augusta
1295 984 1471 1038 praeteri-

184 1062 287 1100 rent,
319 1066 363 1090 ac
380 1051 489 1090 velut
509 1058 645 1102 captos
666 1048 937 1099 relinquerent
963 1045 1088 1084 Deos.
1148 1042 1314 1097 Egreffis
1332 1041 1471 1081 urbem

187 1109 368 1157 Albanis,
400 1108 612 1146 Romanus
626 1105 761 1159 passim
782 1103 939 1157 publica
954 1103 1183 1156 privataque
1210 1100 1343 1139 omnia
1365 1098 1472 1138 tetsta

185 1168 370 1219 adaequat
389 1165 488 1214 solo,
505 1177 663 1216 unaque
680 1162 777 1201 hora
792 1161 1176 1214 quadringentorum
1193 1160 1255 1211 (6)
1276 1168 1472 1196 annorum

184 1238 302 1278 opus,
333 1223 479 1276 quibus
502 1221 606 1260 Alba
624 1220 795 1268 steterat,
817 1218 972 1258 excidio
994 1231 1038 1256 ac
1052 1216 1177 1255 ruinis
1199 1216 1319 1254 dedit.
1350 1214 1473 1253 Tem—

177 1282 261 1334 plis
283 1283 344 1335 (7)
365 1290 499 1319 tamen
530 1277 669 1318 Deum
701 1277 771 1330 (ita
792 1277 900 1316 enim
931 1274 1111 1314 edietum
1132 1273 1181 1313 ab
1213 1286 1304 1326 rege
1327 1271 1474 1323 fuerat)

187 1347 453 1391 temperatum
473 1336 542 1376 est.

245 1396 379 1435 XXX.
413 1395 546 1433 Roma
579 1393 738 1431 interim
770 1391 909 1430 crescit
938 1389 1054 1429 Albae
1088 1388 1226 1427 ruinis.
1249 1386 1475 1440 duplicatur
1495 1392 1669 1422 Coeliusmm.»

186 1453 336 1492 civium
357 1465 562 1491 numerus.
623 1450 780 1490 Coelius
812 1448 970 1487 additur
1006 1445 1092 1485 urbi
1126 1459 1268 1492 mons3
1302 1447 1359 1493 &,
1391 1440 1473 1495 quc')
1492 1438 1678 1468 urbiaddnm.

188 1508 441 1562 frequentius
474 1507 733 1554 habitaretur,
764 1519 851 1544 eam
886 1505 1017 1543 sedem
1036 1503 1181 1542 Tullus
1214 1501 1332 1555 regiae
1354 1500 1473 1553 capit,

188 1567 323 1620 ibique
343 1565 546 1605 habitavit.
606 1564 812 1616 Principes
835 1562 1084 1601 Albanorum
1105 1560 1145 1597 in
1165 1562 1226 1613 (1)
1247 1559 1398 1606 Patres,
1431 1568 1474 1597 ut

188 1639 235 1665 ea
271 1637 431 1676 quoque
466 1636 555 1674 pars
587 1620 815 1674 reipublicae
834 1619 1041 1669 cresceret,
1072 1617 1182 1670 legit,
1213 1616 1370 1654 Tullios
1399 1618 1477 1668 (2),

188 1681 389 1730 Servilios,
413 1678 647 1737 Qinfifios,
679 1677 898 1732 Geganios,
920 1674 1134 1724 Curiatios,
1154 1673 1319 1713 Cloelios
1338 1688 1346 1712 :
1377 1682 1479 1711 tem-

1283 1731 1475 1784 plumque

191 1858 329 1888 clamore
345 1863 376 1887 et
389 1856 514 1887 ululatu
531 1862 726 1896 expromtus,
742 1854 792 1884 scd
810 1853 866 1883 sub
880 1852 1010 1893 pectore
1026 1849 1145 1891 pressus
1159 1848 1227 1880 fuit.
1251 1849 1285 1878 E.
1331 1848 1384 1887 (3)
1407 1845 1436 1876 h.
1454 1857 1478 1877 e.

195 1901 305 1933 ultima
322 1901 374 1932 illa
398 1900 476 1931 vice.
500 1900 549 1930 Sic
565 1908 712 1930 extrmnmz
729 1901 785 1934 hoc,
807 1899 893 1938 apud
909 1897 979 1927 Val.
997 1896 1161 1931 Flaccum3
1183 1895 1228 1923 hoc
1251 1896 1369 1928 tertium,
1393 1892 1478 1932 apud

194 1946 353 1978 Curtium.
400 1946 454 1987 (4)
479 1945 571 1975 Malo
588 1956 680 1975 voces
697 1946 794 1983 ulstimis
813 1944 886 1972 urhis
897 1943 1023 1983 partibus
1041 1940 1232 1980 conjungere
1249 1948 1321 1968 cum
1337 1938 1477 1968 dirueban-

192 1997 248 2027 τιὰ,
273 1991 369 2031 quam
385 1991 449 2031 (uti
466 1988 578 2030 vulgo)
595 2000 667 2020 cum
683 1990 848 2018 audiebatur.
896 1989 1013 2027 Fragor
1030 1983 1156 2015 auditus
1184 1982 1302 2012 indicio
1326 1981 1387 2011 suit
1415 1981 1479 2021 jam

193 2044 329 2077 caeptam
345 2036 404 2066 esse
431 2034 671 2065 demolitionem
703 2034 874 2067 tectorum,
904 2031 1000 2070 idque
1017 2031 1116 2060 ultimis
1145 2029 1216 2058 urbis
1228 2029 1366 2069 partibus.
1413 2024 1478 2055 Fir·

192 2092 280 2111 mare
296 2080 424 2111 videtur
452 2080 534 2110 hanc
551 2079 738 2120 opinionem
763 2078 850 2117 quod
879 2075 1031 2116 sequitur,
1053 2087 1086 2103 ex
1113 2074 1269 2116 dssansilms
1292 2074 1365 2102 locis.
1410 2071 1480 2106 Sed,

194 2136 260 2165 quo
291 2125 413 2166 integra
430 2135 478 2155 res
495 2123 606 2154 lectori
636 2122 851 2164 permittatur,
876 2119 1151 2161 interpunffiones
1173 2128 1281 2147 omnes
1309 2115 1421 2146 sustuli.
1447 2116 1480 2143 E.

192 2172 248 2210 (5)
272 2169 494 2204 Hellenismus,
519 2179 579 2209 pro
592 2172 623 2198 iis
640 2181 694 2208 quae
710 2169 936 2208 quisquepoterat.
961 2164 1017 2195 Sic.
1030 2164 1048 2193 l.
1060 2174 1087 2200 4.
1104 2174 1128 2193 c.
1147 2172 1196 2203 39.
1243 2162 1347 2205 Qibus
1370 2166 1481 2201 ῥαΐσαι*

184 2217 288 2255 sauciis
302 2218 384 2244 duHis
391 2217 489 2255 ficum.
533 2213 588 2254 (6)
612 2212 781 2255 Dionysius
795 2222 867 2242 eum
879 2209 1036 2251 plerisque
1052 2214 1199 2238 numerat
1209 2217 1309 2236 annos
1321 2205 1396 2242 487,
1411 2204 1480 2244 qui-

139 2293 153 2297 ,,
194 2259 254 2290 bus
271 2259 356 2290 Alba
373 2258 498 2289 steterit.
515 2257 665 2297 Sequitur
682 2256 792 2287 Livius
819 2256 956 2286 eundem
984 2253 1141 2284 calculum
1157 2262 1252 2292 quem
1268 2249 1379 2291 Virgil.
1407 2251 1479 2279 AEn.

134 2293 176 2328 ’,ᾖ
188 2302 224 2334 ’1.
241 2315 270 2334 V.
285 2314 357 2342 272.
403 2304 457 2344 (7)
480 2305 552 2333 VOX
575 2305 680 2344 templis
698 2301 731 2331 in
748 2301 819 2331 casu
844 2300 939 2331 tertio
955 2299 1005 2329 est.
1050 2297 1098 2328 Sic
1111 2305 1262 2338 temperare
1277 2298 1410 2331 lacrimis,
1431 2307 1480 2323 cae-

192 2351 277 2386 dibus,
299 2352 363 2383 neci,
388 2348 564 2380 locutiones
581 2348 652 2378 sunt
678 2347 764 2387 apud
777 2345 915 2386 optimos
926 2344 1072 2375 auctores
1083 2341 1169 2382 mque
1184 2341 1350 2381 usurpatae,
1364 2350 1398 2369 ac
1415 2346 1481 2368 tem-

189 2402 293 2435 perare
309 2404 327 2424 a
341 2395 463 2423 lacrimis
481 2393 538 2423 &a

241 2458 277 2488 C.
295 2466 343 2495 30.
367 2455 422 2496 (1)
446 2455 659 2486 Patriciorum
686 2453 792 2484 ordini
817 2452 997 2493 adscripsit3
1020 2459 1062 2487 et,
1094 2449 1116 2480 fi
1140 2460 1203 2489 qua
1230 2446 1386 2479 senatoria
1413 2446 1482 2476 loca

195 2501 364 2536 vacabant,
389 2500 421 2530 in
438 2511 475 2530 ea
502 2499 614 2541 allegit.
627 2499 691 2530 vid.
708 2507 773 2529 not.
791 2509 819 2534 4.
836 2498 895 2537 seq.
941 2497 994 2538 (2)
1018 2498 1169 2526 Veterem
1196 2493 1277 2523 hanc
1302 2491 1481 2525 stelionem,

196 2545 410 2587 plurimorum
427 2544 574 2575 codicum
590 2543 781 2574 auctoritate
794 2543 961 2577 firmatam,
980 2540 1110 2571 retineo.
1154 2541 1307 2568 Attamen
1319 2536 1484 2566 fatendum

196 2591 240 2621 est
255 2591 357 2620 ‘Tullios
380 2590 460 2629 saepe
482 2600 542 2629 pro
561 2591 652 2630 Julios
669 2589 817 2618 mendose
834 2587 912 2628 legi3
936 2595 966 2617 et
983 2585 1163 2628 Dionysius,
1186 2583 1240 2613 has
1251 2589 1356 2623 gentes
1373 2581 1484 2610 eodem

197 2635 310 2665 ordine
327 2644 588 2669 commemorans,
610 2635 714 2666 Ἰελιες
735 2633 839 2663 habet.
856 2631 979 2662 Contra
990 2633 1068 2661 vero
1084 2627 1318 2659 observandum
1334 2625 1376 2656 est
1389 2622 1485 2664 quod,

195 2680 370 2710 secundum
386 2678 516 2708 Livium
541 2677 691 2717 aliosque,
715 2679 826 2719 Julirzm
842 2685 969 2717 gentem
980 2678 1086 2705 Roma:
1110 2681 1183 2703 ante
1199 2671 1317 2702 Albam
1345 2669 1484 2699 dirutam

198 2723 287 2755 fuiss'e
311 2723 427 2756 evincit
451 2723 604 2757 Proculus
620 2722 733 2765 Julius,
755 2723 794 2753 de
816 2732 881 2762 quo
893 2720 988 2762 supra
1005 2731 1029 2751 c.
1049 2718 1097 2751 16.
1119 2717 1237 2749 Adhuc
1254 2715 1349 2757 igitur
1365 2713 1484 2787 subdju-

1437 2766 1483 2787 1ce
