1853 3158
129 281 208 319 182

120 1664 201 1706 Kaesb
216 1668 245 1696 in
260 1678 309 1695 ex-

109 1715 206 1755 slium
225 1711 291 1741 abit.

795 268 846 314 Τ.
905 266 1164 315 LI‘VII

342 402 465 445 pugno
496 389 607 429 ic7mn
637 389 685 427 nb
715 387 859 443 Kagsone
890 390 1042 446 cecidgffl’
1061 391 1325 445 semianimem.
1388 388 1494 430 Int'er
1513 404 1642 433 manus

349 449 492 487 domum
513 447 689 496 ablatum,
720 455 971 501 mortuumque
989 448 1071 487 inde
1088 449 1288 499 arbitrari,
1319 464 1381 487 nec
1392 448 1467 502 fibi
1486 463 1563 488 rem
1582 465 1645 488 exa

337 507 446 560 sequi
479 513 556 544 fam
587 513 742 543 atrocem
771 514 842 556 per
860 505 1013 559 confides
1034 506 1265 571 superiorum
1286 521 1465 546 annorum
1499 507 1587 545 licui
1612 523 1641 546 e.

349 564 453 603 Haec
472 561 637 602 Volscio
657 562 903 614 clamitante,
934 560 1036 602 adei)
1058 564 1245 605 concitati
1258 563 1442 604 homines
1463 564 1567 613 sunt,
1599 574 1645 604 ut

349 621 458 660 haud
475 621 649 659 multum
666 619 855 671 abfuerit,
877 620 975 673 quin
995 621 1148 675 impetu
1164 621 1304 686 popul-i
1318 622 1459 662 Kaeso
1450 621 1642 661 interiret

349 678 559 732 Virginius
581 677 700 731 arripi
728 677 845 732 jubet
869 677 1092 727 hominem,
1126 679 1197 719 ὅτ
1187 693 1230 718 m
1257 679 1415 720 vincula
1447 680 1553 719 duci.
1576 693 1648 732 paa

348 736 452 775 tricii
473 734 613 775 contra
632 735 671 774 vi
697 735 890 775 refistunt
950 736 1002 774 T.
1026 736 1247 793 Qincffius
1275 737 1466 787 clamitat,
1499 737 1572 776 Cui
1591 738 1650 776 rei

348 794 515 846 capitalis
530 793 604 832 dies
616 793 789 847 dida-fit,
814 794 866 834 {5³
884 794 927 833 de
942 809 1009 846 quo
1016 793 1200 849 futurum
1213 804 1327 846 prope
1336 794 1429 833 diem
1437 795 1643 848 judicium,

347 867 429 891 eum
445 851 694 890 indemnatum
716 852 858 891 indiffd
874 852 988 890 catcsd
1009 866 1076 889 non
1093 851 1214 890 debere
1229 852 1375 891 violari.
1435 852 1645 892 Tribunus

335 910 558 963 simplicium
579 910 946 963 negat-finnpturum
955 909 999 962 se
1018 908 1060 946 de
1075 909 1280 948 indemnato
1291 931 1306 954 ,·
1326 910 1572 964 strvaturum
1584 918 1645 949 ta-

349 983 428 1005 men
450 969 489 1006 in
509 967 669 1005 vinculis
683 966 744 1020 {ffi'
758 966 954 1019 adjudicii
967 966 1073 1004 diem,
1092 975 1147 1014 ut,
1169 967 1232 1019 qui
1245 966 1421 1006 hominem
1442 968 1648 1017 necaverit,

346 1024 390 1063 de
409 1040 443 1064 eo
459 1025 634 1078 supplicii
651 1023 824 1078 sttmendi
853 1025 951 1076 copia
963 1024 1091 1077 populo
1112 1024 1277 1063 Romano
1282 1024 1379 1079 fiat.r
1437 1024 1644 1079 Appellati

347 1081 497 1121 tribuni
525 1081 659 1121 medio
693 1082 854 1120 decreto
874 1082 941 1135 jus
974 1081 1110 1120 auxilii
1146 1081 1204 1120 sui
1235 1082 1454 1135 expediunt
1485 1085 1570 1136 (,2):
1601 1083 1644 1121 in

346 1139 504 1179 vincula
526 1138 672 1194 conjici
693 1148 853 1178 vetant:
884 1141 946 1192 (3)
977 1138 1198 1188 fiffireum,
1230 1140 1542 1192 pecuniamque,
1573 1139 1644 1179 nisi

348 1197 516 1246 sistatur,
563 1197 712 1250 populo
747 1196 943 1250 promitti,
984 1197 1140 1250 placere
1180 1197 1465 1250 pronunciant.
1523 1197 1645 1237 Sum-

345 1268 455 1293 mam
484 1254 666 1307 pecuniae
697 1264 890 1307 quantam
917 1268 1080 1307 aequum
1109 1255 1202 1294 effet
1233 1255 1430 1308 promitti,
1459 1254 1648 1295 veniebat*

343 1311 386 1350 in
421 1311 615 1351 dubium:
646 1311 687 1350 id
719 1313 769 1351 ad
790 1311 971 1351 senatum
1007 1312 1201 1367 rejicitur«
1260 1311 1390 1361 Reus,
1422 1313 1520 1352 dum
1547 1327 1645 1352 con-

343 1368 568 1408 sulerentur
588 1370 741 1418 Patres,
772 1378 953 1409 retentus
973 1369 1014 1408 in
1029 1369 1191 1423 publico
1221 1369 1290 1410 est.
1312 1371 1432 1410 vades
1445 1370 1538 1409 dare
1560 1371 1648 1423 pla--

343 1427 451 1466 cuit:
483 1429 545 1481 (4)
577 1440 707 1466 unum
736 1427 878 1466 vadem
912 1426 1038 1466 tribus
1071 1427 1249 1467 millibus
1280 1427 1369 1468 aeris
1401 1426 1648 1482 obligarunt,

343 1493 444 1537 quot
479 1485 683 1533 darentur,
715 1484 947 1538 permissum
981 1484 1150 1524 tribunis
1182 1484 1252 1525 est.
1285 1485 1426 1524 decem
1447 1487 1508 1539 (5)
1530 1483 1647 1524 finie-

342 1551 451 1581 runt.
492 1544 552 1596 (6)
590 1551 650 1582 tot
681 1541 848 1582 vadibus
877 1541 1083 1582 accusator
1112 1543 1279 1582 vadatus
1310 1542 1367 1582 est
1399 1556 1529 1582 reum.
1559 1541 1646 1581 Hic

342 1600 496 1653 primus
519 1602 581 1654 (7)
611 1600 731 1639 vades
765 1599 946 1664 publicos
980 1600 1102 1639 dedit.
1136 1600 1313 1640 dimifl'us
1344 1614 1365 1639 e
1397 1599 1488 1639 foro
1520 1599 1645 1639 nofike

342 1657 525 1712 proxima
559 1658 601 1696 in
621 1657 815 1697 Tuscos
805 1671 848 1696 m
867 1656 1046 1696 exsilium
1082 1656 1190 1697 abiit.
1251 1657 1401 1710 Judicii
1431 1658 1495 1697 die
1516 1663 1653 1712 quum·

341 1715 597 1755 excusaretur
619 1717 681 1768 (8)
701 1714 828 1754 solum
862 1714 1014 1754 vertiffe
1041 1715 1163 1754 exfilii
1197 1729 1328 1764 causa,
1360 1714 1487 1754 nihilo
1508 1715 1647 1754 minus

341 1772 530 1827 Virginio
545 1772 710 1812 comitia·
727 1771 914 1822 haben-te,
946 1773 1110 1826 collegae
1136 1773 1322 1826 appellati
1343 1772 1525 1812 dimisere
1548 1787 1645 1812 con-

341 1830 479 1871 cilium
499 1846 507 1869 :
538 1830 709 1883 pecunia
731 1832 790 1884 (9)
813 1845 834 1869 a
851 1838 963 1883 patre
985 1829 1128 1869 exaeca
1151 1831 1382 1880 crudeliter,
1414 1840 1472 1879 ut,
1504 1829 1650 1869 diven-

341 1888 434 1928 ditis
455 1887 641 1928 omnibus
663 1887 792 1935 bonis,
815 1887 1062 1941 aliquamdiu
1083 1897 1192 1928 trans
1211 1888 1410 1937 Tiberim,
1440 1887 1564 1927 veluti
1581 1901 1646 1927 re-

341 1948 510 2001 legatus,
541 1945 657 1985 devio
679 1946 855 1998 quodam
877 1944 1038 1999 tugurio
1059 1945 1221 1985 viveret.

399 2003 516 2043 XIV.
550 2003 642 2043 Hoc
670 2003 871 2057 judicium
896 2006 936 2043 δι
957 2004 1210 2058 promulgata
1250 2004 1314 2043 lex
1346 2004 1526 2044 exercuit
1546 2003 1643 2043 civi-

342 2070 489 2102 tatem:
522 2061 571 2100 ab
590 2060 764 2100 externis
786 2061 906 2100 armis
927 2060 1056 2099 otium
1090 2060 1180 2100 fuit.
1241 2061 1399 2118 Qum,
1430 2062 1538 2101 velut
1559 2062 1641 2101 vic-

341 2128 464 2169 tores,
497 2118 663 2167 tribuni,
696 2115 883 2171 perculsis
913 2118 1098 2158 Patribus
1133 2118 1315 2158 Kaesonis
1336 2119 1484 2167 exsilio,
1516 2117 1640 2172 prope

341 2178 535 2230 perlatam
573 2176 647 2215 effe
670 2177 877 2216 crederent
907 2177 1052 2230 legem,
1088 2178 1143 2225 Sc,
1175 2177 1283 2230 quod
1305 2177 1355 2215 ad
1375 2176 1545 2216 seniores
1566 2177 1641 2217 Pa‘

342 2291 403 2323 bus
420 2292 545 2323 urbana
572 2293 736 2323 Saburram
764 2291 859 2323 dieta.
905 2291 960 2333 (2)
984 2291 1150 2322 Extricant
1167 2293 1299 2323 decreto
1314 2291 1479 2333 ejusmodi,
1502 2293 1590 2333 quod
1609 2293 1639 2322 &

342 2337 427 2378 plebi
442 2337 574 2377 aliquid,
598 2338 629 2369 ἃ
643 2337 770 2368 Kaesoni
788 2337 988 2368 concederet.
1039 2337 1091 2377 (3)
1114 2336 1241 2379 Judicio
1258 2337 1367 2368 adeffe.
1413 2338 1468 2378 (4)
1490 2338 1521 2368 h.
1537 2349 1563 2369 e.
1580 2348 1639 2369 un-

342 2393 570 2422 umquemque.
617 2382 672 2423 (5)
695 2384 791 2412 [inire
816 2380 868 2411 hic
881 2392 942 2422 pro
965 2381 1085 2423 cifis-zirc,
1106 2381 1158 2412 vel
1173 2382 1269 2413 etiam
1285 2383 1418 2414 modum
1434 2382 1569 2414 statuere
1579 2392 1639 2413 nu⁴

341 2436 431 2458 mero
448 2427 587 2457 vadium.
633 2427 687 2468 (6)
710 2428 776 2457 Tot
792 2426 968 2467 sponsores,
993 2436 1108 2467 nempe
1136 2427 1256 2464 decem,
1278 2427 1380 2469 exegit
1405 2427 1569 2458 accusator
1597 2427 1638 2457 ab

343 2482 406 2502 reo.
436 2473 492 2513 (7)
514 2472 620 2502 Vades
633 2471 689 2511 qui
702 2472 735 2502 in
748 2470 915 2513 publicum
928 2470 1158 2512 obligarentur,
1182 2471 1415 2512 pecuniamque
1425 2471 1549 2513 populo
1562 2481 1637 2512 pro—

341 2516 517 2553 mitterent,
534 2515 590 2546 nisl
608 2527 678 2547 reus
692 2516 857 2548 sisteretur.
903 2515 957 2557 (8)
981 2517 1073 2546 Solum
1086 2523 1194 2546 vertere
1207 2516 1398 2547 dicebantur
1411 2516 1465 2557 qui
1483 2516 1589 2546 locum
1600 2526 1636 2545 ac

342 2560 445 2592 §edem
458 2561 636 2594 mutabant.
682 2562 738 2603 (9)
761 2562 882 2593 Exa&a
899 2572 917 2592 a
933 2560 1068 2592 vadibus
1082 2561 1145 2598 est;
1168 2572 1185 2592 a
1203 2568 1295 2602 patre
1311 2562 1387 2593 data
1403 2561 1547 2592 vadibus.

1527 2614 1634 2643 trun]
