1832 3137
406 378 690 421 LIBER
751 380 803 420 II.
864 382 1047 424 (ΞΑΡο
1106 382 1203 424 VII.

135 499 232 538 citat
257 495 475 538 calcaribus
491 507 658 548 equum,
689 504 808 548 atque
837 496 878 535 in
899 497 1028 549 ipsum
1045 498 1211 539 infestus
1229 500 1433 540 consulem

137 556 284 610 dirigit.
344 553 472 593 Sensit
493 553 534 591 in
557 553 594 592 se
620 553 668 592 iri
689 553 852 593 Brutus.
913 555 1122 596 Decorum
1139 567 1222 597 erat
1239 567 1325 596 tum
1343 559 1432 611 ipfis

137 613 329 667 capeffere
351 624 528 664 pugnam
559 610 754 650 ducibus:
784 608 897 651 avide
929 613 1063 666 itaque
1084 615 1121 654 se
1143 616 1351 654 certamini
1371 615 1434 655 of-

136 671 228 710 fert.
262 667 442 721 adeoque
464 667 616 708 infestis
639 668 782 708 animis
813 682 1117 720 concurrerunt,
1148 682 1305 724 neuter,
1335 674 1433 712 dum

1599 397 1654 438 95

136 727 291 767 hostem
332 727 572 775 vulneraret,
603 725 662 765 sui
697 727 932 781 protegendi
955 730 1134 782 corporis
1171 743 1342 779 memor,
1374 739 1433 779 ut,
1454 741 1636 773 Brutimorx.

137 785 338 825 contrario
360 784 446 823 iem
462 797 532 836 per
551 797 732 836 parmam
750 794 918 837 uterque
935 785 1168 836 transfixus,
1182 787 1337 827 duabus
1353 787 1436 828 hae-

136 852 270 882 rentes
283 842 402 881 hastis
425 840 653 880 moribundi
674 855 722 881 ex
744 842 858 894 equis
880 843 972 896 lapsi
993 844 1079 882 sint.
1112 845 1225 883 simul
1244 847 1284 886 δι’
1306 855 1438 885 cetera

139 900 332 953 equestris
355 913 490 953 pugna
511 899 661 952 coepit;
694 913 824 952 neque
846 900 900 939 ita
936 902 1065 940 multo
1097 900 1187 955 post
1211 905 1251 942 &
1287 903 1440 956 pedites

140 957 437 1011 superveniunt.
476 955 558 995 vIbi
591 955 697 995 vari&
717 957 901 1007 victorifu
935 961 972 997 δι
1011 960 1120 998 velut
1155 974 1272 1012 aequo
1308 960 1443 1000 Marte

139 1025 364 1070 pugnatum
389 1013 460 1054 est.
492 1015 630 1054 dextra
652 1015 840 1068 utrinque
866 1030 1017 1055 cornua
1037 1017 1182 1066 vicere,
1214 1018 1311 1057 laeva
1332 1017 1447 1072 supe-

142 1083 239 1113 rata.
297 1073 506 1127 Vejentes‚
537 1071 642 1111 vinci
663 1071 711 1111 ab
733 1073 923 1113 Romano
945 1074 1070 1114 milite
1093 1074 1244 1123 affueti,
1275 1074 1348 1114 fusi
1382 1076 1448 1115 fu-

143 1131 317 1184 gatique.
378 1129 696 1182 Tarquiniensis,
727 1144 855 1170 novus
888 1131 1027 1182 hostis,
1058 1146 1140 1172 non
1172 1132 1279 1172 stetit
1300 1131 1447 1184 solum,

144 1188 209 1228 sed
231 1189 353 1228 etiam
376 1187 424 1227 ab
446 1187 513 1226 su&
536 1197 647 1241 parte
675 1188 910 1228 Romanum
932 1190 1100 1243 pepulit.

203 1246 299 1286 VII.
332 1246 392 1284 Ita
413 1259 540 1298 quum
574 1255 800 1299 pugnatum
822 1247 929 1296 effet,
960 1257 1096 1287 tantus
1124 1256 1252 1287 terror
1271 1247 1448 1301 Tarqui-

147 1304 261 1342 nium
290 1313 410 1356 atque
433 1302 619 1342 Etruscos
641 1303 807 1352 inceffit,
837 1314 897 1355 ut,
929 1304 1074 1344 omiss&
1106 1304 1214 1344 irrita
1235 1319 1293 1353 re,
1324 1306 1449 1346 nocC'te

147 1360 266 1400 ambo
297 1361 510 1409 exercitus,
543 1361 696 1414 Vejens
730 1361 1127 1414 Tarquiniensisque,
1158 1362 1246 1404 suas
1282 1362 1457 1415 quisque,

148 1418 303 1458 abirent
325 1418 479 1456 domos.
543 1418 756 1471 Adjiciunt
777 1419 968 1457 miracula
989 1418 1083 1459 huic
1104 1433 1275 1473 pugnae:
1298 1420 1452 1459 filentio

149 1476 342 1529 proximae
364 1474 495 1513 noctis
529 1488 576 1512 ex
613 1475 704 1513 silv&
737 1474 849 1513 Arfisi
870 1476 1076 1529 ingentem
1110 1477 1259 1516 editam
1280 1491 1421 1516 vocem
1438 1494 1453 1525 3

151 1533 303 1572 Silvani
324 1546 465 1572 vocem
486 1545 574 1570 eam
596 1531 816 1580 creditam3
848 1532 933 1572 haec
957 1533 1082 1584 dicta,
1113 1534 1195 1573 Uno
1206 1535 1294 1586 plus
1316 1535 1455 1589 Etrus-

151 1606 275 1630 corum
310 1590 462 1644 cea-idgffe
482 1591 519 1626 in
540 1591 642 1633 acie;
676 1591 821 1627 vincere
855 1591 937 1629 bello
971 1591 1194 1631 Romanum.
1255 1592 1316 1631 Ita
1347 1591 1456 1632 cert&

153 1649 246 1687 inde
287 1647 417 1686 abiere
459 1646 652 1694 Romani,
686 1656 730 1685 ut
770 1645 972 1695 viCtore53
1018 1648 1173 1687 Etrusci
1213 1663 1285 1702 pro
1324 1649 1456 1689 viffis.

156 1705 284 1755 Nam,
315 1703 527 1758 postquam
561 1703 707 1751 illuxit,
739 1717 812 1742 nec
845 1705 1055 1757 quisquam
1090 1705 1267 1745 hostium
1299 1706 1341 1745 in
1362 1721 1460 1747 con-

155 1762 294 1816 spefitu
321 1772 421 1812 erat,
450 1761 497 1800 P.
528 1761 568 1800 V
572 1760 716 1800 alerius
738 1761 875 1800 consul
906 1762 1028 1815 spolia
1049 1763 1159 1817 legit,
1191 1763 1462 1817 triumphans-

154 1835 233 1874 que
256 1820 348 1859 inde
367 1820 545 1858 Romam
566 1818 696 1858 rediit.
729 1820 894 1873 collegce
913 1819 1054 1871 funus,
1086 1830 1238 1873 quanto
1273 1831 1361 1860 tum
1390 1836 1463 1874 po-

158 1878 237 1917 tuit
260 1886 466 1931 apparatu,
496 1876 604 1915 fecit.
638 1876 703 1915 sed
721 1877 849 1915 multo
871 1878 1000 1932 majus
1022 1877 1142 1917 morti
1163 1879 1285 1918 decus
1302 1878 1465 1932 publica

157 1936 237 1975 suit
258 1934 463 1984 moestitia,
495 1931 544 1973 eo
566 1944 658 1973 ante
679 1934 814 1974 onmia
846 1934 1023 1989 insignis,
1055 1935 1149 1988 quia
1180 1945 1372 1976 matronae
1394 1950 1465 1975 an-

160 2007 259 2032 num
277 1996 356 2047 (1),
380 2001 424 2031 ut
445 2001 666 2045 parentem,
684 2006 778 2032 eum
796 1993 999 2042 luxerunt,
1021 1992 1132 2046 quod
1150 2002 1231 2032 tam
1248 2007 1338 2033 acer
1360 1995 1466 2033 ultor

160 2052 317 2091 violatae
339 2050 545 2103 pudicitiae
568 2050 711 2089 fuisset.
774 2049 939 2089 Consuli
968 2052 1127 2100 deinde,
1159 2052 1228 2103 qui
1260 2051 1468 2105 supersue-

163 2119 240 2159 rat,
272 2119 316 2147 ut
337 2108 428 2146 sunt
448 2107 661 2147 mutabiles
682 2107 791 2161 vulgi
814 2108 953 2157 animi,
984 2123 1032 2148 ex
1056 2111 1116 2163 (2)
1140 2108 1274 2148 favore
1296 2124 1379 2150 non
1406 2110 1467 2148 in-

1464 972 1564 1014 Pugna
1574 969 1660 1003 dubia.

1490 2118 1523 2146 V
1518 2117 1620 2146 alerius
1639 2120 1687 2158 afi·

163 2166 268 2206 vidia
289 2166 430 2214 modo,
463 2165 528 2204 sed
549 2164 717 2218 suspicio
739 2165 861 2205 etiam
882 2180 977 2206 cum
1004 2166 1128 2206 atroci
1151 2166 1334 2216 crimine,
1365 2164 1583 2208 orta..f‘’5¹²‘¹²i
1599 2165 1675 2203 regni

165 2225 360 2277 Regnum
380 2236 474 2261 eum
489 2223 692 2271 affectare,
721 2222 829 2262 fama
851 2222 1028 2265 ferebat:
1061 2224 1154 2277 quia
1176 2239 1249 2264 nec
1271 2226 1469 2280 collegam

165 2281 445 2335 subrogaverat
465 2281 506 2319 in
527 2282 663 2320 locum
681 2281 811 2330 Bruti,
845 2283 884 2321 &
914 2281 1139 2322 aedificabat
1159 2282 1201 2320 in
1230 2282 1385 2322 summa
1406 2286 1470 2337 (3)

166 2337 299 2379 Velia.
330 2337 383 2377 ibi
405 2338 483 2376 alto
505 2348 624 2391 atque
656 2338 815 2377 munito
842 2339 929 2378 loco
961 2354 1093 2381 arcem
1115 2340 1470 2394 inexpugnabilem

168 2395 267 2435 fore.
329 2395 430 2435 Haec
453 2395 561 2436 dieta
580 2395 702 2450 vulgo
725 2396 955 2449 creditaque
977 2411 1105 2450 quum
1132 2398 1370 2452 indignitate
1400 2412 1471 2438 an-

166 2462 307 2508 gerent
348 2452 519 2492 consulis
556 2454 752 2503 animum,
784 2463 926 2494 vocato
967 2456 1016 2495 ad
1052 2455 1269 2496 concilium
1303 2457 1472 2509 populo,

1261 2512 1476 2553 summiffis

220 2664 256 2693 C.
279 2672 306 2702 7.
326 2664 383 2703 (1)
406 2665 543 2693 Annum
559 2664 642 2693 decem
655 2665 775 2707 meffium
792 2662 845 2694 hic
859 2662 1104 2707 intelligendum
1120 2664 1182 2695 esse
1198 2664 1331 2705 quidam
1341 2673 1472 2695 conten-

183 2707 275 2737 dunt.
320 2708 461 2738 Tamdiu
489 2711 586 2745 certe,
607 2720 645 2739 ex
674 2709 818 2739 instituto
848 2710 974 2746 Numae,
998 2709 1085 2740 viros
1102 2710 1173 2740 suos
1190 2710 1295 2740 viduae
1312 2710 1473 2751 lugebant.

181 2753 237 2791 (2)
254 2754 375 2784 Pavore
390 2752 477 2793 vulgi
495 2754 525 2784 se
545 2762 692 2785 vertente
711 2755 742 2785 in
762 2753 916 2784 invidiam
929 2766 966 2786 ac
989 2754 1206 2797 suspicionem.
1252 2755 1307 2795 (3)
1329 2753 1474 2785 Editiore

472 2842 496 2864 ny.

1487 2208 1658 2250 isfimulatus.

1381 2804 1475 2839 parte
1522 2794 1526 2798 “
