1853 3158
305 269 586 312 LIBER
645 266 719 308 IX.
781 268 967 310 CAP.
1030 270 1182 311 XLVI.

1515 283 1596 327 255·

156 385 308 427 XLVI.
342 387 493 426 Eodem
528 397 632 423 anno
669 383 744 423 Cn.
783 384 941 426 Flavius
982 386 1059 427 Cn.
1098 385 1204 426 filius
1241 384 1380 439 scriba,
1403 401 1584 432 cmFlaviu.

95 455 205 497 patre
220 444 417 492 libertino,
447 441 589 481 humili
609 440 772 480 fortun&
788 451 914 492 ortus,
944 441 1124 482 ceterum
1139 444 1303 483 callidus
1323 445 1382 485 vir
1400 448 1573 477 aediliscuw

95 512 136 540 et
165 502 375 549 facundus,
406 499 529 540 aedilis
551 498 701 538 curulis
723 498 812 537 fuit.
874 500 1040 540 Invenio
1068 501 1108 539 in
1145 501 1383 554 quibusdam

99 559 325 608 annalibus,
356 560 415 611 (1)
452 569 577 609 quum
609 561 633 607 †
665 565 870 608 appareret
910 558 1106 608 aedilibus,
1137 558 1303 612 fierique
1344 560 1382 600 se

99 619 161 670 (2)
183 630 254 670 pro
289 615 394 654 tribu
429 613 585 653 aedilem
619 612 785 661 videret,
819 617 878 667 (3)
900 628 1031 667 neque
1068 616 1194 669 accipi
1215 631 1384 667 nomen,

98 674 193 725 quia
226 672 414 725 scriptum
450 670 624 718 faceret3
656 670 833 709 tabulam
855 673 915 725 (4)
938 672 1117 724 posuiffe‚
1154 676 1190 713 δε
1224 674 1383 728 juraffe,

98 730 136 769 se
172 730 361 782 scriptum
396 742 478 767 non
512 727 728 768 faeturum.
763 741 884 780 quem
914 728 1117 781 aliquanto
1139 730 1228 769 ante
1252 732 1383 771 defifl'e

98 787 288 840 scriptum
324 785 471 837 facere,
504 785 634 839 arguit
667 786 809 825 Macer
841 784 1036 833 Licinius,
1068 786 1272 827 tribunatu
1292 787 1383 828 ante

96 844 205 898 gesto
239 842 646 894 triumviratibusque‚
679 844 739 896 (5)
760 842 961 882 noeturno
988 844 1127 892 altero,
1158 845 1281 884 altero
1316 860 1383 885 co-

96 902 214 941 loniae
248 902 508 941 deducendae.
568 898 762 940 Ceterum
795 900 852 953 (id
886 901 995 952 quod
1025 900 1133 941 haud
1172 902 1384 957 discrepat)

96 959 350 999 contumaci&
369 955 557 998 adversus
579 966 883 997 contemnentes
903 957 1171 997 humilitatem
1188 958 1298 998 suam
1312 973 1385 999 no-

95 1015 194 1056 biles
210 1016 396 1056 certavit:
420 1017 479 1069 (6)
494 1015 609 1054 civile
622 1015 703 1068 jus,
717 1015 932 1067 repositum
947 1015 987 1053 in
1003 1015 1270 1068 penetralibus
1284 1031 1385 1070 pon-

96 1072 268 1122 tificum,
298 1073 513 1126 evulgavit,
546 1074 605 1126 (7)
627 1071 825 1124 fastosque
841 1072 945 1111 clrca
967 1072 1101 1111 forum
1122 1073 1163 1111 in
1184 1072 1272 1113 albo
1292 1080 1386 1127 pro-

94 1130 238 1183 posuit,
253 1139 313 1179 ut,
331 1130 491 1183 quando
509 1130 595 1183 lege
613 1129 676 1182 agi
692 1130 830 1182 posset,
852 1129 1039 1168 sciretur:
1060 1130 1187 1169 aedem
1203 1131 1384 1172 Concor-

95 1188 169 1226 diae
191 1187 231 1226 in
253 1186 342 1226 arefi
361 1186 537 1226 Vulcani
571 1185 725 1225 summa
746 1185 894 1225 invidia
927 1186 1122 1225 nobilium
1157 1188 1382 1237 dedicavit3

94 1244 338 1297 coa&usque
370 1243 562 1283 consensu
598 1243 736 1296 populi
757 1244 969 1283 Cornelius
989 1244 1184 1284 Barbatus
1201 1246 1383 1298 pontifex

99 1302 299 1341 maximus
329 1300 448 1340 verba
468 1306 491 1353 †
512 1300 667 1353 praeire,
698 1303 759 1354 (8)
781 1315 908 1353 quum
940 1315 1051 1340 more
1085 1303 1284 1357 majorum
1313 1317 1384 1342 ne-

93 1368 221 1412 garet,
252 1358 322 1398 nis1
364 1357 569 1397 consulem
609 1366 677 1396 aut
718 1357 1014 1411 imperatorem,
1045 1360 1149 1411 poffe
1184 1361 1382 1414 templum

92 1416 288 1455 dedicare.
349 1416 489 1468 Itaque
510 1429 559 1454 ex
581 1414 818 1454 au&oritate
855 1414 1013 1455 senatus
1039 1418 1164 1456 latum
1184 1418 1234 1456 ad
1253 1432 1383 1472 popu-

94 1474 180 1512 lum
215 1473 288 1524 est,
315 1486 364 1511 ne
401 1473 490 1525 quis
522 1474 719 1525 templum
752 1487 908 1512 aramve
943 1474 1088 1528 injuffu
1124 1474 1281 1515 senatus
1313 1485 1382 1515 aut

94 1529 348 1569 tribunorum
380 1529 509 1583 plebei
543 1530 664 1582 partis
698 1531 859 1585 majoris
881 1531 1093 1571 dedicaret.
1153 1533 1278 1572 Haud
1298 1547 1383 1572 me-

93 1587 328 1627 morabilem
350 1601 434 1626 rem
455 1600 525 1640 per
547 1586 599 1636 se,
631 1586 700 1626 nisi
724 1588 1012 1628 documentum
1043 1589 1086 1628 fit
1109 1588 1297 1630 adversus
1319 1590 1382 1629 su-

1203 1647 1380 1701 perbiam

141 1781 176 1811 C.
202 1778 253 1817 46.
274 1779 330 1820 (1)
354 1776 471 1810 Scribae
497 1786 589 1809 erant
612 1789 649 1809 ex
676 1777 901 1820 apparitorum
930 1790 1074 1810 numero.
1123 1779 1273 1811 Ceterum
1294 1792 1379 1824 mag·

95 1834 169 1855 nam
185 1831 311 1864 partem
336 1823 432 1864 hujus
460 1823 572 1864 capitis
597 1834 613 1853 e
638 1823 752 1855 Pisone
780 1823 944 1865 descripsit
970 1823 1091 1855 Livius.
1136 1824 1211 1855 vid.
1238 1826 1378 1857 Gellium

93 1869 116 1899 l.
135 1869 163 1899 ό.
182 1880 209 1899 c.
229 1878 256 1909 9.
301 1869 357 1909 (2)
381 1871 440 1899 Pro
467 1869 542 1898 trilm
565 1868 650 1898 idem
672 1869 779 1900 valere
796 1868 935 1906 videtur,
958 1870 1047 1909 quod
1063 1872 1091 1898 in
1103 1870 1299 1911 praerogativs‘z'
1321 1875 1378 1900 tri-

94 1915 140 1943 bu.-
166 1913 210 1944 ita
231 1922 266 1944 ut
289 1923 404 1954 nempe
426 1912 530 1943 tribus
547 1913 762 1954 praerogativa
782 1921 917 1944 vocetur
935 1915 1107 1954 κατέξαχην
1129 1915 1227 1944 tribus.
1273 1915 1321 1946 Sic
1344 1915 1377 1946 in

97 1958 282 1999 fragmentis
312 1957 418 1999 legum
442 1957 652 1997 antiquarum
678 1959 766 1998 apud
799 1958 1011 1988 Frontinum:
1039 1959 1142 1988 ‘Tribus
1171 1961 1270 2001 Sergia
1294 1963 1379 2001 prin-

93 2005 191 2044 cipium
209 2004 293 2043 fuit:
314 2010 368 2043 pro
393 2004 467 2032 tribu
494 2003 558 2032 Sex.
578 2003 615 2031 L.
631 2003 665 2031 F.
688 2005 783 2032 Varro
795 2005 1016 2043 primiti-scivit.
1063 2004 1116 2043 (3)
1140 2005 1254 2043 Neque
1271 2012 1377 2036 tamen

98 2049 116 2086 †
135 2046 293 2077 rationem
319 2046 365 2077 sui
391 2045 514 2082 haberi,
539 2046 579 2077 ab
608 2057 646 2076 eo
670 2046 725 2086 qui
752 2046 890 2077 comitiis
919 2055 1065 2088 praeerat.
1089 2049 1177 2087 quod
1194 2049 1304 2079 l‘cribae
1320 2049 1379 2080 mi-

94 2090 222 2122 nisterio
239 2093 434 2133 fungeretur.
479 2091 533 2131 (4)
558 2092 639 2133 Qlae
657 2099 724 2121 erat
739 2092 827 2122 velut
841 2091 960 2132 insigne
976 2092 1139 2122 ministerii
1156 2093 1211 2123 sui.
1260 2093 1378 2125 Scribae

96 2135 180 2165 enim
197 2136 335 2166 rationes
358 2135 512 2176 publicas,
534 2136 626 2176 legeS,
650 2137 785 2176 aetaque
809 2136 842 2166 in
859 2136 975 2166 tabulis
992 2137 1181 2168 scribebant.
1226 2139 1279 2177 (5)
1304 2138 1378 2168 Tri-

96 2180 214 2211 umviri
242 2180 394 2210 nocturni
420 2180 574 2210 incendiis
601 2191 658 2220 per
686 2181 800 2211 urbem
826 2181 972 2212 arcendis
988 2190 1158 2221 praeerant.
1206 2183 1261 2224 (6)
1284 2183 1377 2224 Legis

95 2224 255 2254 aditiones:
279 2224 297 2253 i.
316 2236 344 2254 e.
370 2224 524 2255 sollennes
541 2224 692 2264 quasdam
711 2225 866 2255 formulas
893 2237 910 2256 a
925 2226 1015 2268 JCtis
1038 2226 1236 2267 compositas,
1260 2228 1377 2267 quibus

95 2268 178 2299 inter
202 2268 232 2298 se
255 2268 398 2299 homiues
426 2269 458 2298 in
484 2269 554 2309 jure
580 2268 806 2310 disceptarent.
855 2271 917 2300 Hic
943 2270 1108 2301 actionum
1125 2271 1206 2302 liber
1223 2283 1241 2302 a
1267 2273 1377 2303 Flavio

100 2313 256 2354 prolatus,
267 2317 317 2354 jus
335 2315 418 2343 civile
434 2315 600 2343 Flavianum
624 2314 862 2354 appellabatur.
898 2317 951 2355 (7)
976 2316 1295 2356 Kalendarium‚quo
1308 2325 1376 2347 tota

97 2356 222 2388 dicrum
248 2359 267 2396 †
289 2358 441 2388 fastorum
468 2357 725 2398 nefastorumque
752 2358 833 2388 ratio
862 2360 1097 2390 continebatur.
1145 2362 1295 2391 Ceterum
1314 2362 1377 2392 Pli-

97 2402 168 2432 nius
195 2402 213 2431 l.
238 2410 287 2440 33.
314 2412 344 2432 c.
372 2412 399 2432 1.
427 2403 540 2434 audior
557 2402 609 2438 est,
632 2402 776 2432 Flavium
794 2411 929 2443 propter
946 2405 1125 2445 publicatos
1143 2406 1235 2435 fastos
1251 2406 1376 2436 aedilcm

99 2446 243 2476 curulem
260 2454 411 2477 creatum.
456 2446 510 2487 (8)
533 2447 608 2476 Non
624 2457 737 2477 verum
755 2447 896 2485 videtur,
917 2450 1005 2488 quod
1019 2450 1212 2489 praetexebat
1230 2451 1375 2491 pontifex

99 2492 188 2520 Nlax.
237 2491 319 2520 Nam
339 2491 451 2522 Livius
468 2492 486 2521 l.
512 2500 542 2521 2.
556 2501 581 2520 c.
600 2500 653 2528 27.
678 2491 913 2522 dedicationem
931 2493 1004 2523 aedis
1023 2494 1181 2525 Mercurii
1199 2495 1294 2535 primi
1317 2495 1373 2535 pili

99 2534 279 2565 centurioni
293 2546 311 2565 a
324 2536 445 2576 populo
460 2537 578 2570 datam,
602 2535 618 2564 l.
638 2545 665 2565 2.
679 2546 708 2566 c.
724 2545 777 2572 42.
792 2537 892 2566 aedem
907 2538 1044 2568 Castoris
1062 2549 1077 2569 a
1092 2539 1264 2569 duumviro
1281 2540 1321 2569 ad
1341 2539 1375 2569 id

102 2589 222 2616 creato,
246 2580 275 2610 §z
290 2580 350 2610 1.(›.
365 2591 388 2611 c.
411 2591 438 2611 c,
453 2581 551 2610 :edem
566 2580 682 2611 Martis
701 2591 717 2611 a
734 2580 907 2611 duumviro
925 2582 1017 2613 sacris
1033 2583 1183 2613 faciendis
1197 2584 1373 2614 dedicatam

1260 2628 1374 2660 scribit.

1400 493 1448 522 lis.
