1853 3158
402 266 686 312 LIBER
745 267 798 309 X.
860 268 1044 311 CAP.
1104 269 1219 311 XXI.

158 384 309 439 septem
345 385 466 425 millia
489 386 530 425 &
561 383 866 439 quadringenti3
899 387 1031 439 praeda
1053 385 1193 441 ingens
1222 383 1444 427 sociorum:

160 443 356 496 accitique
388 441 521 482 εάἰᾶο
551 441 703 480 domini
738 443 787 482 ad
816 457 878 483 res
908 443 996 484 suas
1014 444 1232 484 noscendas
1252 444 1450 497 recipien-

162 500 321 554 dasque.
380 497 605 540 Praestituta
631 498 710 547 die,
741 514 912 552 quarum
946 515 1082 541 rerum
1100 516 1182 541 non
1204 501 1352 540 exstitit
1373 502 1445 541 do·-

161 558 312 609 minus,
343 557 459 596 militi
492 556 708 597 conceffae:
739 558 950 611 coaestique
976 560 1147 600 vendere
1169 559 1363 612 praedam,
1395 572 1445 597 ne

161 615 269 663 alibi,
301 613 422 668 quam
442 614 484 653 in
512 614 649 665 armis,
678 614 857 653 animum
878 616 1082 656 haberent.

218 672 332 712 XXI.
366 672 569 726 Magnum
600 686 644 711 ea
665 672 870 725 populatio
892 672 1087 726 Campani
1118 674 1201 727 agri
1225 675 1447 714 tumultum

161 730 306 769 Rornae
323 729 569 782 praebuerat:
603 731 641 768 δι
664 741 734 782 per
755 742 822 769 eos
844 728 947 768 forte
970 732 1053 770 dies
1070 746 1117 770 ex
1133 732 1293 771 Etruria
1315 734 1376 785 (1)
1395 732 1450 770 al-

160 788 287 826 latum
320 796 417 835 erat,
449 787 534 840 post
565 786 787 826 deductum
822 786 914 826 inde
944 787 1266 827 Volumnianum
1299 788 1450 828 exerci-

159 853 247 883 tum
281 844 484 884 Etruriam
515 845 713 884 concitam
733 844 774 883 in
795 858 917 893 arma,
952 847 991 885 &
1013 845 1194 883 Gellium
1216 846 1449 898 Egnatium,

159 901 403 942 Samnitium
435 903 597 952 ducem,
633 904 670 942 &
704 902 886 944 Umbros
925 902 973 941 ad
1007 901 1278 941 defectionem
1301 906 1360 956 (2)
1381 918 1450 941 vo-

159 959 256 1007 cari,
290 962 331 1000 &
364 960 506 1000 Gallos
542 960 673 1012 pretio
712 959 864 1013 ingenti
901 959 1112 1000 sollicitari.
1173 960 1251 999 His
1292 960 1451 1000 nunciis

159 1016 317 1057 senatus
353 1017 592 1056 conterritus
626 1022 651 1068 †
677 1017 877 1070 justitium
909 1017 1048 1066 indici,
1079 1017 1281 1056 delectum
1319 1017 1451 1057 omnis

157 1074 314 1127 generis
348 1073 561 1113 hominum
595 1073 734 1113 haberi
762 1074 882 1129 jussit.
921 1088 994 1114 nec
1023 1075 1188 1128 ingenui
1223 1073 1346 1114 modo
1382 1084 1451 1114 aut

151 1131 332 1185 juniores
353 1131 598 1170 sacramento
620 1131 769 1182 adaifi,
794 1131 865 1171 sed
893 1131 1091 1171 seniorum
1113 1132 1233 1171 etiam
1265 1131 1451 1177 cohortes

157 1186 292 1236 factae,
323 1188 576 1241 libertinique
614 1191 673 1242 (3)
708 1189 931 1228 centuriati.
971 1192 1008 1230 &
1048 1188 1309 1230 defendendae
1342 1189 1450 1229 urbis

156 1246 315 1286 consilia
349 1245 625 1300 agitabantur3
659 1246 903 1300 summaeque
937 1260 1071 1286 rerum
1103 1256 1249 1300 praetor
1267 1247 1313 1286 P.
1335 1246 1450 1286 Sem-

156 1303 321 1356 pronius
349 1313 529 1356 praeerat.
590 1302 785 1343 Ceterum
817 1313 928 1360 parte
957 1318 1062 1349 curae
1096 1313 1364 1344 exonerarunt
1392 1305 1450 1344 se-

155 1373 296 1400 natum
328 1361 374 1400 L.
402 1361 614 1401 Volumnii
636 1362 807 1401 consulis
838 1362 976 1411 literae,
1009 1361 1153 1415 quibus
1182 1362 1301 1402 caesos
1324 1360 1449 1405 fusos-

156 1433 233 1471 que
267 1419 521 1471 populatores
566 1418 801 1472 Campaniae
841 1420 1049 1474 cognitum
1093 1419 1160 1459 est.
1224 1420 1364 1472 Itaque
1406 1422 1448 1461 δε

156 1482 181 1527 †
202 1475 509 1528 supplicationes
531 1479 592 1530 (4)
614 1476 665 1515 ob
686 1491 772 1516 rem
789 1476 890 1517 bene
918 1477 1068 1532 gestam
1089 1477 1261 1517 consulis
1282 1477 1447 1516 nomine

157 1534 392 1572 decernunt.
422 1534 622 1588 justitium
646 1535 879 1586 remittitur,
912 1536 1020 1588 quod
1050 1534 1181 1574 fuerat
1203 1535 1286 1575 dies
1306 1535 1448 1574 decem

160 1593 198 1630 &
234 1590 343 1639 οὲὶο,
377 1590 692 1644 supplicatioque
715 1594 874 1645 perlaeta
905 1592 996 1632 fuit.
1055 1592 1166 1635 Tum
1198 1594 1246 1631 de
1267 1592 1447 1645 praefidio

156 1648 345 1702 regionis,
390 1649 641 1702 depopulatae
681 1649 729 1689 ab
767 1648 1029 1700 Samnitibus,
1076 1650 1216 1704 agitari
1252 1659 1446 1702 coeptum.

156 1706 297 1758 Itaque
319 1707 483 1759 placuit,
515 1716 559 1745 ut
580 1707 669 1746 duae
691 1708 859 1747 coloniae
880 1707 985 1747 circa
1014 1708 1234 1748 Vescinum
1258 1710 1295 1747 δε
1315 1708 1449 1747 Faler-

155 1777 255 1813 num
291 1778 432 1818 agrum
468 1764 787 1805 deducerentur:
820 1779 897 1804 una
932 1767 983 1804 ad
1017 1765 1164 1806 ostium
1198 1765 1302 1804 Liris
1323 1764 1449 1815 fluvii,

154 1819 250 1874 quse*
278 1823 337 1874 (ς)
375 1821 598 1862 Minturnae
631 1824 851 1876 appellata;
884 1823 1005 1863 altera
1043 1823 1085 1863 in
1118 1823 1216 1862 saltu
1256 1822 1448 1872 Vescino,

154 1879 370 1919 Falernum
392 1879 649 1934 contingente
671 1895 828 1934 agrum,
861 1880 929 1920 ubi
955 1880 1105 1936 Sinope
1125 1880 1271 1920 dicitur
1300 1880 1448 1920 Graeca

156 1936 251 1976 urbs
278 1935 405 1984 fuisse,
436 1937 614 1976 Sinueffa
641 1938 784 1978 deinde
816 1937 864 1977 ab
896 1938 1049 1978 colonis
1085 1938 1283 1979 Romanis
1311 1934 1446 1991 appel-

154 1995 246 2034 lata.
306 1993 500 2035 Tribunis
536 1994 660 2047 plebis
688 1996 896 2050 negotium
930 1996 1067 2036 datum
1104 1996 1176 2046 est,
1208 2005 1252 2036 ut
1281 1995 1446 2048 plebeis·-

153 2052 235 2092 cito
261 2051 470 2107 juberetur
504 2052 550 2092 P.
575 2052 837 2106 Sempronius
878 2063 1025 2107 praetor
1059 2053 1290 2095 triumviros
1322 2053 1364 2092 in
1400 2066 1447 2092 ea

153 2110 241 2149 loca
268 2109 419 2149 colonis
441 2111 686 2150 deducendis
707 2124 854 2150 creare.
885 2125 976 2160 nec,
1007 2111 1077 2164 qui
1099 2111 1262 2151 nomina
1291 2111 1446 2160 darent,

157 2165 274 2206 facile
295 2167 613 2216 inveniebantur,
645 2168 738 2221 quia
758 2168 798 2207 in
821 2168 1031 2208 stationem
1053 2168 1090 2207 se
1112 2168 1235 2222 prope
1257 2178 1459 2222 perpetu-a

157 2237 222 2263 am
245 2223 396 2264 infestae
415 2225 603 2279 regionis,
634 2226 771 2264 nonin
793 2240 925 2280 agros,
946 2226 1051 2265 mitti
1073 2227 1275 2267 rebantur.
1308 2228 1369 2281 (6)
1389 2227 1446 2265 A-

158 2281 275 2321 vertit
306 2281 354 2321 ab
373 2282 430 2323 eis
451 2282 556 2323 curis
579 2282 759 2323 senatum
789 2284 960 2324 Etruriae
982 2283 1258 2338 ingravescens
1278 2284 1445 2331 bellum,

1236 2343 1271 2381 8<
1298 2341 1445 2382 crebrae

204 2450 244 2487 C.
259 2464 309 2487 21.
334 2455 389 2495 (1)
413 2455 487 2487 Vid.
503 2455 598 2498 supra
615 2464 683 2492 not.
700 2466 732 2489 2.
749 2458 789 2488 ad
806 2469 835 2490 c.
854 2457 882 2489 6.
902 2457 920 2488 1,
935 2457 963 2488 6.
1007 2458 1061 2498 (2)
1086 2461 1171 2499 Lege
1184 2469 1258 2489 cum
1277 2456 1446 2487 Gronovio

156 2513 256 2531 vocare
273 2500 471 2540 &sollicitare
483 2516 492 2531 :
519 2501 563 2532 ita
580 2510 615 2532 ut
637 2502 835 2544 intelligatur
853 2503 975 2534 Gellius
998 2504 1029 2534 &-
1058 2504 1195 2534 Umbros
1213 2504 1243 2533 Sc
1262 2503 1372 2533 Gallos
1389 2513 1447 2531 vo-

159 2556 231 2576 care
247 2545 288 2576 ad
306 2555 403 2575 arma.
447 2546 503 2585 (3)
530 2546 603 2577 Vid.
630 2547 726 2587 supra
750 2554 817 2578 not.
835 2557 861 2586 3.
882 2549 922 2578 ad
935 2559 961 2578 c.
982 2557 1008 2578 2.
1028 2548 1046 2578 l.
1060 2549 1091 2578 6.
1139 2548 1192 2588 (4)
1216 2546 1446 2589 Sappho-ationem

157 2591 258 2620 habe-re
275 2589 433 2631 Polybius
461 2590 593 2631 exponit
623 2592 782 2631 σχολαζειν
800 2592 937 2631 Tauium,
960 2606 1009 2622 και
1039 2595 1106 2624 ῥυειν
1123 2606 1178 2626 τοις
1197 2595 1260 2625 θεοις
1284 2605 1446 2634 χαριςηξιαι

159 2647 215 2665 «των
232 2648 455 2673 ευτυχκματωα.
501 2637 574 2666 Exc.
598 2637 674 2677 Leg.
701 2647 788 2667 num.
819 2637 869 2667 16.
913 2638 967 2678 (5)
991 2639 1061 2679 Jam
1080 2637 1328 2668 Minturnarum
1354 2638 1384 2667 Ξκ-
1401 2637 1447 2665 si-

159 2679 276 2710 nuess'ae
292 2679 487 2710 mentionem
504 2680 578 2711 fecit
595 2680 719 2718 Livius,
742 2682 836 2722 supra
853 2682 872 2711 l.
894 2681 925 2712 8.
943 2693 967 2712 c.
988 2692 1037 2712 11.
1065 2682 1094 2711 ὃς
1120 2682 1142 2712 l.
1155 2692 1182 2721 9.
1207 2693 1231 2712 c.
1245 2692 1298 2719 πρ.
1316 2681 1370 2712 ubi
1389 2690 1446 2720 pei*

158 2725 176 2764 t
193 2723 355 2766 prolepfin
372 2735 423 2757 eas
444 2724 488 2757 ita
504 2725 689 2768 appellavit.
733 2726 789 2769 (6)
813 2727 971 2768 Nonnulli
987 2726 1111 2763 codic&
1131 2727 1250 2758 nahem
1266 2729 1285 2768 †
1300 2728 1423 2759 *astera-'t
1436 2738 1443 2752 ,-

1357 2771 1445 2810 quod.

1586 281 1609 310 h)

1644 284 1665 328 ‘sil
