1832 3137
388 293 671 335 LIBER
730 295 783 334 ΙΙ.
843 296 1022 338 CAP.
1082 298 1175 339 XII.

154 405 224 445 >ubi
256 405 474 445 tumultum
505 404 632 454 sensit,
658 407 864 446 concurrit
884 411 944 462 (4)
965 422 1013 448 ex
1052 409 1213 459 insidiis,
1244 412 1435 466 verfisque

156 463 197 501 in
214 463 421 502 Valerium
442 461 616 502 Etruscis
636 471 746 516 terga
767 465 896 504 caedit.
924 467 1060 506 dextra
1081 468 1273 521 laevaque,
1303 468 1396 510 hinc
1414 486 1437 510 a

155 521 269 572 porta
298 518 472 570 Collina,
503 519 613 559 illinc
644 519 691 559 ab
707 521 861 570 Naevia,
893 524 1070 564 redditus
1092 525 1251 565 clamor.
1275 527 1328 566 ita
1349 528 1434 568 caesl

156 577 197 615 in
217 576 348 616 medio
369 577 624 629 praedatores,
655 591 784 630 neque
806 579 855 618 ad
876 594 1052 634 pugnam
1065 581 1212 622 viribus
1233 598 1361 636 pares,
1394 588 1434 626 &

152 635 204 673 ad
218 633 355 687 fugam
372 633 489 687 septis
509 633 695 675 omnibus
716 635 801 676 viis.
825 635 991 691 finisque
1012 637 1076 677 ille
1099 647 1179 679 tam
1200 639 1324 681 effuse
1346 656 1435 682 eva-

153 691 272 745 gandi
295 691 469 731 Etruscis
485 691 574 731 fuit.

208 747 302 787 XII.
336 747 500 788 Obfidio
521 757 605 789 erat
621 748 882 791 nihilominus
901 753 941 791 <Sc
962 751 1154 792 frumenti
1176 768 1268 793 cum
1283 754 1435 795 summ&

150 805 314 844 caritate
331 805 487 858 inopia3
511 806 763 859 sedendoque
777 818 1100 862 expugnaturum
1117 810 1153 849 se
1171 811 1309 850 urbem
1326 812 1434 865 spem

151 861 322 902 Porsena
352 862 546 904 habebat:
577 878 703 917 quum
732 864 778 904 C.
811 865 990 914 Mucius,
1022 867 1246 907 adolescens
1278 869 1435 918 nobilis,

147 919 217 959 cui
239 919 449 974 indignum
469 920 692 973 videbatur,
721 924 917 975 populum
933 923 1166 964 Romanum
1188 925 1435 974 servientem,

148 989 279 1029 quum
301 976 370 1017 sub
388 977 548 1032 regibus
570 979 676 1027 esset,
708 981 818 1019 nullo
846 980 950 1020 bello
972 995 1044 1021 nec
1077 981 1125 1021 ab
1146 981 1323 1022 hostibus
1346 984 1435 1024 ullis

147 1033 343 1073 obsessum
378 1035 479 1084 effe3
510 1035 681 1076 liberum
703 1038 876 1077 eundem
912 1039 1106 1091 populum
1139 1038 1186 1078 ab
1207 1039 1344 1079 iisdem
1367 1041 1435 1079 Et-

152 1090 274 1131 ruscis
310 1091 493 1144 obfideri,
525 1108 697 1147 quorum
731 1094 830 1148 saepe
844 1095 1042 1135 exercitus
1064 1095 1236 1145 fuderit3
1271 1100 1331 1150 (1)
1363 1098 1435 1137 ita-

149 1162 244 1200 que,
285 1163 431 1203 magno
453 1151 673 1204 audacique
695 1152 829 1204 aliquo
850 1152 1026 1192 facinore
1048 1167 1134 1192 eam
1157 1153 1435 1207 indignitatem

145 1205 428 1246 vindicandam
463 1217 587 1257 ratus,
619 1207 750 1262 primo
773 1209 840 1249 sua
861 1209 998 1262 sponte
1018 1220 1224 1263 penetrare
1245 1211 1286 1249 in
1314 1211 1436 1251 hosti-

148 1275 220 1301 urn
241 1263 365 1304 castra
393 1264 610 1305 constituit.
644 1267 735 1305 dein
771 1276 970 1317 metuens,
1001 1281 1068 1318 ne,
1099 1268 1124 1306 fi
1146 1268 1354 1308 consulum
1377 1269 1436 1307 in-

140 1319 250 1373 juffu
273 1323 313 1361 &
343 1321 488 1375 ignaris
510 1322 696 1363 omnibus
726 1324 815 1372 iret,
846 1322 948 1364 forte
977 1324 1242 1377 deprehensus
1263 1340 1285 1364 a
1306 1325 1436 1364 custo-

147 1376 266 1417 dibus
288 1378 484 1419 Romanis
501 1380 768 1420 retraheretur
782 1390 826 1420 ut
842 1381 1062 1435 transfuga,
1086 1381 1244 1421 fortuna
1263 1384 1323 1434 (2)
1345 1391 1433 1421 tum

151 1433 260 1474 urbis
282 1435 434 1475 crimen
449 1436 686 1488 affirmante,
710 1438 887 1477 senatum
906 1438 1001 1478 adiit
1019 1454 1028 1478 :
1061 1438 1234 1492 ‘Trargfire
1256 1438 1432 1487 Tiberim,

150 1489 296 1544 inquit,
328 1492 480 1541 Patres,
516 1493 567 1535 Z&
598 1496 753 1543 intrare,
768 1494 812 1549 fi
838 1494 975 1549 pffm,
1006 1496 1122 1549 costra
1157 1495 1302 1551 hostium
1324 1496 1399 1535 volo
1418 1519 1430 1539 f

151 1563 218 1588 non
232 1549 366 1602 praedo,
389 1565 451 1589 nec
462 1552 732 1602 populationum
749 1554 786 1591 in
809 1554 923 1592 vicem
946 1553 1051 1591 ultor.
1071 1553 1205 1606 majus,
1219 1552 1262 1605 fi
1281 1552 1355 1591 Dii
1362 1555 1434 1606 ju-

151 1614 260 1656 vant,
282 1608 320 1644 ifz
339 1608 459 1646 animo
478 1608 523 1662 5st
537 1609 707 1663 facinus.
770 1608 1008 1662 Approbant
1028 1609 1187 1649 Patres:
1219 1609 1352 1648 abdito
1376 1609 1435 1648 in-

150 1670 209 1701 tra
230 1663 378 1702 vestem
397 1662 519 1712 ferro,
550 1665 826 1718 proficiscitur.
887 1665 974 1705 Ubi
995 1667 1045 1704 eo
1067 1667 1190 1715 venit,
1222 1666 1262 1704 in
1277 1665 1433 1705 confer-

149 1718 289 1758 tissima
310 1719 424 1759 turba
445 1734 568 1774 prope
603 1722 758 1775 regium
780 1721 954 1762 tribunal
976 1723 1162 1763 constitit.
1222 1723 1283 1762 Ibi
1307 1737 1432 1775 quum

148 1775 388 1828 stipendium
410 1776 512 1817 forte
550 1779 741 1819 militibus
772 1781 946 1828 daretur,
980 1783 1019 1820 δε
1042 1779 1182 1830 scriba,
1214 1794 1306 1819 cum
1341 1794 1433 1834 rege

145 1832 285 1872 sedens
302 1834 385 1886 pari
407 1834 490 1874 fere
511 1845 671 1886 ornatu,
703 1838 828 1876 multa
850 1846 997 1890 ageret,
1029 1851 1122 1876 eum
1144 1836 1289 1876 milites
1310 1835 1431 1891 vulgo

148 1889 302 1929 adirent
317 1907 328 1938 3
352 1891 496 1931 timens
513 1891 712 1941 sciscitari,
729 1903 816 1932 uter
832 1893 1003 1932 Porsena
1017 1894 1123 1944 effet,
1146 1907 1194 1932 ne
1212 1894 1432 1948 ignorando

144 1960 284 2001 regem
297 1946 419 1987 semet
440 1949 521 2001 ipse
536 1951 704 2003 aperiret
718 1950 806 2003 quis
827 1950 933 2000 effet,
955 1948 1037 2003 quo
1060 1953 1120 2004 (3)
1143 1948 1291 1990 temere
1313 1951 1432 1990 traxit

148 2002 310 2044 fortuna
331 2004 502 2054 facinus,
534 2006 700 2047 scribam
716 2022 788 2060 pro
808 2021 898 2061 rege
918 2007 1142 2047 obtruncat.
1202 2008 1431 2046 Vadentem

145 2060 255 2111 inde,
287 2061 366 2115 qua
378 2076 449 2115 per
469 2063 665 2116 trepidam
687 2063 845 2104 turbam
867 2074 1032 2104 cruento
1055 2078 1245 2104 mucrone
1268 2064 1334 2103 fibi
1353 2064 1431 2118 ipse

147 2116 297 2159 fecerat
317 2119 437 2169 viam,
469 2134 611 2173 quum,
643 2121 838 2163 concursu
864 2123 912 2161 ad
934 2123 1148 2161 clamorem
1166 2120 1291 2170 fa&o,
1323 2135 1433 2160 coma

1192 2178 1432 2232 prehensum

145 2290 259 2322 dextra
274 2291 429 2333 laevfique.
456 2295 491 2324 E.
542 2295 596 2336 (4)
620 2296 666 2325 Ex
682 2294 800 2326 insidiis
822 2295 1012 2337 consurgens
1024 2295 1058 2326 in
1073 2294 1194 2326 hostem
1208 2294 1311 2325 irruit.
1358 2295 1433 2325 Cre-

147 2334 265 2366 vierius
284 2336 374 2376 jubet
387 2337 447 2379 legi
475 2341 606 2381 cotfizrgit
616 2355 626 2374 ;
653 2341 750 2371 credo
766 2339 842 2380 quia
863 2341 990 2381 putavit
1007 2340 1143 2370 verbum
1159 2349 1350 2369 concurrere
1366 2348 1432 2368 non

148 2378 211 2410 dici
234 2380 376 2412 absolute
389 2383 429 2413 de
446 2382 547 2414 milite
568 2383 740 2415 invadente
757 2384 886 2415 hostem.
917 2387 963 2415 At
977 2384 1108 2415 fallitur.
1138 2383 1202 2414 Cic.
1218 2385 1258 2414 ad
1277 2385 1357 2413 Fam.
1384 2391 1433 2413 10.

148 2433 200 2462 30.
218 2426 353 2455 Antonius
369 2427 397 2455 in
409 2429 492 2457 aciem
497 2429 567 2468 suas
583 2431 672 2470 copias
688 2432 719 2459 de
733 2431 792 2459 vico
802 2433 949 2470 produxit,
975 2430 1078 2471 &fine
1093 2428 1170 2459 morsi
1185 2430 1328 2458 concurrit.
1355 2428 1389 2457 E.

195 2487 231 2517 C.
251 2496 299 2518 12.
324 2487 378 2528 (Ι)
405 2487 518 2519 Nescio
545 2489 624 2529 quid
651 2490 707 2521 fibi
733 2490 836 2522 voluit
863 2490 1055 2528 Crevierius,
1077 2490 1236 2532 explicans
1261 2492 1349 2529 itaque
1376 2498 1433 2528 per

147 2534 165 2549 “
189 2533 309 2572 adeoque,
335 2532 373 2563 δ’
385 2533 507 2563 idcirc0.’'
554 2535 707 2575 Suspensa
723 2535 784 2566 fuit
801 2536 916 2571 oratio,
941 2535 989 2566 uti
1006 2536 1091 2566 reete
1108 2533 1288 2566 observavit
1307 2535 1434 2563 Grono-

149 2574 232 2612 vius,
256 2577 288 2606 &
304 2575 384 2606 illud
407 2579 497 2618 itaque
512 2579 597 2609 valet
614 2580 746 2620 perinde
772 2590 808 2611 ac
825 2579 847 2610 fi
864 2579 987 2621 plenius
1003 2579 1136 2617 dixisset,
1158 2584 1181 2610 is
1197 2582 1298 2620 itaque,
1320 2585 1349 2606 ut
1366 2590 1433 2626 ocfe-

143 2622 408 2660 pidicere‚Mucius
419 2623 548 2665 coaefiituit
564 2623 623 2653 διε.
669 2625 722 2665 (7.)
748 2626 838 2655 Statu
851 2624 884 2654 in
902 2635 967 2665 quo
981 2632 1050 2656 tum
1064 2632 1129 2654 erat
1147 2624 1223 2654 urbs
1240 2621 1432 2654 criminatio,

148 2673 222 2694 nem
237 2664 324 2695 illam
340 2666 541 2697 verisimilem
557 2668 718 2699 reddente.
739 2669 779 2699 fic
803 2668 886 2699 infra
904 2670 922 2699 l.
941 2679 991 2707 32.
1008 2679 1033 2699 c.
1051 2678 1067 2706 3
1072 2679 1100 2706 5.
1116 2672 1260 2710 opinionem
1284 2668 1435 2707 affirmare,

148 2706 363 2742 i.e.stabilire.
409 2711 463 2753 (3)
486 2712 628 2744 Scribam
645 2713 828 2750 obtruncat,
849 2713 882 2746 in
905 2723 1001 2755 quem
1024 2712 1191 2746 temerario
1215 2713 1353 2744 fortunae
1375 2709 1433 2782 iffi}

1342 2764 1384 2795 pu

1580 322 1652 350 101

1457 828 1486 857 C.
1500 827 1650 867 AWucii—soe

1454 875 1536 902 cinus.
