1832 3137
465 288 753 333 LIBER
809 292 843 334 I.
904 294 1087 338 CAP.
1147 297 1202 339 X„

186 400 435 454 invocantes,
478 403 594 458 cujus
636 404 687 443 ad
719 403 894 444 sollenne
930 406 1139 461 ludosque,
1174 422 1246 463 per
1266 411 1328 466 (6)
1349 410 1409 452 fas
1430 425 1477 452 ac

186 459 310 500 fidem
330 460 502 514 decepti,
532 461 734 501 veniffent.
794 462 883 503 Nec
904 465 1027 518 raptis
1052 475 1121 505 aut
1152 466 1239 521 spes
1263 470 1312 509 de
1334 469 1372 510 se
1392 484 1477 510 me-

184 518 274 568 lior,
305 526 375 557 aut
394 517 616 573 indignatio
636 518 693 559 est
714 519 870 560 minor:
904 521 970 561 sed
1002 522 1083 576 ipse
1104 524 1308 567 Romulus
1331 528 1476 568 circui-

185 574 266 623 bat,
289 575 537 629 docebatque
554 592 567 625 3
589 586 746 631 patrum
761 577 803 617 id
806 578 984 632 superbid
989 581 1159 636 fizfium,
1179 585 1244 636 qui
1261 587 1474 626 connubium

171 631 355 687 finitimis
388 635 566 691 negcfflnt
582 651 596 674 .-
635 635 720 675 illas
746 643 868 675 tamen
900 638 943 683 ἐπ,
972 640 1215 689 matrimonio,
1246 643 1286 681 in
1305 643 1475 697 ficietate

168 690 421 746 fortunarum
461 693 621 732 omnium
660 693 902 748 civitatg'fque,
940 694 1004 744 ἶς’,
1035 712 1102 750 quo
1134 697 1231 737 nihil
1257 702 1382 740 carius
1404 701 1474 741 hu-

183 762 289 788 mano
315 751 444 803 generi
457 749 529 803 fit,
560 750 715 790 liberiim
733 751 834 807 fire.
897 752 1099 793 Mollirent
1124 754 1223 796 mod&
1255 758 1334 797 iras
1347 781 1360 804 ;
1407 759 1472 809 ἐξ,

181 807 407 863 quibusfors
429 818 577 861 corpora
602 809 756 865 dedff’l‘,
787 809 920 849 darent
938 812 1089 851 animos.
1152 813 1246 866 Saepe
1264 830 1308 854 ex
1327 817 1474 870 iry‘urid

173 864 392 918 postmodum
418 867 585 920 gratiam
616 876 734 906 ortam
750 885 762 907 e
822 867 928 922 e5que
971 869 1173 910 melioribus
1204 872 1334 926 uficras
1361 875 1473 924 viris,

180 919 281 973 quod
296 923 494 978 adnisurus
507 924 627 979 prose
654 926 800 980 quisque
802 925 874 978 fit,
906 935 960 975 ut,
996 943 1109 981 quum
1117 929 1230 983 fitam
1251 929 1304 983 (7
1310 933 1336 988 )
1357 933 1472 971 vicem

164 978 332 1034 sunflus
350 980 531 1037 qfficiosit,
555 992 756 1035 parentum
788 985 898 1023 etiam
918 987 1120 1039 patrioeque
1151 987 1316 1040 expleant
1347 988 1474 1044 defide-

177 1038 289 1077 rium.
341 1039 602 1080 Accedebant
616 1040 821 1081 blanditiae
838 1042 1016 1081 virorum
1034 1042 1191 1083 factum
1212 1047 1474 1100 purgantium

174 1095 394 1148 cupiditate
416 1107 535 1151 atque
562 1112 721 1139 amore:
753 1112 843 1153 quae
864 1098 1037 1140 maxime
1059 1102 1109 1141 ad
1137 1102 1331 1143 muliebre
1363 1104 1476 1159 inge-

175 1152 293 1193 nium
313 1155 496 1196 efficaces
517 1170 657 1210 preces
679 1156 782 1197 sunt.

232 1210 284 1250 X.
344 1213 437 1265 Jam
458 1214 679 1254 admodum
695 1215 866 1270 mitigati
888 1216 1011 1256 animi
1031 1217 1155 1271 raptis
1175 1227 1301 1259 erant.
1324 1229 1364 1260 at
1384 1234 1474 1275 rap-

173 1277 305 1308 tarum
338 1280 522 1324 parentes
555 1281 647 1328 tumst
665 1272 838 1313 maxime
861 1273 1017 1314 sordida
1037 1275 1142 1315 veste
1157 1277 1407 1331 lacrimisque
1430 1282 1471 1320 δε

171 1327 345 1379 querelis
366 1328 546 1370 civitates
571 1330 839 1370 concitabant.
872 1345 946 1372 nec
975 1333 1084 1372 domi
1110 1332 1269 1374 tantum
1290 1335 1474 1390 indigna-

171 1384 302 1425 tiones
323 1386 597 1437 continebant,
645 1387 711 1428 sed
736 1389 1083 1443 congregabantur
1111 1393 1290 1445 undique
1322 1393 1371 1432 ad
1399 1394 1471 1433 Ti-

171 1449 260 1481 tum
301 1443 470 1483 Tatium
506 1459 643 1499 regem
676 1448 739 1500 (1)
773 1446 1040 1488 Sabinorum:
1083 1450 1123 1489 <Sc
1154 1449 1373 1504 legationes
1405 1449 1471 1501 εὸ,

172 1497 282 1551 quod
305 1501 528 1541 maximum
548 1503 657 1542 Tatii
678 1517 827 1543 nomen
849 1504 889 1542 in
910 1504 973 1544 his
994 1505 1224 1560 regionibus
1244 1518 1344 1558 erat,
1376 1523 1472 1548 con-

170 1557 395 1598 veniebant.
469 1560 743 1612 Caeninenses,
771 1561 1103 1615 Crustuminique
1126 1568 1168 1604 dc
1203 1565 1469 1606 Antemnates

167 1624 297 1664 erant,
329 1617 379 1655 ad
401 1632 502 1670 quos
522 1618 609 1672 ejus
642 1618 798 1672 injuriae
832 1633 921 1671 pars
954 1622 1017 1674 (2)
1043 1621 1279 1673 pertinebat⁰
1340 1622 1469 1664 Lente

169 1686 286 1727 agere
309 1673 355 1713 iis
375 1673 520 1714 Tatius
533 1675 752 1728 Sabinique
773 1676 840 1715 vifi
863 1676 966 1716 sunt.
1028 1678 1102 1731 lpfi
1117 1679 1221 1719 inter
1241 1678 1279 1719 se
1296 1689 1376 1722 tres
1398 1696 1471 1735 po-

167 1731 253 1783 puli
275 1732 546 1772 communiter
566 1732 717 1772 bellum
738 1743 892 1787 parant.
944 1734 1009 1775 Ne
1031 1736 1282 1776 Crustumini
1304 1740 1469 1792 quidem

1582 1155 1602 1196 ῒ

168 1797 288 1842 atque
312 1789 595 1842 Antemnates,
622 1804 695 1844 pro
717 1793 858 1831 ardore
880 1792 1017 1846 iraque
1040 1793 1354 1846 Caeninenfium,
1377 1797 1468 1838 satis
1488 1813 1595 1844 Bellum
1616 1815 1674 1844 Cae.

167 1846 205 1885 se
228 1847 396 1901 impigre
418 1857 594 1888 movent.
618 1848 671 1888 ita
692 1863 763 1903 per
784 1849 821 1888 se
843 1849 974 1903 ipsum
995 1864 1144 1893 nomen
1165 1855 1228 1907 (3)
1250 1853 1466 1895 Caeninum
1485 1860 1599 1899 vianse-

166 1904 208 1942 in
241 1919 382 1959 agrum
416 1905 654 1946 Romanurn
675 1906 872 1961 impetum
893 1907 1004 1948 facit.
1065 1908 1146 1950 Sed
1166 1909 1290 1951 effus&
1310 1913 1466 1953 vastan-

164 1962 272 2002 tibus
307 1962 353 2001 fit
381 1962 524 2003 obvius
557 1979 651 2004 curn
683 1965 862 2004 exercitu
900 1966 1118 2016 Romulus,
1160 1969 1317 2022 levique
1338 1981 1466 2011 certa—

166 2020 274 2060 mine
315 2021 450 2074 docet,
489 2036 635 2062 vanam
666 2022 746 2062 sine
778 2022 930 2063 viribus
969 2024 1070 2064 iram
1101 2025 1202 2066 effe:
1241 2029 1463 2068 exercitum

304 2093 306 2095 ·
1367 2086 1462 2126 fun-

164 2195 286 2227 hendit.
330 2199 372 2227 A.
389 2196 470 2228 Gell.
494 2206 543 2236 13.
565 2205 616 2236 27.
661 2197 717 2239 (6)
739 2197 875 2240 Decepti
892 2209 951 2241 per
967 2198 1104 2241 speciem
1119 2207 1186 2232 tam
1201 2200 1304 2233 divini
1318 2203 1397 2244 juris
1415 2216 1463 2236 rea

162 2241 392 2282 ligionumque,
426 2242 525 2282 quam
551 2241 626 2273 fidei
653 2242 826 2284 hospitalis.
882 2244 938 2285 (7)
960 2244 980 2275 i.
1006 2256 1032 2275 e.
1048 2246 1178 2287 prosali
1201 2250 1271 2284 vice,
1283 2251 1403 2289 fuua‘Jus
1419 2252 1463 2292 ſst

161 2288 254 2328 offi'cio,
276 2288 365 2327 quod
381 2286 431 2317 vir
447 2286 540 2318 uxori
556 2287 703 2328 praestare
725 2288 828 2319 debet.
874 2289 924 2319 Sic
944 2288 1039 2326 infra,
1064 2290 1084 2320 l.
1102 2300 1129 2329 3.
1153 2302 1178 2322 c.
1197 2291 1248 2330 36.
1292 2292 1343 2323 Sic
1366 2294 1462 2325 etiam

161 2344 289 2372 magnam
300 2339 425 2373 partem,
448 2343 509 2372 pro
531 2332 645 2374 magna
660 2343 698 2363 ex
714 2340 815 2374 parte.
862 2335 940 2365 Caes.
986 2334 1062 2365 Bell.
1085 2336 1167 2367 Gall.
1188 2348 1219 2374 4.
1237 2347 1264 2367 1.
1308 2339 1360 2369 De
1381 2349 1463 2370 voce

161 2377 294 2418 dysiderio,
319 2376 382 2407 vid.
398 2386 492 2414 n.14.
516 2377 557 2407 ad
573 2379 661 2418 praef.

209 2440 243 2470 C.
258 2447 307 2469 10.
323 2439 377 2479 (1)
395 2438 574 2482 Qiritium
593 2438 632 2470 sc.
649 2439 712 2470 five
728 2439 921 2471 Sabinorum
937 2452 954 2472 e
972 2442 1122 2475 Curibus.
1160 2445 1215 2486 (2)
1232 2443 1297 2476 H'ic
1309 2446 1461 2478 mendam

160 2483 303 2525 aliquam
334 2484 433 2515 latere
457 2483 609 2525 suspicor,
633 2492 665 2515 et
693 2485 897 2516 inserendum
917 2485 978 2518 effe
994 2488 1130 2519 verbum
1140 2493 1294 2532 praeczpua‚
1309 2498 1365 2522 aut
1381 2492 1461 2533 ejus—

160 2528 260 2560 modi.
309 2527 363 2559 Sin
378 2528 491 2564 minsis,
509 2536 580 2559 tum
595 2540 659 2560 vox
667 2537 741 2572 pars
754 2530 840 2561 idem
851 2531 942 2562 sonat
958 2542 995 2564 ac
1020 2537 1159 2575 partitio;
1185 2545 1257 2575 quae
1280 2534 1327 2566 vis
1350 2537 1460 2567 utrum

159 2574 208 2604 illi
238 2583 382 2614 unquam
402 2572 598 2614 subjiciatur,
627 2574 765 2606 multum
780 2575 915 2609 dubito:
939 2587 981 2608 ne
996 2577 1100 2609 dicam
1117 2580 1206 2619 quod
1221 2579 1288 2621 ipsa
1305 2580 1460 2612 sententia

160 2619 291 2660 reliquae
318 2617 497 2649 narrationi
523 2628 639 2659 parum
664 2621 878 2652 consentanea
902 2620 1041 2653 videtur.
1073 2625 1108 2654 Ε.
1153 2625 1208 2666 (3)
1231 2625 1250 2655 i.
1270 2635 1296 2656 e.
1320 2626 1458 2666 populus

162 2663 332 2701 Caeninus;
354 2663 447 2707 (nam
475 2663 626 2696 Caeninus
642 2674 729 2705 aeque
755 2676 792 2696 ac
819 2665 1012 2699 Caeninenfis
1027 2667 1061 2699 in
1078 2668 1136 2699 usu
1161 2669 1245 2708 fuit3
1278 2669 1341 2701 vid.
1380 2672 1458 2701 Prc*

785 2711 811 2740 C
832 2720 847 2743 ἢ
1377 2721 1457 2756 pert.
