1905 3168
218 275 293 304 112

214 1781 278 1819 Ap.
299 1778 393 1808 Clau-

216 1823 281 1858 dio,
299 1824 330 1852 P.
347 1824 415 1853 Ser-

217 1867 293 1898 vilio
307 1867 391 1900 Coss.

883 256 935 298 T.
995 239 1250 299 L1V11

427 388 474 414 ex
488 373 615 427 equis,
635 376 674 414 δε
687 386 863 427 pugnam
881 372 1087 426 capeffant.
1110 373 1236 414 Diem
1250 386 1414 426 paruere
1433 385 1442 411 τ
1459 371 1641 412 desiliunt
1656 371 1706 413 eit

425 431 552 484 equis,
567 433 775 484 provolant
791 431 831 469 in
845 430 1034 484 primum,
1054 433 1092 471 δε
1110 445 1181 484 pro
1198 434 1260 485 (2)
1276 430 1536 485 antesignanis
1550 444 1707 483 parmas

425 488 633 543 objiciunt.
671 487 835 541 Recipit
850 489 1050 541 extemplo
1065 489 1243 527 animum
1257 488 1445 541 pedestris
1465 487 1582 535 acies,
1599 487 1706 540 post-

426 560 546 598 quam
557 546 779 600 juventutis
800 559 982 598 proceres
1013 555 1170 598 aequato
1204 559 1347 600 genere
1388 559 1534 599 pugnae
1574 544 1708 584 secum

425 613 581 657 partem
602 603 768 656 periculi
785 602 1016 642 sustinentes
1038 602 1148 642 vidit.
1207 604 1317 643 Tum
1353 603 1515 642 demum
1552 601 1708 655 impulsi

425 660 575 708 Latini,
597 660 854 713 perculsaque
871 660 1075 700 inclinavit
1091 660 1207 700 acies.
1267 660 1403 712 Equiti
1424 659 1575 699 admoti
1600 658 1709 711 equi,

427 728 471 757 ut
493 717 672 771 persequi
687 717 841 757 hostem
862 718 996 771 poffet.
1020 717 1151 757 secuta
1170 721 1211 757 &
1232 717 1421 770 pedestris
1456 717 1572 756 acies.
1634 715 1710 764 Ibi,

426 774 526 814 nihil
540 789 612 815 nec
626 775 770 815 divinae
786 789 859 815 nec
880 775 1067 814 humanae
1081 775 1168 827 opis
1180 774 1369 813 Dictator
1389 774 1711 827 praetermittens,

426 834 554 872 aedem
576 832 728 872 Castori
744 833 886 872 vovisse
908 832 1062 871 fertur:
1093 845 1138 871 ac
1160 831 1432 885 pronunciaffe
1463 831 1580 873 militi
1610 845 1712 884 prae-

426 890 521 938 mia,
544 891 611 943 qui
633 890 800 943 primus,
821 890 890 943 qui
922 889 1132 937 secundus,
1169 889 1291 929 castra
1326 888 1499 927 hostium
1525 889 1710 927 intraffet.

428 948 638 1000 tantusque
660 949 775 986 ardor
816 947 907 996 fuit,
949 956 993 986 ut
1025 947 1167 986 eodem
1203 946 1370 999 impetu,
1409 959 1489 998 quo
1524 945 1712 984 fuderant

430 1004 601 1056 hostem,
624 1004 801 1044 Romam
818 1004 943 1044 castra
971 1012 1169 1057 caperent.
1230 1004 1323 1043 Hoc
1361 1004 1481 1042 modo
1503 1003 1552 1042 ad
1579 1003 1713 1042 lacum

430 1062 635 1116 Regillum
658 1071 879 1116 pugnatum
901 1062 969 1101 est.
1025 1062 1214 1101 Dictator
1236 1063 1277 1101 &
1314 1060 1499 1115 magister
1529 1060 1713 1113 equitum

429 1119 747 1172 triumphantes
738 1133 780 1158 m
801 1119 941 1159 urbem
962 1119 1127 1159 rediere.

487 1177 601 1216 XXI.
633 1177 827 1216 Triennio
849 1177 992 1217 deinde
1013 1191 1086 1216 nec
1109 1184 1216 1216 certa
1232 1190 1325 1230 pax,
1356 1189 1430 1216 nec
1450 1174 1600 1215 bellum
1620 1173 1712 1214 fuit.

382 1245 391 1253 ⁶
431 1234 626 1276 Consules
644 1234 890 1290 QCloelius
913 1237 952 1275 &
974 1234 1026 1273 T.
1046 1234 1219 1274 Lartius.
1249 1233 1347 1272 Inde
1370 1233 1423 1272 A.
1451 1232 1714 1286 Sempronius

378 1328 388 1335 .
434 1295 473 1332 δε
489 1292 549 1330 M.
573 1292 794 1331 Minucius.
854 1292 934 1332 His
955 1291 1182 1331 consulibus
1205 1291 1309 1330 aedes
1325 1290 1498 1331 Saturno
1521 1293 1582 1344 (1)
1604 1289 1715 1329 dedi-

394 1371 402 1380 ·
432 1359 517 1389 cata
536 1363 545 1388 ε
574 1348 797 1388 Saturnalia
820 1351 878 1402 (2)
901 1349 1102 1388 institutus
1123 1348 1244 1387 festus
1266 1348 1362 1388 dies.
1387 1348 1439 1387 A.
1461 1348 1603 1387 deinde
1619 1346 1717 1386 Pos-

377 1456 384 1463 .
404 1455 408 1460 .
432 1406 582 1446 tumius
617 1407 657 1446 &
678 1406 729 1444 T.
751 1407 960 1460 Virginius
981 1406 1161 1445 consules
1183 1405 1295 1445 faeti.
1352 1405 1445 1444 Hoc
1468 1407 1529 1458 (3)
1550 1405 1716 1444 demum

396 1501 404 1508 ,
433 1479 537 1504 anno
559 1464 608 1502 ad
624 1463 829 1518 Regillum
851 1464 984 1503 lacum
1005 1472 1245 1517 pugnaturn,
1266 1463 1372 1515 apud
1395 1462 1585 1514 quosdam
1607 1462 1716 1501 inve-

433 1523 526 1570 ni03
560 1522 612 1560 A.
635 1521 902 1571 Postumium,
934 1521 1027 1573 quia
1049 1521 1200 1574 collega
1232 1520 1364 1559 dubiae
1394 1519 1487 1559 fidei
1508 1518 1646 1569 fuerit,
1677 1519 1715 1559 se

432 1579 638 1619 consulatu
661 1578 877 1626 abdicaffe3
910 1578 1147 1617 dictatorem
1169 1578 1260 1617 inde
1281 1577 1451 1616 factum.
1512 1577 1634 1616 Tanti
1655 1590 1718 1616 er„

431 1651 540 1676 rores
571 1637 777 1689 implicant
817 1645 1061 1689 temporum,
1105 1635 1217 1674 aliter
1249 1635 1354 1688 apud
1388 1634 1484 1674 alios
1523 1634 1716 1674 ordinatis

369 1711 389 1754 q·
433 1694 739 1749 magistratibus,
771 1703 828 1743 ut,
859 1708 931 1733 nec
969 1693 1037 1746 qui
1063 1693 1242 1733 consules
1276 1690 1494 1731 secundum
1518 1694 1578 1746 (4)
1595 1692 1717 1744 vquos--

385 1756 392 1762 “
432 1753 539 1800 dam,
570 1765 642 1790 nec
658 1751 753 1804 quid
775 1765 934 1804 quoque
952 1764 1056 1790 anno
1077 1750 1214 1790 aetum
1232 1750 1291 1801 fit,
1323 1750 1363 1788 in
1384 1750 1494 1788 tanta
1509 1750 1717 1798 vetustate,

434 1824 515 1849 non
535 1823 669 1848 rerum
707 1806 844 1857 modo,
876 1809 941 1848 sed
962 1808 1082 1847 etiam
1119 1808 1346 1856 auctorum,
1375 1807 1556 1862 digerere
1584 1806 1715 1860 possis..

435 1868 515 1921 Ap.
538 1866 730 1906 Claudius
752 1866 895 1906 deinde
932 1869 971 1906 δε
992 1866 1038 1905 P.
1060 1865 1250 1906 Servilius
1271 1864 1450 1904 consules
1477 1864 1620 1962 fac'ti.s
1648 1865 1718 1930 Ina·

1612 1936 1717 1977 rgms

435 2042 552 2073 infral.
569 2052 598 2080 5.
611 2053 636 2074 c.
654 2042 704 2080 36.
719 2041 749 2071 ἃ
773 2041 792 2072 I.
811 2050 860 2072 21.
877 2052 902 2071 c.
922 2050 972 2078 14.
1019 2041 1055 2082 (2
1060 2039 1298 2081 )Antefignani
1315 2047 1405 2070 crant
1422 2038 1537 2070 milites
1553 2046 1616 2070 ante
1630 2039 1717 2083 figmz

436 2095 623 2129 pugnantes,
636 2087 777 2127 juvenes,
789 2087 913 2121 celeres,
928 2088 1025 2116 fortes
1042 2095 1147 2117 tamen
1164 2084 1237 2121 viri,
1253 2086 1283 2114 δε
1301 2084 1372 2125 pilis
1400 2084 1524 2122 armati,
1544 2095 1610 2115 non
1637 2084 1716 2114 levis

435 2140 605 2163 armaturae
618 2131 680 2162 five
693 2131 812 2161 velites
858 2130 983 2171 Lipsius
994 2131 1097 2161 censet
1121 2129 1397 2170 antefignanorum
1423 2128 1551 2160 nomine
1581 2128 1717 2170 intelligi

438 2184 495 2208 tot
489 2188 539 2206 {m
552 2176 687 2217 primam
701 2175 809 2211 aciem,
821 2175 864 2205 fiv
856 2186 882 2205 e
900 2176 1035 2206 hastatos
1054 2174 1223 2216 legionum.

482 2223 516 2253 C.
535 2231 583 2252 21.
600 2222 653 2262 (1)
670 2222 748 2250 Haec
765 2221 846 2251 :edes
862 2220 922 2250 fuit
941 2219 1089 2250 cerarium
1105 2218 1218 2260 populi
1235 2217 1383 2254 Romani,
1405 2217 1439 2248 in
1452 2228 1518 2259 quo
1535 2225 1603 2248 tum
1620 2228 1717 2259 pecu-

437 2266 500 2303 nia,
523 2273 592 2296 tum
609 2267 680 2296 aesta
694 2265 821 2306 publica
838 2264 1087 2295 affervabaiitiir.
1134 2263 1327 2305 [Crevierius
1345 2263 1447 2293 censet
1466 2263 1632 2304 legendum
1657 2262 1718 2293 effe

437 2313 554 2341 Saturni
563 2326 574 2346 ;
600 2318 754 2350 notatque
767 2308 962 2340 locutionem
979 2312 1099 2339 dedicare
1115 2310 1236 2350 templum
1249 2310 1341 2342 alicui,
1360 2315 1512 2347 tanquam
1529 2318 1643 2348 parum
1654 2309 1717 2338 Lat-

437 2356 546 2387 tinam.
591 2355 716 2385 Mirum
727 2362 832 2385 autem
849 2362 1005 2394 quantum
1017 2352 1066 2384 vir
1079 2351 1273 2384 doftissimus
1290 2351 1410 2382 fallitur
1425 2365 1431 2381 :
1456 2352 1568 2393 saepius
1579 2363 1648 2383 eam
1665 2352 1718 2383 Ci-

436 2411 510 2432 cero
527 2400 666 2440 usurpat.
682 2398 745 2429 vid.
764 2399 827 2430 Cic.
840 2400 878 2430 de
900 2398 956 2440 leg.
976 2409 1000 2428 1.
1025 2408 1052 2437 3.
1068 2399 1107 2429 de
1124 2405 1186 2428 nat.
1203 2398 1298 2428 Deor.
1312 2407 1339 2436 3.
1360 2407 1411 2435 13.
1429 2408 1489 2438 pro
1504 2397 1604 2428 Arch.
1623 2407 1670 2437 19.
1689 2397 1717 2428 8.

437 2446 485 2476 Sic
511 2445 606 2476 etiam
621 2447 701 2474 alicui
716 2446 866 2484 afferam
886 2443 995 2474 Latini
1016 2442 1136 2474 dicunt.
1158 2442 1207 2484 E.]
1253 2442 1307 2483 (2)
1330 2441 1548 2472 Saturnalibus
1571 2452 1639 2472 mos
1655 2441 1715 2473 fuit

437 2489 585 2521 convivia
598 2489 725 2530 agitare,
750 2489 834 2519 dona
855 2488 1014 2524 missitare‚
1036 2488 1141 2518 servos
1158 2495 1193 2518 ut
1210 2487 1345 2527 :equales
1362 2487 1507 2517 tractare.
1554 2488 1613 2517 Hae
1630 2486 1717 2517 feriae

438 2534 682 2566 celebrabantur
692 2534 732 2564 ad
744 2533 828 2563 diem
840 2544 905 2563 ΧΠ.
920 2533 989 2563 Kal.
999 2534 1130 2574 Januar.
1143 2543 1177 2562 ac
1189 2530 1294 2573 primo
1304 2542 1369 2562 uno
1385 2531 1435 2562 die
1452 2531 1717 2569 absolvebantur;

437 2579 542 2621 postea
566 2580 672 2620 plures
689 2579 812 2609 additae.
858 2577 981 2608 Phrafis
997 2585 1102 2608 autem
1126 2577 1189 2612 illa,
1214 2578 1375 2607 Saturnalia
1392 2576 1523 2618 itfiitutus
1539 2578 1627 2620 ffstus
1652 2579 1719 2611 dies,

437 2627 586 2664 frequens
603 2623 646 2654 cst
657 2624 744 2664 apud
764 2622 915 2653 nostrum.
932 2622 1202 2661 ficinf1·*1l30.c.
1219 2631 1269 2662 39.
1317 2623 1440 2652 Cerealia
1455 2623 1526 2651 ludos
1515 2624 1668 2661 sflccrunt.
1685 2622 1717 2652 δε

439 2668 458 2698 l.
481 2679 530 2707 34.
552 2679 576 2699 c.
598 2679 648 2707 54.
671 2668 804 2708 ὅν139.
824 2679 848 2698 c.
867 2677 915 2699 22.
961 2667 1010 2697 Sic
1027 2667 1122 2698 etiam
1139 2667 1305 2697 Pausan.l.
1332 2666 1359 2697 8.
1386 2668 1597 2705 ε,14.ἰιγωνοι
1613 2669 1703 2704 ἄγεσι
1696 2679 1719 2696 ιν

438 2714 572 2757 Εςμαια.
616 2712 670 2755 (3)
694 2715 741 2744 lta
764 2719 873 2744 narrat
895 2711 1073 2755 Dionysius.
1119 2712 1171 2755 (4)
1195 2711 1286 2743 Post:
1312 2718 1347 2743 ut
1365 2710 1468 2742 seusus
1494 2709 1540 2747 fit,
1565 2711 1718 2752 quosdam

1655 2754 1716 2787 esse
