1853 3158
190 272 269 318 132

848 259 901 301 T.
962 259 1219 302 LIVII

415 377 514 424 bito,
546 384 751 430 praetores,
783 376 907 429 quom
941 377 1120 417 Romam
1140 377 1506 431 proficiscerentur,
1537 390 1723 422 evocatos

416 435 455 474 se
477 434 526 474 ab
548 434 687 474 senatu
709 436 857 474 docent
884 435 1093 486 Romano,
1128 438 1185 487 ἃ,
1218 451 1307 488 quae
1341 436 1479 475 stium
1513 435 1561 475 iri
1589 436 1722 478 secum

417 494 599 541 credant,
632 493 826 546 quidnam
844 493 893 532 ad
915 507 961 532 ea
974 493 1203 547 responderi
1225 495 1393 548 placeat,
1418 496 1476 547 (5)
1498 493 1692 535 referunt.

478 550 553 590 IV.
590 550 734 608 Qum
767 551 876 590 aliud
898 551 964 590 alii
985 550 1206 600 censerent,
1238 562 1326 592 tum
1364 551 1549 592 Annius:
1583 551 1725 607 Qum-

421 624 532 663 quam
553 609 622 664 ipse
637 625 696 663 ego
717 609 841 657 retuli,
873 608 964 662 quid
980 609 1180 664 responderi
1192 611 1370 663 placeret,
1396 621 1518 649 tamen
1539 611 1658 664 magis
1677 608 1731 649 ad

408 667 599 721 summam
635 682 761 707 rerum
783 667 987 723 nostrarum
1012 669 1199 721 pertinere
1228 669 1406 718 arbitror,
1437 667 1529 720 quid
1545 667 1726 722 agendum

422 726 536 775 nobis,
568 724 681 779 quam
701 725 793 779 quid
808 725 1020 779 loquendum
1031 725 1101 780 stt,
1109 725 1230 781 facile
1249 728 1337 777 erit,
1356 726 1545 778 explicatis
1564 724 1729 780 corfiliis,

422 783 688 822 accommodare
712 784 817 822 rebus
847 783 973 823 verba.
1036 783 1156 831 Nam,
1170 782 1213 836 fi
1242 785 1352 822 ctiam
1375 799 1472 822 nunc
1518 784 1564 823 ub
1593 784 1729 823 umbrc‘l'

410 840 571 896 faederis
591 843 682 894 aequi
695 842 920 894 servitutem
942 842 1027 894 pati
1041 841 1235 896 poſjumus,
1267 841 1359 894 quid
1375 841 1480 896 abest,
1511 843 1616 895 quin,
1640 853 1729 895 pro-

424 898 513 938 ditis
550 898 736 948 Sidicinis,
768 914 836 939 non
872 900 1127 938 Romanorum
1140 898 1276 954 solum,
1295 898 1367 953 sed
1398 898 1622 939 Samnitium
1644 915 1730 953 quo-

425 972 493 1010 que
525 956 617 996 dieto
639 968 859 1010 pareamus,
890 955 1225 1011 respondeamusque
1252 958 1449 1005 Romanis,
1483 972 1559 1006 nos,
1591 957 1652 996 ubi
1671 959 1732 997 in-

427 1016 591 1062 nuerint,
615 1013 789 1068 posituros
820 1029 928 1053 arma
944 1017 964 1052 ?
1000 1015 1065 1053 Sin
1086 1023 1208 1054 autem
1229 1016 1375 1055 tandem
1395 1015 1577 1055 libertatis
1603 1014 1732 1070 α’ξβαῖεό

427 1074 527 1111 rium
545 1072 723 1110 remordet
738 1071 1073 1126 animos,fifoedus
1089 1073 1148 1127 est,
1163 1072 1206 1127 fi
1209 1074 1364 1128 societas
1380 1076 1442 1127 (x)
1462 1075 1613 1127 aequatio
1620 1075 1732 1128 juris

426 1129 486 1184 est,
500 1127 543 1183 st
570 1129 843 1182 consanguineos
864 1144 925 1167 nos
946 1129 1198 1170 Romanorum
1218 1132 1293 1186 ‘ff’
1324 1131 1420 1185 quod
1447 1131 1531 1170 olim
1557 1131 1734 1184 pudebat,

428 1202 526 1226 nunc
541 1187 700 1240 gloriari
721 1187 816 1234 licet,
831 1185 873 1240 st
877 1186 1026 1240 socialis
1042 1187 1116 1225 illis
1132 1191 1311 1228 exercitus
1332 1191 1363 1228 is
1383 1188 1442 1244 est,
1474 1205 1541 1242 quo
1559 1189 1732 1244 acljunflo

428 1245 612 1297 duplicent
628 1246 730 1283 vires
732 1245 844 1298 suas,
865 1259 970 1297 quem
977 1244 1167 1298 secernere
1182 1247 1228 1284 ab
1229 1247 1274 1299 se
1288 1247 1440 1300 consules
1457 1247 1555 1286 bellis
1568 1248 1735 1300 propriis

430 1305 491 1356 (2)
500 1302 677 1356 ponendis
676 1303 934 1357 sumendisque
946 1302 1061 1341 nolint
1067 1324 1081 1348 ,·
1115 1317 1184 1341 cur
1199 1318 1267 1342 non
1280 1305 1399 1343 omnia
1416 1313 1608 1357 aquantur
1622 1308 1643 1344 ‚9
1665 1320 1735 1345 cur

430 1376 498 1401 non
511 1361 608 1399 alter
617 1361 662 1399 ab
673 1360 830 1399 Latinis
845 1360 965 1414 consul
975 1360 1090 1399 datur
1104 1363 1125 1398 >9
1157 1361 1218 1399 ubi
1228 1371 1324 1414 pars
1344 1362 1504 1412 virium,
1536 1364 1598 1416 (3)
1613 1364 1663 1402 ibi
1680 1364 1733 1405 ΕΒ·

430 1420 576 1472 imperii
596 1429 691 1472 pars
707 1418 753 1473 {st
767 1422 787 1456 ?
821 1418 888 1474 Est
903 1418 1048 1472 quidem
1065 1419 1162 1457 nobis
1177 1418 1240 1458 hoc
1262 1430 1334 1472 per
1349 1420 1393 1474 se
1409 1419 1512 1458 haud
1524 1421 1634 1460 nimis
1653 1436 1736 1460 am-

423 1478 547 1533 plum,
561 1478 690 1530 quippe
705 1477 985 1525 concedentibus,
1004 1477 1164 1516 Romam
1178 1486 1288 1530 caput
1297 1477 1412 1517 Latio
1424 1477 1584 1533 ff·st'd²
1604 1487 1645 1517 ut
1655 1494 1736 1518 am-

422 1536 531 1589 plum
548 1535 670 1574 videri
678 1535 800 1590 poffi’t,
817 1535 1002 1574 diuturne?
1010 1535 1378 1591 patientia'fi’cimus.
1402 1536 1538 1589 Atqui,
1545 1534 1586 1590 st
1595 1537 1740 1589 quando

431 1608 595 1647 unquam
625 1593 844 1647 corgsociandi
881 1594 1040 1646 imperii,
1086 1598 1110 1645 †
1135 1594 1348 1648 usurpanda·
1378 1594 1558 1633 libertatis
1596 1603 1739 1648 tempus

428 1651 589 1706 optastis,
621 1666 664 1690 en
697 1651 760 1690 hoc
789 1659 930 1703 tempus
959 1651 1067 1705 adest,
1103 1650 1156 1692 {5³
1185 1653 1329 1691 virtute
1360 1652 1499 1707 vestra,
1535 1652 1587 1693 ξδ’
1607 1652 1737 1692 Deum

430 1710 653 1763 benignitate
687 1710 786 1749 vobis
806 1709 948 1748 datum.
1012 1709 1194 1764 Tentastis
1205 1711 1428 1762 patientiam
1448 1710 1609 1763 negando
1637 1711 1736 1749 mili-

432 1776 516 1807 tem.
534 1769 617 1820 quis
631 1767 775 1806 dubitat
794 1765 954 1823 exarsff
965 1782 1033 1816 eos,
1061 1782 1176 1820 quum
1185 1768 1273 1820 plus
1289 1770 1350 1821 (4)
1370 1767 1606 1807 ducentorum
1621 1783 1736 1808 anno-

433 1841 518 1864 rum
555 1840 688 1864 morem
712 1825 940 1880 solveremus
956 1827 976 1862 ?
1000 1826 1239 1878 pertulerunt
1277 1834 1400 1864 tamen
1439 1825 1536 1863 hunc
1569 1826 1735 1866 dolorem.

435 1884 583 1923 Bellum
605 1883 717 1937 nostro
737 1884 879 1922 nomine
897 1898 980 1921 cum
1002 1883 1171 1937 Pelignis
1187 1882 1368 1937 geffimus.
1391 1884 1455 1936 qui
1475 1899 1518 1922 ne
1538 1884 1739 1938 nostrorum

432 1941 577 1995 quidem
603 1940 749 1995 finium
783 1941 880 1980 nobis
909 1952 982 1993 per
1015 1956 1076 1980 nos
1109 1941 1326 1980 tuendorum
1349 1942 1421 1995 jus
1456 1950 1564 1980 antea
1584 1942 1739 1992 dabant,

434 1999 532 2038 nihil
559 2000 844 2054 intercefferunt.
908 1998 1083 2038 Sidicinos
1117 2000 1156 2037 in
1177 1997 1298 2053 fidem
1332 2007 1498 2051 receptos,
1533 1999 1741 2052 Campanos

434 2057 479 2095 ab
490 2057 535 2110 se
564 2057 616 2095 ad
633 2071 694 2095 nos
720 2057 763 2096 de
777 2057 870 2112 eff,
903 2057 1084 2095 exercitus
1104 2072 1165 2096 nos
1178 2067 1320 2109 parare
1340 2056 1521 2096 adversus
1557 2057 1740 2097 Samnites

420 2110 626 2171 flederatos
647 2115 736 2169 suos
770 2115 985 2164 audierunt,
1017 2130 1078 2153 nec
1099 2123 1292 2154 moverunt
1312 2116 1357 2170 se
1386 2115 1430 2154 ab
1466 2116 1565 2154 urbe.
1632 2116 1740 2155 Unde

1672 2172 1744 2212 haec

437 2288 492 2330 (5)
514 2287 588 2319 vid.
604 2290 740 2328 μύση-ο.

481 2353 517 2383 C.
531 2362 562 2389 4.
589 2351 643 2391 (1)
667 2352 743 2382 Non
760 2351 865 2381 omnis
887 2351 1018 2383 societas
1047 2352 1202 2393 ejusmodi
1214 2352 1275 2385 est:
1303 2363 1404 2394 quare
1430 2351 1618 2385 Gronovius
1634 2363 1742 2386 emen-

435 2398 513 2428 dare
540 2397 794 2439 vult,stsocietas
826 2400 1013 2438 aequatijuris
1041 2399 1084 2440 est,
1107 2408 1224 2439 nempe
1252 2398 1347 2428 nobis
1369 2410 1443 2429 cum
1472 2399 1635 2432 Romanis.
1681 2399 1741 2430 Sed

435 2442 481 2473 nil
498 2442 700 2472 mutandum.
746 2441 876 2472 Annius
901 2442 988 2472 enim
1020 2442 1178 2483 loquitur,
1200 2454 1266 2473 non
1295 2443 1419 2474 Livius.
1463 2444 1519 2485 (2)
1543 2446 1650 2475 Ponere
1663 2445 1744 2480 bella,

435 2497 496 2528 pro
508 2490 646 2528 deponere,
667 2494 829 2528 componere,
851 2487 994 2518 occurrit
1018 2489 1106 2529 apud
1119 2488 1295 2529 Virg.AEn.
1321 2499 1352 2518 1.
1368 2499 1398 2518 v.
1422 2497 1495 2529 291.
1541 2490 1745 2524 Sumerebella,

435 2534 652 2573 profiscipere,
675 2531 768 2562 Silius
791 2531 871 2562 dixit
893 2532 913 2562 l.
939 2543 969 2563 Ι.
992 2543 1026 2563 V.
1046 2542 1119 2570 272.
1165 2534 1220 2573 (3)
1245 2535 1292 2563 Ex
1314 2533 1574 2574 praecedentibus
1595 2540 1742 2574 repeten-

433 2578 514 2607 dum
531 2577 632 2608 estcur
646 2590 713 2607 non.
759 2577 814 2617 (4)
838 2577 952 2608 Paullo
965 2577 1134 2618 pauciores
1148 2578 1246 2618 quom
1263 2578 1396 2609 ducenti
1409 2579 1486 2609 anni
1499 2579 1572 2609 sunt
1584 2589 1603 2608 a
1613 2578 1743 2613 foedere,

434 2622 524 2661 quod
539 2621 739 2661 Tarquinius
757 2621 921 2663 Superbus
940 2633 1013 2653 cum
1026 2623 1151 2653 Latinis
1168 2622 1358 2664 composuit.
1406 2625 1500 2654 Forte
1518 2622 1687 2664 respicitur
1700 2623 1742 2652 ad

434 2667 547 2702 foedus,
573 2667 663 2706 quod
678 2667 879 2708 Tarquinius
897 2667 1022 2698 Priscus
1040 2679 1114 2698 cum
1130 2668 1257 2698 Latinis
1274 2667 1339 2699 icit.
1386 2670 1470 2698 Eum
1489 2674 1598 2698 autem
1614 2677 1739 2697 morem

432 2721 500 2742 non
527 2722 615 2743 nunc
632 2712 764 2743 demum
779 2712 947 2745 solvetunt
963 2712 1096 2750 Latini·,
1117 2713 1171 2744 sed
1189 2713 1220 2744 δε
1247 2720 1342 2744 antea
1365 2712 1476 2744 multis
1500 2711 1738 2744 intermiserant

1634 2755 1743 2791 annis.
