1853 3158
294 269 330 312 L
361 270 379 311 1
412 269 444 310 B
477 267 509 310 E
541 266 582 309 R
641 257 716 306 IX.
778 262 814 305 C
846 260 885 304 A
916 259 964 304 P.
1025 259 1227 304 XXVIII.
1561 271 1645 317 227

123 400 247 441 eques
284 387 324 426 in
360 397 538 441 pugnam
574 380 763 422 succedit.
789 380 831 420 in
852 380 978 430 hunc,
1009 378 1230 435 transverso
1262 377 1423 433 agmine

123 446 227 485 inter
251 447 350 485 duas
372 444 476 483 acies
506 440 543 480 se
564 439 822 488 inferentem,
854 439 1070 479 Romanus
1100 436 1304 491 equitatus
1327 450 1423 477 con-

122 504 219 543 citat
250 515 401 556 equos;
444 499 631 554 signaque
672 499 709 536 δε
747 497 907 537 ordines
939 496 1123 551 peditum
1155 506 1275 549 atque
1308 495 1424 548 equi-

122 572 211 601 tum
238 558 466 607 confundit,
497 557 626 596 donec
649 556 713 608 (6)
740 554 966 594 universam
994 553 1045 593 ab
1076 554 1122 593 e&
1144 564 1255 607 parte
1278 552 1421 594 avertit

124 620 267 660 aciem.
328 619 375 657 In
407 630 454 656 eo
486 628 614 655 cornu
642 626 724 652 non
754 612 952 653 Poetelius
975 612 1094 660 solus,
1126 611 1194 651 sed
1216 610 1422 665 Sulpicius

123 678 262 726 etiam,
293 675 474 715 hortator
493 671 691 720 adfuerat,
723 669 890 710 avectus
920 669 968 710 ab
1002 669 1082 709 suis
1119 670 1303 709 nondum
1324 682 1421 709 con-2

124 732 343 775 serentibus
380 746 525 771 manus
555 731 606 770 ad
637 730 874 777 clamorem,
905 727 954 766 ab
982 726 1133 766 sinistra
1164 737 1275 780 parte
1308 724 1423 780 prius

122 802 322 832 exortum.
355 790 466 840 inde,
499 788 609 828 haud
639 786 803 827 dubiam
837 784 1051 824 victoriam
1078 797 1261 832 cernens,
1293 798 1421 837 quum

123 852 172 890 ad
194 849 310 889 suum
348 861 475 888 cornu
512 847 696 886 tenderet
721 857 816 884 cum
838 844 948 882 mille
970 841 1155 882 ducentis
1176 842 1287 891 viris,
1319 841 1425 881 diffi-

124 908 262 948 milem
285 907 338 946 ibi
369 906 576 946 fortunam
604 903 779 943 invenit:
811 901 1022 941 Romanos
1042 900 1132 940 loco
1161 899 1310 953 pulsos,
1341 900 1425 939 vic·—

126 977 256 1006 torem
278 964 436 1005 hostem
468 964 576 1017 signa
604 962 646 1000 in
677 960 880 1014 perculsos
907 958 1163 998 inferentem.
1226 956 1425 997 Ceterum

124 1025 262 1065 omnia
294 1022 466 1062 mutavit
499 1017 663 1073 repente
698 1017 871 1057 consulis
893 1017 1102 1056 adventus.
1124 1029 1219 1055 nam
1249 1017 1290 1056 &
1326 1029 1424 1055 con-

124 1081 265 1136 spectu
298 1080 413 1120 ducis
449 1077 628 1118 refectus
649 1076 826 1116 rnilitum
862 1075 919 1115 est
951 1074 1139 1114 animus:
1173 1076 1233 1124 δε,
1256 1076 1422 1128 (7)'ma-
1529 1080 1554 1126 †

121 1141 189 1195 jus
207 1138 330 1193 quarn
350 1151 423 1192 pro
453 1149 624 1175 numero
654 1133 866 1181 auxilium,
899 1132 1143 1172 advenerant
1164 1131 1290 1172 fortes
1320 1131 1392 1170 viri
1413 1146 1422 1171 z

128 1199 167 1237 ἃ
194 1196 318 1250 partis
341 1195 504 1235 alterius
539 1193 710 1233 victoria
744 1191 894 1239 audita,
926 1204 1022 1229 mox
1047 1189 1128 1230 visa
1144 1190 1282 1237 etiam,
1313 1202 1424 1242 proe-

124 1256 225 1294 lium
269 1253 455 1294 restituit.
518 1250 627 1291 Tota
658 1249 803 1289 deinde
833 1249 918 1303 jam
945 1249 1108 1288 vincere
1145 1248 1231 1288 acie
1269 1247 1425 1287 Roma-
1446 1256 1569 1287 Vimine
1590 1256 1646 1286 Re»

126 1328 218 1363 nus,
252 1315 309 1361 δι,
342 1311 483 1351 omifl'o
504 1308 741 1358 certamine,
771 1307 872 1348 caedi
895 1307 1066 1360 capique
1087 1305 1318 1354 Samnites3
1352 1304 1424 1344 nisi
1445 1304 1533 1331 ⁷⁸0⁸?-

124 1372 195 1423 qui
237 1371 534 1416 Maleventum,
578 1366 645 1407 cui
678 1379 787 1405 nunc
828 1364 917 1404 urbi
953 1365 1233 1404 Beneventum
1273 1377 1426 1403 nomen

122 1429 196 1480 est,
242 1426 521 1482 perfugerunt.
588 1425 656 1465 Ad
695 1423 860 1479 triginta
900 1423 1026 1462 millia
1066 1418 1166 1462 caesa
1201 1431 1271 1462 aut
1308 1431 1426 1475 capta

122 1486 382 1533 Samnitium,
414 1484 620 1538 proditum
643 1481 848 1522 memoriae
870 1481 942 1521 est.

182 1543 386 1584 XXVIII.
419 1542 630 1590 Consules,
661 1535 820 1595 egregia
860 1538 1031 1579 victoria
1067 1536 1197 1592 parta,
1241 1537 1426 1592 protinus
1446 1532 1489 1566 U·
1508 1546 1533 1567 c.
1553 1545 1625 1574 441-

124 1603 218 1642 inde
252 1602 302 1641 ad
338 1601 565 1640 Bovianum
597 1598 918 1653 oppugnandum
940 1597 1120 1651 legiones
1142 1598 1321 1636 ducunt:
1353 1595 1427 1635 ibi-
1445 1581 1638 1657 ἒξῇἷῖζ

124 1675 203 1715 que
236 1659 405 1699 hiberna
436 1668 621 1713 egerunt,
653 1658 781 1696 donec
817 1655 866 1695 ab
887 1655 1001 1694 novis
1021 1653 1253 1694 consulibus
1282 1654 1330 1694 L.
1350 1654 1427 1693 Pa·
1446 1650 1485 1701 v]
1505 1638 1651 1714 ρὰῗῑᾞζ

126 1720 229 1773 pii-io
252 1717 424 1758 Cursore
440 1714 648 1769 quintiim‚
681 1714 729 1754 C.
752 1713 877 1766 Junio
891 1712 1077 1752 Bubulco
1100 1712 1265 1764 iterum,
1296 1712 1428 1752 nomi-
1448 1718 1483 1746 ΙΙ.
1502 1715 1588 1749 Coss.

123 1787 243 1817 natus
265 1775 440 1815 dieram
461 1774 509 1815 C.
528 1772 725 1814 Poetelius
746 1786 842 1812 cum
863 1771 927 1810 M.
954 1770 1082 1811 Fossio
1102 1770 1292 1825 magistro
1313 1770 1429 1824 equi·
1448 1764 1648 1795 Paefflf¹¹³‘²'·''·‘“

124 1848 213 1874 tum
249 1833 473 1873 exercitum
515 1831 684 1885 accepit.
746 1830 801 1880 Is,
833 1843 962 1882 quum
999 1829 1166 1868 audisset
1196 1831 1260 1883 (1)
1294 1843 1429 1868 arcem
1447 1816 1533 1840 “³³⁰‘'

122 1893 402 1948 Fregellanam
437 1891 485 1930 ab
519 1888 770 1929 Samnitibus
805 1897 980 1941 captam,
1014 1887 1154 1926 omiffo
1175 1887 1357 1926 Boviano
1379 1888 1429 1927 ad

126 1951 330 2006 Fregellas
363 1950 508 2004 pergit.
541 1951 603 2002 (2)
645 1948 770 1998 unde,
802 1945 1004 1986 noemma
1040 1945 1289 1985 Samnitium
1329 1944 1429 2000 fuga

127 2010 205 2049 {ine
239 2007 458 2048 certamine
480 2006 652 2060 receptis
674 2004 880 2059 Fregellis,
913 2004 1177 2057 praefidioque
1198 2004 1332 2043 valido
1353 2004 1430 2042 im*

126 2067 270 2121 polito,
302 2067 343 2105 in
366 2064 633 2119 Campaniam
666 2063 843 2103 reditum
867 2061 1043 2101 maxime
1065 2063 1115 2101 ad
1135 2060 1287 2101 Nolam
1307 2062 1430 2101 armis

124 2126 399 2179 repetendam.
421 2122 470 2163 eo
493 2123 529 2163 se
552 2122 656 2163 intra
672 2121 842 2171 moenia,
874 2120 944 2160 sub
962 2121 1181 2160 adventum
1202 2119 1431 2168 dictatoris,

1389 2187 1431 2218 et

128 2300 183 2341 (6)
209 2301 328 2330 Omnes
345 2309 411 2330 non
431 2299 530 2329 modo
547 2295 682 2339 pedites,
704 2297 757 2327 sed
775 2295 807 2326 &
830 2295 954 2337 equites
971 2295 1178 2334 Samnitium,
1200 2295 1256 2337 qui
1272 2294 1310 2327 eii
1325 2303 1431 2337 parte³

130 2343 254 2376 sinistro
271 2347 495 2374 Romanorum
512 2353 615 2374 cornu
629 2340 787 2384 oppositi,
804 2341 1005 2383 pugnabant.
1054 2343 1212 2373 Avertitur
1226 2342 1315 2384 ὀψία,
1327 2351 1429 2381 quum

133 2399 223 2431 terga
244 2389 354 2426 vertit,
377 2399 412 2418 ac
435 2390 545 2430 fugam
565 2398 680 2428 capere
702 2385 828 2428 incipit.
848 2388 938 2426 quod
955 2386 1064 2418 velita
1078 2385 1266 2428 simpliciter
1283 2385 1430 2424 effertur,

130 2436 183 2465 vel
209 2434 307 2466 ctiam
331 2436 427 2464 averti
455 2436 482 2464 in
499 2435 614 2474 sugam.
660 2433 716 2473 (7)
740 2433 836 2473 Per†
851 2433 1012 2474 epexegffin.
1059 2431 1109 2463 Sic
1131 2432 1227 2474 suprfl
1253 2431 1273 2461 l.
1291 2441 1321 2471 3.
1346 2442 1376 2463 c.
1399 2439 1428 2470 5,

131 2482 231 2511 Serum
247 2481 386 2509 auxilium
398 2480 455 2521 past
466 2481 593 2519 pralium
609 2484 757 2508 venerant.

178 2527 214 2556 C.
230 2526 279 2556 28.
305 2525 358 2565 (1)
383 2523 538 2565 Fregellas
555 2535 573 2553 a
597 2521 793 2553 Samnitibus
811 2528 920 2563 captas
944 2520 1047 2558 fuisse,
1069 2521 1182 2553 scribit
1204 2520 1302 2563 supra
1324 2532 1350 2552 c.
1377 2530 1428 2553 12,

131 2570 187 2601 hic
205 2581 311 2600 arcem
331 2568 371 2599 ab
400 2568 510 2598 iisdem
527 2562 667 2608 (aptam.
709 2566 873 2597 Videntur
890 2577 966 2609 ergo
990 2567 1131 2598 Romani
1158 2567 1266 2598 medio
1283 2574 1432 2608 tempore

132 2615 247 2646 urbem
262 2612 423 2655 recepisse,
445 2614 533 2653 quod
551 2611 720 2654 praeteriit‚
742 2619 779 2643 ut
795 2612 878 2653 saepc
891 2612 930 2643 de
947 2611 1018 2644 aliis
1036 2612 1172 2643 urbibus
1189 2611 1280 2649 solet,
1301 2611 1427 2642 Livius.

130 2662 187 2701 (2)
213 2659 399 2691 Crevlcrius
417 2672 450 2688 ‘ro
470 2661 535 2688 unde
560 2657 666 2699 jungit
695 2667 770 2688 cum
796 2657 930 2687 noHurmi
945 2657 1045 2700 fugl1';
1073 2665 1109 2688 ut
1127 2656 1175 2692 fit,
1199 2667 1266 2697 quo
1294 2668 1333 2687 CX
1357 2657 1431 2688 lOCO

132 2716 234 2745 quum
250 2706 352 2735 noctu
370 2703 526 2735 Samnites
542 2701 705 2745 fugiss'ent.
752 2702 812 2732 Sed
840 2702 948 2742 potius
963 2703 1165 2744 jungendum
1192 2701 1235 2733 est
1261 2713 1335 2733 cum
1359 2704 1433 2732 redi·

127 2757 186 2781 tum
212 2754 241 2780 in
271 2752 465 2791 Campaniam.
515 2750 599 2787 Uudc,
623 2758 739 2789 nempe
771 2758 808 2777 ex
840 2747 976 2787 Volscis,
998 2757 1141 2788 quorum
1172 2747 1322 2789 Fregellae
1354 2746 1432 2777 urbs

762 2796 805 2833 Q.
820 2801 835 2822 ,ι
1328 2798 1419 2822 erant
