1905 3168
836 252 888 293 T.
949 253 1204 294 LIVII

390 379 515 418 quum
529 362 705 418 primum
727 364 896 405 adolevit
917 373 1025 414 aetas,
1056 379 1128 405 nec
1145 365 1186 404 in
1203 365 1362 405 stabulis
1378 378 1452 406 nec
1465 366 1514 405 ad
1528 379 1670 420 pecora

388 427 452 476 (7)
474 423 626 476 segnes,
647 423 828 461 venando
849 435 1057 475 peragrare
1079 421 1184 462 circa
1205 425 1268 477 (8)
1288 422 1419 463 saltus.
1482 423 1590 463 Hinc
1607 437 1672 463 ro-

389 480 483 519 bore
505 478 737 532 corporibus
758 478 976 532 animisque
993 479 1166 532 sumpto,
1193 480 1278 533 jam
1299 494 1379 520 non
1393 480 1496 521 feras
1513 478 1672 520 tantum

387 540 451 589 (9)
484 535 697 584 subfistere,
730 535 794 575 sed
828 536 868 574 in
902 537 1088 585 latrones,
1122 537 1256 590 praeda
1290 537 1467 587 onustos,
1498 539 1672 592 impetus

389 593 535 641 iacere,
565 592 862 647 pastoribusque
902 602 1014 647 rapta
1046 593 1249 633 dividere:
1281 597 1321 634 ἂν
1355 609 1448 634 cum
1481 595 1558 645 his,
1588 609 1673 634 cre-

389 650 519 690 scente
541 651 582 689 in
599 651 681 691 dies
695 665 814 705 grege
827 652 1039 706 juvenum,
1054 650 1150 690 seria
1167 654 1257 705 (10)
1273 666 1318 691 ac
1330 652 1444 706 jocos
1461 652 1670 692 celebrare.

445 708 499 746 V.
560 709 651 760 Jam
685 719 772 748 tum
801 708 840 747 in
877 709 1057 749 Palatino
1091 718 1230 749 monte
1263 709 1462 762 Lupercal
1498 712 1560 764 (1)
1594 709 1673 749 hoc

388 765 499 804 fuiffe
521 766 720 806 ludicrum
742 766 891 815 ferunt,
925 769 965 806 ὃῑ
987 781 1008 805 a
1024 767 1225 807 Pallanteo
1248 765 1344 805 urbe
1367 767 1564 807 Arcadica
1585 768 1674 808 Pal-

387 824 572 872 lamium,
604 824 695 863 dein
731 824 944 872 Palatium,
975 833 1155 863 montem
1191 824 1446 877 appellatum.
1508 824 1569 864 Ibi
1596 824 1675 864 Ev-

388 881 574 929 andrum,
606 881 675 933 qui
692 895 739 920 ex
763 883 825 935 (2)
845 895 892 921 eo
906 895 1050 935 genere
1075 882 1282 921 Arcadum
1303 881 1440 921 multis
1461 879 1552 921 ante
1573 890 1675 920 tem-

387 937 602 991 pestatibus
619 948 802 977 tenuerat
818 939 918 987 loca,
951 938 1124 978 sollenne
1159 940 1323 978 allatum
1347 953 1396 979 ex
1420 939 1592 978 Arcadia
1615 939 1675 978 in-

386 995 566 1045 futuisse,
598 1005 641 1034 ut
657 996 754 1035 nudi
771 997 955 1050 juvenes,
986 996 1165 1051 Lyceum
1189 998 1297 1036 Pana
1323 1006 1573 1047 venerantes,
1605 1010 1677 1049 per

386 1053 517 1092 lusum
553 1062 671 1106 atque
694 1053 891 1093 lasciviam
928 1064 1160 1102 currerent·,
1192 1068 1313 1106 quem
1336 1054 1514 1094 Romani
1531 1053 1675 1094 deinde

386 1120 579 1150 vocarunt
615 1112 776 1150 Inuum.
837 1111 947 1151 Huic
985 1111 1128 1151 deditis
1145 1112 1314 1160 ludicro,
1351 1125 1478 1165 quum
1501 1111 1676 1151 sollenne

385 1178 529 1208 notum
564 1169 671 1218 esset,
703 1168 903 1209 insidiatos
936 1168 987 1208 ob
1021 1168 1120 1207 iram
1141 1170 1286 1223 praedae
1321 1169 1466 1208 amiffae
1486 1169 1676 1218 latrones,

385 1239 512 1276 quum
545 1226 749 1266 Romulus
769 1226 807 1265 vi
839 1226 876 1265 se
898 1225 1144 1276 defendisset,
1175 1227 1356 1266 Remum
1384 1226 1551 1281 cepisse3
1583 1240 1675 1279 cap-

385 1291 472 1320 tum
494 1284 578 1337 regi
602 1284 767 1323 Amulio
803 1284 1015 1333 tradidiffe‚
1046 1285 1150 1323 ultro
1187 1287 1249 1338 (3)
1280 1284 1522 1325 accusantes.
1584 1284 1676 1324 Cri-

383 1339 482 1377 mini
500 1338 672 1380 maxime
689 1340 851 1389 dabant,
881 1341 922 1380 in
943 1341 1171 1381 Numitoris
1192 1356 1307 1396 agros
1324 1341 1372 1381 ab
1392 1341 1455 1382 his
1476 1342 1674 1395 impetum

384 1395 469 1435 fieri
489 1412 497 1436 ε
528 1397 620 1436 inde
633 1411 718 1447 eos,
750 1398 919 1438 coneda
934 1400 1131 1452 juvenum
1151 1412 1291 1449 manu,
1322 1399 1505 1438 hostilem
1526 1399 1568 1437 in
1589 1412 1676 1437 mo-

383 1454 482 1493 dum
503 1455 656 1507 praedas
678 1469 807 1510 agere.
830 1455 879 1495 fic
915 1455 1123 1494 Numitori
1160 1457 1209 1495 ad
1242 1456 1481 1509 supplicium
1518 1456 1676 1495 Remus

382 1512 555 1551 deditur.
616 1513 707 1564 Jam
721 1513 812 1552 inde
827 1512 875 1552 ab
897 1512 1010 1552 initio
1032 1512 1221 1552 Faustulo
1243 1513 1328 1566 spes
1345 1512 1491 1562 fuerat,
1522 1513 1675 1568 regiam

383 1568 545 1622 stirpem
579 1571 684 1623 apud
717 1569 754 1610 se
787 1570 975 1617 educari3
1016 1584 1110 1608 nam
1143 1573 1183 1610 δι
1204 1571 1400 1624 expositos
1430 1571 1536 1626 jussu
1570 1570 1676 1625 regis

384 1626 556 1666 infantes
574 1627 732 1677 sciebat,
764 1629 804 1667 &
822 1637 997 1680 tempus,
1029 1641 1110 1680 quo
1127 1627 1207 1681 ipse
1228 1641 1296 1667 eos
1310 1627 1532 1679 sustuliffet,
1564 1630 1613 1668 ad
1634 1628 1676 1667 id

382 1684 514 1736 ipsum
535 1699 782 1739 congruere3
815 1684 879 1723 sed
900 1688 985 1724 rem
1006 1685 1279 1735 immaturam,
1309 1685 1379 1724 nifi
1402 1695 1470 1725 aut
1502 1700 1572 1739 per
1595 1700 1677 1729 *oen
1700 1693 1702 1695 '

384 1742 597 1792 cafionem,
629 1752 698 1782 aut
718 1756 788 1796 per
809 1741 1090 1789 necessitatem,
1121 1742 1263 1795 aperiri
1284 1743 1479 1782 noluerat.
1513 1742 1675 1782 neceffi-

383 1808 444 1839 tas
466 1800 572 1853 prior
593 1801 713 1839 venit.
746 1800 815 1849 ita,
847 1809 958 1839 metu
983 1799 1186 1848 subaetus,
1218 1800 1399 1840 Romulo
1423 1814 1509 1840 rem
1534 1801 1673 1854 aperit.

384 1855 503 1897 Forte
527 1860 567 1898 δι’
588 1857 811 1906 Numitori,
844 1872 969 1910 quum
996 1858 1036 1896 in
1069 1857 1248 1897 custodia
1280 1858 1460 1897 Remum
1493 1857 1675 1907 haberet,

383 1915 643 1967 audissetque,
675 1916 856 1969 geminos
873 1914 1116 1968 effefratres,
1147 1916 1417 1968 comparando
1439 1918 1500 1969 (4)
1524 1918 1565 1956 Ex*
1581 1925 1675 1955 aeta-

385 1982 466 2013 tem
488 1987 642 2022 eorum,
677 1976 718 2013 &c
739 1972 861 2026 ipsam
884 1970 1047 2012 minime
1070 1972 1249 2012 servilem
1269 1973 1461 2028 indolem,
1492 1973 1677 2028 tetigerat

1492 2044 1674 2079 animum

383 2148 438 2189 (7)
464 2149 538 2178 Non
551 2148 650 2178 vitam
663 2148 857 2189 peragebant
873 2148 990 2190 ignavi,
1012 2156 1065 2179 aut
1078 2148 1110 2178 in
1124 2147 1250 2179 stabulis
1261 2154 1315 2179 aut
1331 2149 1371 2180 ad
1388 2159 1513 2190 pecora.
1537 2150 1571 2179 E.
1618 2147 1673 2189 (8)

383 2193 486 2223 Saltus
504 2192 559 2232 qui
572 2192 655 2223 circei
671 2200 770 2223 erant.
817 2193 869 2233 (9)
894 2192 1034 2224 Similem
1050 2193 1317 2224 construetionem
1328 2193 1496 2224 observare
1512 2193 1597 2230 licet,
1618 2193 1673 2224 lib.

383 2247 413 2277 9.
432 2248 457 2268 c.
475 2247 524 2276 31.
545 2239 582 2268 &5³
592 2239 732 2280 pastquam
742 2245 935 2279 praepotentem
952 2241 1037 2268 armis
1055 2240 1207 2268 Romanum
1229 2251 1274 2268 nec
1290 2241 1358 2268 acies
1375 2238 1535 2268 subfistere
1550 2239 1612 2268 ullae
1628 2250 1676 2267 nec

381 2283 471 2312 caslra
495 2296 540 2312 nec
555 2284 632 2313 urbes
653 2290 793 2325 poterant.
819 2284 851 2312 E.
899 2283 972 2323 (10)
998 2284 1091 2319 Seria,
1112 2290 1148 2313 ut
1165 2294 1287 2324 pugnas
1303 2282 1453 2313 adversus
1469 2282 1609 2313 latrones
1626 2289 1673 2312 at-

373 2337 445 2366 ·que
470 2328 552 2358 feras
564 2339 572 2366 3
585 2332 673 2368 joce—s,
694 2335 730 2357 ut
754 2327 877 2357 ludicra
893 2327 1068 2358 certamina
1087 2329 1117 2357 δι
1134 2327 1308 2358 sollennem
1321 2326 1472 2358 festorum
1487 2326 1614 2357 dierum
1628 2326 1673 2357 la-

382 2371 519 2402 sciviam.
567 2374 720 2408 celebrare,
751 2377 825 2402 cum
841 2373 881 2402 ad
903 2371 1043 2410 aditiones
1068 2374 1218 2409 refertur,
1239 2371 1392 2414 fignificat
1408 2371 1531 2412 aliquid
1543 2371 1624 2412 saepe
1642 2371 1674 2401 &

381 2426 456 2447 cum
473 2415 618 2457 pluribus
635 2427 793 2458 peragere.

428 2480 462 2510 C.
479 2488 508 2517 5.
533 2479 585 2520 (1)
609 2478 786 2519 Lupercale
797 2478 919 2509 sacrum
933 2479 1020 2519 quod
1036 2478 1131 2510 hodie
1147 2480 1235 2520 apud
1251 2489 1309 2510 nos
1325 2479 1513 2510 celebratur.
1560 2477 1613 2519 (2)
1625 2479 1673 2510 Ex

382 2522 434 2553 ina
448 2524 613 2554 Arcadum
637 2524 724 2554 tribu
752 2533 822 2563 quse
837 2523 1036 2554 Pallanteum
1059 2523 1227 2555 incolebat.
1270 2524 1325 2565 (3)
1350 2524 1455 2565 Hujus
1471 2522 1568 2559 vocis,
1589 2525 1674 2560 ultro,

380 2567 450 2603 haec
462 2567 509 2597 vis
523 2568 574 2605 est,
596 2576 631 2599 ut
649 2569 777 2599 denotet
796 2568 962 2610 quidpiam
977 2568 1043 2610 geri
1059 2568 1099 2599 ab
1121 2568 1240 2609 aliquo,
1262 2571 1376 2599 contra
1392 2568 1489 2609 quarn
1508 2568 1547 2598 ab
1560 2578 1598 2598 eo
1619 2577 1672 2597 ex-

379 2611 553 2653 sperstetur,
576 2620 630 2643 aut
648 2612 715 2644 fieri
738 2613 855 2643 deceat.
902 2612 950 2643 Sic
978 2614 1129 2650 latrones,
1150 2613 1208 2654 ipfi
1224 2612 1381 2655 supplicio
1397 2611 1495 2655 digni,
1517 2611 1672 2646 dicuntur

382 2659 454 2686 ultro
471 2658 623 2688 accusare.
670 2657 719 2688 Sic
742 2657 838 2688 etiam
865 2659 946 2688 Hor.
964 2659 1068 2689 Carm.
1089 2657 1160 2688 Lib.
1183 2657 1224 2688 iv.
1253 2669 1281 2695 4.
1327 2659 1472 2688 Sefflamur
1488 2656 1587 2693 ultro,
1607 2670 1671 2698 quos

383 2704 646 2745 apiolas-affigere
657 2704 691 2746 est
705 2704 868 2745 triumphus.
899 2702 954 2745 (4)
971 2703 1197 2745 Comparando
1214 2710 1340 2736 aetatem
1355 2703 1386 2734 &
1400 2701 1540 2735 indolem
1553 2701 1672 2744 horum

1516 2756 1672 2788 Juvenum
