1853 3158
327 285 612 328 LIBER
672 284 748 324 IV.
811 283 996 326 CAP.
1058 283 1216 324 XLIX.

126 401 348 460 Qinfitius
371 401 652 449 Cincinnatus,
671 401 732 453 (2)
752 399 808 439 N.
829 398 975 438 Fabius
996 398 1244 447 Vibulanus,
1275 393 1427 435 tribuni

128 461 302 499 militum
319 458 512 499 consulari
529 457 722 510 potestate
735 456 900 496 fuerunt
915 473 927 503 ;
950 457 991 495 ni
1005 457 1159 510 Vejens
1172 455 1322 494 bellum
1337 452 1429 491 reli-

128 518 194 569 gio
207 517 434 570 principum
455 518 517 569 (3)
539 514 760 564 distuliffet,
778 527 951 567 quorum
974 527 1089 567 agros
1110 512 1286 562 Tiberis,
1312 510 1430 562 super

128 575 232 627 ripas
249 574 410 621 effusus,
441 570 614 611 maxime
636 571 762 610 ruinis
778 572 963 610 villarum
984 570 1161 609 vastavit.
1205 568 1336 608 Simul
1354 566 1430 606 AE—

128 645 229 683 quos
258 630 428 670 triennio
456 628 546 668 ante
571 638 733 681 accepta
758 629 889 667 clades
915 626 1121 680 prohibuit
1138 625 1315 675 Bolanis,
1349 624 1430 662 suae

129 689 259 741 gentis
272 688 437 742 popule,
468 687 694 740 praesidium
709 685 827 724 ferre.
859 684 1123 723 Excurfiones
1137 683 1229 721 inde
1247 682 1287 720 in
1303 680 1430 720 confi-

131 759 224 784 nem
249 758 389 800 agrum
406 744 655 783 Lavicanum
677 743 796 783 faerae
822 751 949 790 erant,
979 743 1041 794 (4)
1064 739 1254 791 novisque
1277 738 1431 777 colonis

129 802 280 841 bellum
301 802 470 841 illatum.
494 815 616 854 quam
630 815 777 840 noxam
799 813 927 853 quum
944 798 981 837 se
1005 801 1065 851 (5)
1087 796 1280 836 consensu
1301 794 1432 834 omni-

132 874 201 898 um
224 859 456 912 AEquorum
488 858 721 898 defensuros
749 857 974 910 sperassent,
1009 854 1151 894 deserti
1177 853 1226 892 ab
1253 852 1346 900 suis,
1381 865 1433 890 ne

131 916 381 956 memorabili
394 916 559 968 quidem
573 915 692 963 bello,
722 929 792 968 per
808 913 1054 953 obfidionem
1075 913 1286 963 levemque
1309 922 1432 948 unam

130 988 309 1028 pugnam
343 976 380 1013 &
404 973 599 1026 oppidum
624 975 661 1012 8<
687 972 786 1012 fines
809 971 985 1011 amisere.
1046 970 1108 1023 (6)
1138 969 1361 1008 Tentatum
1384 964 1432 1005 ab

130 1031 178 1069 L.
202 1031 339 1070 Sextio
353 1030 514 1069 tribuno
535 1029 676 1083 plebis,
709 1039 754 1069 ut
774 1029 1024 1083 rogationem
1045 1026 1182 1075 ferret,
1214 1025 1292 1077 qufi
1315 1024 1435 1063 Bolas

130 1102 308 1140 quoque,
340 1088 437 1127 ficut
458 1088 642 1135 Lavicos,
674 1087 806 1127 coloni
828 1086 1096 1133 mitterentur,
1127 1097 1199 1136 per
1220 1080 1435 1121 intercessi-

129 1159 250 1193 onem
273 1142 640 1199 collegaruquui
663 1146 820 1183 nullum
838 1142 1108 1196 plebiscitum,
1131 1140 1200 1179 nifi
1223 1154 1271 1179 ex
1294 1138 1436 1177 auito-

130 1202 246 1241 ritate
260 1201 433 1251 senatus,
465 1203 640 1255 pafl'uros
662 1202 699 1240 se
729 1200 896 1255 perferri
913 1200 1189 1246 ostenderunt,
1221 1196 1435 1236 discussum

131 1258 201 1298 est.
263 1260 372 1299 Bolis
401 1259 633 1312 insequente
665 1272 771 1298 anno
802 1258 987 1311 receptis,
1019 1256 1163 1309 AEqui,
1196 1253 1435 1305 coloniiique

1559 292 1638 334 323

131 1313 182 1355 eb
216 1317 405 1365 dedueffi,
438 1317 550 1356 novis
586 1316 736 1356 viribus
773 1315 969 1368 oppidum
1004 1313 1233 1363 firmarunt,
1264 1310 1435 1350 tribunis
1454 1291 1536 1364 Xe.
1557 1297 1630 1327 34¹⁶

1509 1334 1544 1364 C.
1562 1342 1636 1369 411.

133 1374 308 1412 militum
332 1374 477 1413 Romae
500 1374 695 1413 consulari
712 1373 905 1426 potestate
928 1372 1004 1411 Cn.
1024 1370 1215 1411 Cornelio
1230 1368 1364 1416 Coffo,
1386 1367 1434 1406 L.
1455 1380 1514 1409 Cn.
1538 1379 1659 1407 Corne-

134 1431 298 1470 Valerio
319 1431 470 1479 Potito,
492 1431 693 1487 QFabio
706 1430 913 1469 Vibulano
936 1428 1082 1468 iterum
1104 1430 1184 1481 (7),
1207 1427 1272 1466 M.
1295 1424 1438 1464 Postu-
1456 1423 1499 1453 lio
1516 1422 1644 1452 &c.Tr.

135 1488 217 1526 mio
236 1487 466 1541 Regillenfi.
508 1488 620 1527 Huic
641 1487 792 1526 bellum
816 1484 1007 1525 adversus
1029 1485 1189 1538 AEquos
1206 1483 1438 1537 permiffum

133 1544 205 1592 est,
237 1559 367 1597 pravae
405 1545 550 1583 mentis
572 1544 753 1592 homini3
787 1558 909 1597 quam
931 1552 1067 1582 tamen
1103 1541 1272 1581 νὶἃοῑὶει
1294 1540 1441 1594 magis,

134 1600 259 1654 quhm
292 1602 457 1650 bellum,
489 1602 672 1641 ostendit.
733 1601 857 1649 Nam,
888 1600 1068 1640 exercitu
1101 1599 1271 1652 impigre
1294 1597 1439 1649 scripto

134 1659 342 1711 duffimque
364 1659 413 1697 ad
434 1659 570 1710 Bolas,
603 1672 729 1711 quum
746 1657 899 1697 levibus
921 1657 1075 1711 proeliis
1097 1656 1332 1708 AEquorum
1354 1654 1440 1693 ani-

134 1730 221 1754 mos
238 1715 424 1770 fregisset,
455 1714 657 1769 postremo
680 1716 720 1754 in
735 1715 930 1768 oppidum
947 1714 1103 1767 irrupit.
1125 1713 1270 1752 deinde
1285 1711 1333 1750 ab
1349 1710 1440 1750 hos-

133 1772 240 1812 tibus
263 1772 303 1811 in
325 1773 428 1812 cives
460 1783 662 1812 certamen
684 1772 825 1812 vertit:
859 1774 918 1821 δε,
951 1785 1079 1824 quum
1105 1771 1209 1810 inter
1229 1783 1440 1823 oppugna-

134 1830 286 1869 tionem
301 1831 477 1883 praedam
497 1830 633 1869 militis
648 1830 734 1870 fore
756 1829 950 1879 edixisset,
979 1838 1096 1882 capto
1118 1827 1283 1881 oppido,
1316 1826 1440 1865 fidem

136 1888 316 1928 mutavit.
377 1888 495 1937 Eam,
527 1888 654 1942 magis
688 1888 880 1934 adducor,
914 1895 958 1925 ut
989 1887 1151 1926 credam
1187 1885 1255 1924 irae
1279 1883 1440 1923 causam

136 1945 328 1984 exercitui
344 1944 472 1993 fuiffe,
504 1947 628 1997 quzim
650 1942 762 1997 quod
780 1945 820 1982 in
843 1943 940 1983 urbe
962 1957 1091 1996 nuper
1112 1942 1267 1994 direpta
1289 1941 1441 1980 coloni-

136 2002 238 2054 &que
268 2000 371 2041 nov&
406 2003 539 2042 minus
561 2005 623 2056 (8)
645 2001 929 2055 praedicatione
960 2000 1111 2040 tribuni
1134 2000 1279 2052 praedae
1302 1998 1438 2037 fuerit.

139 2059 267 2098 Auxit
283 2073 371 2098 eam
393 2060 508 2110 iram,
540 2059 769 2112 postquam,
786 2059 834 2098 ab
851 2059 1014 2112 collegis
1037 2057 1254 2106 arcessitus,
1276 2065 1440 2109 propter

139 2116 349 2156 seditiones
385 2117 632 2166 tribunicias,
663 2117 704 2154 in
728 2116 867 2155 urbem
888 2115 1065 2163 revertit,
1097 2115 1232 2153 audita
1253 2128 1329 2152 vox
1352 2114 1441 2167 ejus

139 2173 179 2211 in
202 2174 393 2213 concione
427 2174 568 2214 stolida
589 2188 634 2214 ac
656 2171 780 2227 prope
817 2187 955 2213 vecors
971 2170 1095 2226 {quii
1126 2171 1265 2211 Sextio
1288 2173 1348 2224 (9)
1370 2170 1440 2208 tri-

1326 2226 1439 2266 buno

140 2345 277 2376 delenda
294 2345 444 2385 videtum
459 2358 594 2388 eamque
610 2346 724 2388 optimi
739 2345 864 2377 codices
881 2346 1036 2377 nesciunt.
1070 2346 1125 2387 (2)
1151 2344 1216 2386 Qi
1234 2342 1439 2374 consulatum

141 2390 259 2431 geffiss‘e
279 2390 408 2434 dicmur,
429 2402 458 2422 c.
471 2401 522 2430 43.
538 2392 645 2432 supi-51.
692 2392 748 2432 (3)
773 2391 916 2432 Intellige
929 2392 1080 2432 Vejentes
1093 2389 1264 2430 principes.
1288 2388 1343 2428 (4)
1360 2386 1439 2417 Vid‚

142 2435 239 2483 'supra
253 2446 277 2465 c.
291 2444 342 2472 47.
372 2436 426 2476 (5)
451 2436 564 2466 Bolani
575 2436 782 2477 speraverant
799 2435 829 2466 se
845 2435 1044 2466 excursiones
1061 2434 1095 2464 in
1111 2444 1224 2475 agrum
1237 2431 1442 2463 Lavicanum

142 2482 275 2520 impune
302 2480 489 2517 habituros;
512 2482 602 2520 quod
614 2491 725 2510 omnes
752 2479 853 2519 AEqui
881 2480 1005 2510 faCtum
1027 2479 1108 2509 illud
1130 2476 1301 2519 probaturi
1330 2476 1439 2506 essent,

143 2525 199 2565 (6)
213 2525 311 2566 Qod
324 2532 505 2556 tentaverat
517 2526 554 2554 L.
567 2524 690 2555 Sextius
702 2523 873 2555 discufi‘um
885 2524 935 2554 est.
948 2524 1002 2565 (7)
1016 2524 1090 2564 Ejus
1103 2522 1235 2563 quidem
1248 2521 1372 2561 primus
1383 2518 1441 2550 tri-

144 2570 285 2600 bunatus
296 2569 393 2599 hodie
404 2568 437 2598 in
454 2568 550 2600 Livio
563 2579 628 2599 non
641 2569 738 2599 exstat
751 2581 757 2598 2
776 2569 828 2599 sed
841 2568 987 2598 excidiffe
999 2568 1141 2598 videtur.
1159 2567 1214 2607 (8)
1226 2565 1340 2596 Nlinus
1358 2574 1441 2604 prae-

143 2615 193 2644 dae
211 2617 309 2653 quum
327 2613 505 2645 Postumius
522 2616 595 2644 ante
609 2613 850 2654 praedicaverat.
897 2614 971 2643 Non
983 2613 1181 2643 credendum
1194 2618 1302 2641 autem
1323 2607 1441 2639 milites

144 2668 292 2699 magnam
319 2659 461 2699 praedam
489 2657 634 2700 sperasse,
657 2657 733 2698 quia
751 2657 782 2687 δε
799 2657 876 2687 urbs
893 2668 998 2698 nuper
1015 2657 1144 2697 direpta
1162 2657 1193 2685 δε
1210 2653 1338 2685 colonia
1354 2662 1441 2682 nova

145 2711 223 2734 erat.
240 2704 274 2733 E.
294 2704 349 2744 (9)
367 2703 517 2735 Innuitur
529 2705 566 2735 L.
580 2702 703 2735 Sextius
715 2701 834 2745 prioris
845 2702 921 2734 anni
934 2702 1096 2739 tribunus,
1111 2701 1207 2742 supr&
1220 2699 1282 2730 hoc
1295 2707 1363 2738 cap.
1377 2707 1441 2726 mee

765 2747 794 2776 Y
821 2756 839 2779 z
1276 2749 1441 2777 moratusg

1459 1467 1533 1499 Mil.
