1905 3168
179 285 255 313 110
842 266 1204 310 T.L1V11

392 381 440 424 de
463 396 557 437 pace
575 397 586 431 3
620 382 907 437 impetrataque
929 381 1047 431 foret,
1070 382 1111 432 fi,
1127 382 1234 435 quod
1251 380 1438 434 impensae
1454 379 1607 420 fanum
1628 378 1671 419 iri

390 442 540 480 bellum
559 450 658 490 erat,
685 440 866 494 praestare
901 439 1037 480 Sabini
1065 439 1122 492 (id
1150 439 1257 479 enirn
1289 438 1531 491 postulatum
1570 441 1673 491 erat)

391 499 432 537 in
461 499 640 537 animum
674 498 924 537 induxissent.
985 498 1143 537 Bellum
1178 496 1390 536 indistum.
1423 495 1551 535 tacitae
1581 498 1691 549 (10).

391 555 563 595 induciae
580 555 761 608 quietum
783 569 932 594 annum
950 564 1125 594 tenuere⁴

175 606 345 680 {2025}
448 612 562 652 XIX.
595 612 787 652 Consules
807 612 891 652 Ser.
913 612 1128 665 Sulpicius,
1162 611 1326 651 Manius
1359 610 1532 650 Tullius.
1573 609 1674 649 nihil

176 652 360 735 Serpsilispi’-
392 670 559 724 dignum
582 670 774 709 memoria
789 669 938 709 aestum.
971 669 1022 708 T.
1048 669 1238 710 AEbutius
1255 669 1397 707 deinde
1417 671 1456 708 δι
1478 668 1526 708 C.
1543 669 1675 707 Vetu-

175 739 236 774 cio,
262 741 352 770 Man.
394 728 481 767 slus.
542 727 619 767 His
636 727 863 768 consulibus
878 727 1039 766 Fidenae
1060 726 1230 774 obsessae,
1248 725 1521 765 Crustumeria
1544 735 1674 778 capta,

174 783 284 815 Tullio
292 784 374 815 Coss.
392 785 589 824 Praeneste
606 785 654 825 ab
669 785 821 825 Latinis
838 785 886 823 ad
902 785 1110 823 Romanos
1127 783 1301 832 descivit.
1316 796 1388 821 nec
1407 783 1511 821 ultra
1523 783 1674 822 bellum

177 830 343 904 {3325}
393 843 601 891 Latinum,
622 843 788 897 gliscens
805 845 866 895 (1)
883 843 968 896 jam
989 855 1059 894 per
1080 840 1231 892 aliquot
1251 853 1391 887 annos,
1406 839 1586 879 dilatum.
1620 840 1673 878 Aa

176 894 216 948 51¹]
225 883 374 953 AEbffllz,
394 900 621 941 Postumius
644 903 701 954 (2)
724 900 910 948 dictator,
951 898 1002 937 T.
1037 897 1229 940 AEbutius
1261 896 1446 950 magister
1475 897 1676 949 equitum,

177 964 213 993 C.
226 963 355 994 Vetufio
394 958 549 1012 magnis
577 959 700 1011 copiis
735 958 915 1010 peditum
950 955 1212 1008 equitumque
1244 953 1432 1007 profefi'ti,
1464 955 1513 994 ad
1543 955 1676 994 lacum

178 1008 265 1038 Coss.
396 1016 601 1070 Regillum
624 1016 664 1054 in
686 1029 780 1068 agro
796 1014 1025 1054 Tusculano
1042 1013 1191 1067 agmini
1205 1011 1381 1051 hostium
1401 1020 1674 1051 occurrerunt.

176 1054 290 1127 25⁵2(ss
306 1066 362 1083 ‘¹⁹⁷²
397 1076 456 1124 δι,
479 1073 571 1126 quia
591 1072 834 1125 Tarquinios
848 1072 921 1111 effe
954 1071 994 1109 in
1021 1070 1198 1110 exercitu
1225 1069 1462 1108 Latinorum
1494 1068 1678 1109 auditum

288 1120 298 1128 ⁵
395 1130 466 1179 est,
488 1130 667 1169 sustineri
689 1131 745 1169 ira
765 1144 846 1169 non
863 1128 1008 1183 potuit,
1038 1129 1136 1182 quin
1167 1127 1368 1180 extemplo
1404 1127 1675 1181 confligerent.

394 1187 502 1242 Ergo
519 1188 638 1227 etiam
654 1187 843 1241 proelium
867 1187 1069 1239 aliquanto
1103 1188 1178 1240 (3),
1199 1183 1321 1238 quam
1342 1194 1488 1234 cetera,
1518 1184 1678 1239 gravius

395 1255 523 1298 atque
536 1246 708 1285 atrocius
729 1244 816 1284 fuit.
836 1259 917 1284 non
938 1244 1045 1283 enim
1067 1244 1188 1283 duces
1223 1243 1272 1282 ad
1305 1243 1520 1296 regendam
1553 1242 1677 1280 modo

395 1303 557 1342 consilio
578 1316 663 1341 rem
684 1303 847 1351 affuere,
873 1302 938 1341 sed
965 1301 1124 1341 suismet
1145 1300 1234 1353 ipsis
1255 1302 1317 1353 (4)
1346 1299 1577 1353 corporibus
1618 1299 1678 1337 di-

397 1359 608 1409 micantes,
629 1359 822 1399 miscuere
853 1359 1084 1398 certamina.
1117 1372 1190 1397 nec
1222 1357 1431 1410 quisquam
1465 1370 1677 1411 procerum

397 1416 524 1456 ferme
545 1426 613 1455 aut
634 1419 696 1471 (5)
716 1416 790 1456 hac
811 1425 879 1455 aut
909 1416 975 1455 illa
1010 1430 1058 1455 ex
1092 1416 1174 1455 acie
1208 1415 1286 1453 fine
1320 1415 1500 1466 vulnere,
1535 1424 1679 1467 praeter

397 1474 634 1514 distatorem
658 1475 908 1523 Romanum,
925 1473 1095 1513 exceffit.
1138 1473 1185 1512 In
1202 1471 1469 1523 Postumium,
1490 1472 1616 1525 prima
1637 1471 1680 1510 in

178 1533 326 1591 Pugffjmd
396 1532 479 1572 acie
502 1532 592 1572 suos
624 1531 904 1571 adhortantem
937 1531 1292 1582 instruentemque,
1327 1529 1573 1582 Tarquinius
1603 1528 1682 1569 Su-

175 1578 312 1652 {egnum
395 1589 556 1643 perbus,
577 1604 806 1642 quanquam
824 1590 907 1644 jam
930 1598 1044 1627 aetate
1067 1590 1127 1641 (6)
1150 1591 1189 1628 &
1211 1586 1359 1626 viribus
1386 1597 1469 1626 erat
1508 1587 1679 1642 gravior,

205 1635 268 1652 ‘um‘
395 1661 545 1700 equum
563 1647 728 1686 infestus
750 1649 810 1700 (7)
833 1646 985 1686 admisit
1004 1661 1013 1685 :
1044 1645 1226 1698 i&usque
1248 1643 1295 1684 ab
1317 1645 1452 1695 latere,
1483 1644 1678 1684 concursu

396 1705 558 1744 suorum
586 1714 769 1757 receptus
802 1705 844 1742 in
883 1713 1016 1742 tutum
1050 1702 1119 1742 est.
1179 1703 1230 1741 Et
1262 1702 1311 1741 ad
1352 1703 1520 1741 alterum
1553 1716 1679 1741 cornu

396 1762 589 1804 AEbutius
610 1762 795 1816 magister
816 1761 998 1814 equitum
1024 1760 1064 1799 in
1095 1759 1314 1800 Offlavium
1338 1759 1568 1799 Mamilium
1604 1760 1679 1798 iin-

394 1830 534 1873 petum
555 1821 728 1859 dederat.
752 1833 824 1858 nec
847 1818 990 1857 fefellit
1010 1818 1172 1857 veniens
1201 1816 1476 1856 Tusculanum
1507 1817 1650 1856 ducem
1669 1832 1680 1856 z

396 1888 534 1918 contra
551 1891 671 1931 quem
693 1879 753 1931 (8)
777 1880 815 1918 &
838 1876 902 1916 ille
924 1875 1096 1916 concitat
1117 1889 1281 1929 equum.
1312 1884 1502 1928 tantaque
1530 1874 1589 1915 vis
1619 1874 1680 1913 in-

398 1994 481 2026 catio
493 1995 531 2025 ab
543 1995 610 2036 ipso
626 1994 783 2025 di&atore
795 1995 877 2025 data.
889 1993 952 2024 vid.
968 1993 987 2023 l.
1005 2003 1032 2032 3.
1045 2004 1071 2024 c.
1086 2002 1138 2032 55.
1182 1992 1258 2033 (10)
1275 1991 1423 2029 Induciae,
1438 1991 1470 2022 in
1483 2002 1559 2033 quas
1573 2000 1678 2023 tamen

398 2051 464 2071 non
481 2041 594 2071 diserte
611 2040 795 2070 consensum
806 2039 856 2069 est.

445 2104 481 2132 C.
500 2111 549 2142 19.
572 2101 625 2143 (1)
644 2103 762 2142 Glfiere
774 2100 904 2142 propri&
919 2099 1069 2142 fignificat
1085 2098 1168 2130 vires
1190 2098 1338 2141 colligere
1365 2105 1401 2129 ut
1432 2101 1509 2141 ignis.
1555 2099 1610 2139 (2)
1632 2102 1679 2130 At

400 2147 577 2177 Postumius
594 2147 739 2177 nondum
756 2146 864 2176 consul
878 2147 993 2181 fuerat,
1004 2145 1092 2185 quod
1105 2151 1261 2185 repugnat
1278 2151 1466 2185 argumento
1483 2154 1548 2183 quo
1566 2143 1680 2175 Livius

400 2192 465 2233 ipse
483 2191 585 2222 utitur
602 2202 669 2231 cap.
683 2202 775 2232 praec.
821 2191 874 2231 (3)
892 2191 990 2220 Haud
1013 2189 1134 2230 paullo.
1155 2191 1335 2230 Aliquantum
1357 2188 1497 2218 medium
1529 2188 1571 2219 est
1595 2188 1680 2219 inter

393 2239 516 2278 paullum
529 2237 560 2266 δε
576 2239 697 2272 multum,
709 2243 744 2266 ut
760 2238 859 2276 aliquot
876 2234 959 2265 inter
975 2237 1068 2265 multos
1091 2234 1122 2263 Sc
1141 2241 1252 2275 paucos.
1296 2234 1352 2275 (4)
1378 2232 1408 2262 Si
1440 2232 1533 2263 ullius
1562 2233 1679 2264 codicis

400 2280 574 2311 auctoritas
605 2282 779 2317 accederet,
803 2280 938 2310 libenter
970 2289 1043 2309 cum
1071 2278 1240 2308 Gronovio
1269 2280 1320 2321 ipsi
1344 2278 1536 2319 legeremus3
1559 2277 1680 2318 ubique

401 2325 486 2356 enim
497 2326 583 2366 apud
600 2325 713 2366 optimi
737 2325 798 2355 aevi
820 2323 989 2364 scriptores
1012 2322 1256 2364 receptiffimum
1272 2323 1323 2358 est,
1352 2331 1387 2353 ut
1415 2333 1594 2362 pronomen
1617 2325 1682 2364 ipfi,

401 2370 492 2401 alteri
505 2370 688 2411 pronomini
701 2370 855 2406 additum,
865 2369 905 2399 ab
922 2379 959 2399 eo
975 2371 1034 2409 ccfiae
1051 2367 1187 2398 differat.
1230 2368 1285 2409 (5)
1301 2367 1495 2398 Particulam
1509 2375 1555 2397 aut
1571 2367 1604 2397 in
1618 2367 1679 2397 hoc

402 2415 473 2445 loco
490 2415 625 2456 reposui,
637 2426 733 2455 quam
749 2413 1032 2445 Drakenborchius
1045 2413 1095 2443 vel
1108 2413 1328 2454 typographus
1344 2413 1409 2453 ejus
1426 2411 1616 2449 inconsulto,
1631 2411 1680 2442 uti

402 2459 541 2497 videtur,
556 2460 670 2490 omisit.
718 2461 795 2489 Eam
809 2458 893 2489 enirn
917 2457 982 2499 ipse
1004 2457 1135 2489 testatur
1165 2468 1274 2487 omnes
1298 2457 1421 2487 codices
1447 2456 1681 2498 manuscriptos

401 2504 529 2541 habere,
541 2505 710 2545 omnesque
733 2503 887 2534 editiones
914 2510 987 2533 ante
1016 2505 1199 2533 Gruterum.
1244 2501 1299 2542 (6)
1318 2504 1427 2532 AEtate
1457 2501 1586 2541 quidem
1613 2503 1680 2532 fere

401 2549 651 2590 nonagenarius:
677 2549 885 2589 quamobrem
907 2555 998 2588 negat
1015 2546 1184 2589 Dionysius
1207 2558 1280 2577 eum
1304 2546 1377 2577 huic
1398 2545 1528 2577 adfuisse
1556 2556 1683 2587 pugnae.

403 2596 449 2624 At
463 2593 524 2623 vid.
538 2602 603 2624 not·
621 2604 649 2633 3.
671 2596 711 2625 ad
729 2605 753 2625 c.
770 2594 821 2631 46.
837 2593 856 2623 l.
876 2603 901 2623 Ι.
949 2594 1001 2634 (7)
1018 2594 1170 2622 Admittere
1186 2606 1287 2633 equum,
1311 2602 1371 2632 pro
1398 2594 1548 2627 immittere,
1574 2590 1678 2621 utitur

404 2638 506 2668 noster
519 2638 602 2669 infra
615 2640 634 2669 l.
648 2649 696 2677 25.
712 2650 737 2670 c.
751 2648 799 2679 19.
815 2640 845 2669 ὅ(
857 2638 923 2670 Cic.
937 2639 975 2670 de
987 2638 1038 2669 fin.
1054 2637 1073 2668 l.
1088 2646 1114 2670 2.
1131 2648 1156 2668 c.
1172 2647 1219 2678 19.
1265 2636 1318 2679 (8)
1334 2638 1422 2680 Qem
1439 2636 1478 2666 sc.
1489 2635 1681 2672 AEbutium;

403 2685 452 2713 ille
466 2684 503 2713 sc.
521 2683 693 2715 hlamilius.

1570 2722 1681 2763 festis
