<?xml version="1.0" encoding="UTF-8"?>
<!DOCTYPE html PUBLIC "-//W3C//DTD XHTML 1.0 Transitional//EN"
    "http://www.w3.org/TR/xhtml1/DTD/xhtml1-transitional.dtd">
<html xmlns="http://www.w3.org/1999/xhtml" xml:lang="en" lang="en">
 <head>
  <title>
</title>
<meta http-equiv="Content-Type" content="text/html;charset=utf-8" />
  <meta name='ocr-system' content='tesseract 3.04.00' />
  <meta name='ocr-capabilities' content='ocr_page ocr_carea ocr_par ocr_line ocrx_word'/>
</head>
<body>
  <div class='ocr_page' id='page_1' title='image "./historiaeromanae01livyuoft_0786.png"; bbox 0 0 1853 3158; ppageno 0'>
   <div class='ocr_carea' id='block_1_1' title="bbox 153 259 234 301">
    <p class='ocr_par' dir='ltr' id='par_1_1' title="bbox 153 259 234 301">
     <span class='ocr_line' id='line_1_1' title="bbox 153 259 234 301; baseline 0 0"><span class='ocrx_word' id='word_1_1' title='bbox 153 259 234 301; x_wconf 76' lang='lat'>314</span> 
     </span>
    </p>
   </div>
   <div class='ocr_carea' id='block_1_2' title="bbox 831 246 1201 291">
    <p class='ocr_par' dir='ltr' id='par_1_2' title="bbox 831 246 1201 291">
     <span class='ocr_line' id='line_1_2' title="bbox 831 246 1201 291; baseline 0.003 -1"><span class='ocrx_word' id='word_1_2' title='bbox 831 247 884 290; x_wconf 83' lang='lat' dir='ltr'>T.</span> <span class='ocrx_word' id='word_1_3' title='bbox 942 246 1201 291; x_wconf 87' lang='lat' dir='ltr'>LIVII</span> 
     </span>
    </p>
   </div>
   <div class='ocr_carea' id='block_1_3' title="bbox 361 361 1684 2203">
    <p class='ocr_par' dir='ltr' id='par_1_3' title="bbox 361 361 1676 1335">
     <span class='ocr_line' id='line_1_3' title="bbox 373 361 1669 419; baseline 0 -14"><span class='ocrx_word' id='word_1_4' title='bbox 373 364 498 405; x_wconf 79' lang='lat' dir='ltr'>castra</span> <span class='ocrx_word' id='word_1_5' title='bbox 519 363 569 403; x_wconf 84' lang='lat' dir='ltr'>ad</span> <span class='ocrx_word' id='word_1_6' title='bbox 591 362 852 417; x_wconf 84' lang='lat' dir='ltr'>Aquiloniam</span> <span class='ocrx_word' id='word_1_7' title='bbox 869 363 1120 418; x_wconf 87' lang='lat' dir='ltr'>compulsum</span> <span class='ocrx_word' id='word_1_8' title='bbox 1141 363 1210 405; x_wconf 89' lang='lat' dir='ltr'>est.</span> <span class='ocrx_word' id='word_1_9' title='bbox 1232 361 1417 405; x_wconf 78' lang='lat' dir='ltr'>nobilitas</span> <span class='ocrx_word' id='word_1_10' title='bbox 1437 364 1669 419; x_wconf 79' lang='lat' dir='ltr'>equitesque</span> 
     </span>
     <span class='ocr_line' id='line_1_4' title="bbox 373 420 1669 477; baseline 0.001 -15"><span class='ocrx_word' id='word_1_11' title='bbox 373 421 598 462; x_wconf 81' lang='lat' dir='ltr'>Bovianum</span> <span class='ocrx_word' id='word_1_12' title='bbox 620 420 912 476; x_wconf 84' lang='lat' dir='ltr'>perfugerunt:</span> <span class='ocrx_word' id='word_1_13' title='bbox 943 422 1097 476; x_wconf 85' lang='lat' dir='ltr'>equites</span> <span class='ocrx_word' id='word_1_14' title='bbox 1118 435 1241 476; x_wconf 88' lang='lat' dir='ltr'>eques</span> <span class='ocrx_word' id='word_1_15' title='bbox 1270 421 1462 475; x_wconf 85' lang='lat' dir='ltr'>sequitur,</span> <span class='ocrx_word' id='word_1_16' title='bbox 1492 422 1669 477; x_wconf 83' lang='lat' dir='ltr'>peditem</span> 
     </span>
     <span class='ocr_line' id='line_1_5' title="bbox 373 478 1669 534; baseline 0.002 -17"><span class='ocrx_word' id='word_1_17' title='bbox 373 481 519 534; x_wconf 84' lang='lat' dir='ltr'>pedes:</span> <span class='ocrx_word' id='word_1_18' title='bbox 551 493 595 518; x_wconf 84' lang='lat' dir='ltr'>ac</span> <span class='ocrx_word' id='word_1_19' title='bbox 617 484 640 530; x_wconf 88' lang='lat'>†</span> <span class='ocrx_word' id='word_1_20' title='bbox 660 478 810 518; x_wconf 84' lang='lat' dir='ltr'>diversa</span> <span class='ocrx_word' id='word_1_21' title='bbox 846 493 1010 529; x_wconf 84' lang='lat' dir='ltr'>cornua,</span> <span class='ocrx_word' id='word_1_22' title='bbox 1041 481 1230 520; x_wconf 86' lang='lat' dir='ltr'>dextrum</span> <span class='ocrx_word' id='word_1_23' title='bbox 1265 480 1315 519; x_wconf 85' lang='lat' dir='ltr'>ad</span> <span class='ocrx_word' id='word_1_24' title='bbox 1349 479 1474 520; x_wconf 85' lang='lat' dir='ltr'>castra</span> <span class='ocrx_word' id='word_1_25' title='bbox 1509 480 1669 520; x_wconf 89' lang='lat' dir='ltr'>Samni-</span> 
     </span>
     <span class='ocr_line' id='line_1_6' title="bbox 373 535 1670 591; baseline 0.001 -16"><span class='ocrx_word' id='word_1_26' title='bbox 373 538 492 585; x_wconf 87' lang='lat' dir='ltr'>tium,</span> <span class='ocrx_word' id='word_1_27' title='bbox 525 537 669 576; x_wconf 83' lang='lat' dir='ltr'>laevum</span> <span class='ocrx_word' id='word_1_28' title='bbox 692 537 741 576; x_wconf 84' lang='lat' dir='ltr'>ad</span> <span class='ocrx_word' id='word_1_29' title='bbox 763 535 903 577; x_wconf 87' lang='lat' dir='ltr'>urbem</span> <span class='ocrx_word' id='word_1_30' title='bbox 935 537 1076 577; x_wconf 87' lang='lat' dir='ltr'>tendit.</span> <span class='ocrx_word' id='word_1_31' title='bbox 1135 537 1251 578; x_wconf 83' lang='lat' dir='ltr'>Prior</span> <span class='ocrx_word' id='word_1_32' title='bbox 1271 537 1476 591; x_wconf 88' lang='lat' dir='ltr'>aliquanto</span> <span class='ocrx_word' id='word_1_33' title='bbox 1493 537 1670 577; x_wconf 89' lang='lat' dir='ltr'>Volum-</span> 
     </span>
     <span class='ocr_line' id='line_1_7' title="bbox 373 593 1669 651; baseline 0.001 -17"><span class='ocrx_word' id='word_1_34' title='bbox 373 595 466 635; x_wconf 87' lang='lat' dir='ltr'>nius</span> <span class='ocrx_word' id='word_1_35' title='bbox 501 594 625 634; x_wconf 87' lang='lat' dir='ltr'>castra</span> <span class='ocrx_word' id='word_1_36' title='bbox 657 593 789 648; x_wconf 84' lang='lat' dir='ltr'>cepit:</span> <span class='ocrx_word' id='word_1_37' title='bbox 820 595 869 634; x_wconf 86' lang='lat' dir='ltr'>ad</span> <span class='ocrx_word' id='word_1_38' title='bbox 905 595 1045 635; x_wconf 87' lang='lat' dir='ltr'>urbem</span> <span class='ocrx_word' id='word_1_39' title='bbox 1078 594 1258 649; x_wconf 86' lang='lat' dir='ltr'>Scipioni</span> <span class='ocrx_word' id='word_1_40' title='bbox 1292 596 1443 651; x_wconf 88' lang='lat' dir='ltr'>majore</span> <span class='ocrx_word' id='word_1_41' title='bbox 1479 594 1669 635; x_wconf 74' lang='lat' dir='ltr'>resistitur</span> 
     </span>
     <span class='ocr_line' id='line_1_8' title="bbox 374 650 1673 706; baseline -0.001 -14"><span class='ocrx_word' id='word_1_42' title='bbox 374 652 440 700; x_wconf 88' lang='lat' dir='ltr'>vi;</span> <span class='ocrx_word' id='word_1_43' title='bbox 485 665 566 691; x_wconf 89' lang='lat' dir='ltr'>non</span> <span class='ocrx_word' id='word_1_44' title='bbox 600 653 694 705; x_wconf 88' lang='lat' dir='ltr'>quia</span> <span class='ocrx_word' id='word_1_45' title='bbox 726 654 816 706; x_wconf 89' lang='lat' dir='ltr'>plus</span> <span class='ocrx_word' id='word_1_46' title='bbox 852 652 974 692; x_wconf 83' lang='lat' dir='ltr'>animi</span> <span class='ocrx_word' id='word_1_47' title='bbox 1008 652 1126 693; x_wconf 66' lang='lat' dir='ltr'>vietis</span> <span class='ocrx_word' id='word_1_48' title='bbox 1158 652 1231 703; x_wconf 88' lang='lat' dir='ltr'>est,</span> <span class='ocrx_word' id='word_1_49' title='bbox 1276 651 1342 697; x_wconf 85' lang='lat' dir='ltr'>sed</span> <span class='ocrx_word' id='word_1_50' title='bbox 1373 650 1519 693; x_wconf 67' lang='lat' dir='ltr'>melius</span> <span class='ocrx_word' id='word_1_51' title='bbox 1550 652 1673 701; x_wconf 90' lang='lat' dir='ltr'>muri,</span> 
     </span>
     <span class='ocr_line' id='line_1_9' title="bbox 375 709 1669 764; baseline 0.002 -16"><span class='ocrx_word' id='word_1_52' title='bbox 375 709 499 763; x_wconf 59' lang='lat' dir='ltr'>quam</span> <span class='ocrx_word' id='word_1_53' title='bbox 527 710 690 759; x_wconf 87' lang='lat' dir='ltr'>vallum,</span> <span class='ocrx_word' id='word_1_54' title='bbox 723 720 895 751; x_wconf 83' lang='lat' dir='ltr'>armatos</span> <span class='ocrx_word' id='word_1_55' title='bbox 917 720 1065 751; x_wconf 84' lang='lat' dir='ltr'>arcent.</span> <span class='ocrx_word' id='word_1_56' title='bbox 1100 711 1193 750; x_wconf 91' lang='lat' dir='ltr'>inde</span> <span class='ocrx_word' id='word_1_57' title='bbox 1214 710 1412 764; x_wconf 87' lang='lat' dir='ltr'>lapidibus</span> <span class='ocrx_word' id='word_1_58' title='bbox 1434 709 1669 764; x_wconf 86' lang='lat' dir='ltr'>propulsant</span> 
     </span>
     <span class='ocr_line' id='line_1_10' title="bbox 374 767 1673 823; baseline -0.002 -15"><span class='ocrx_word' id='word_1_59' title='bbox 374 767 545 808; x_wconf 84' lang='lat' dir='ltr'>hostem.</span> <span class='ocrx_word' id='word_1_60' title='bbox 604 768 753 821; x_wconf 88' lang='lat' dir='ltr'>Scipio,</span> <span class='ocrx_word' id='word_1_61' title='bbox 785 768 855 807; x_wconf 86' lang='lat' dir='ltr'>nifi</span> <span class='ocrx_word' id='word_1_62' title='bbox 891 768 931 807; x_wconf 91' lang='lat' dir='ltr'>in</span> <span class='ocrx_word' id='word_1_63' title='bbox 964 768 1094 823; x_wconf 89' lang='lat' dir='ltr'>primo</span> <span class='ocrx_word' id='word_1_64' title='bbox 1116 781 1276 821; x_wconf 84' lang='lat' dir='ltr'>pavore,</span> <span class='ocrx_word' id='word_1_65' title='bbox 1307 768 1538 821; x_wconf 87' lang='lat' dir='ltr'>priusquam</span> <span class='ocrx_word' id='word_1_66' title='bbox 1560 767 1673 809; x_wconf 89' lang='lat' dir='ltr'>colli-</span> 
     </span>
     <span class='ocr_line' id='line_1_11' title="bbox 374 824 1676 879; baseline -0.001 -14"><span class='ocrx_word' id='word_1_67' title='bbox 374 834 565 879; x_wconf 80' lang='lat' dir='ltr'>gerentur</span> <span class='ocrx_word' id='word_1_68' title='bbox 596 826 735 877; x_wconf 88' lang='lat' dir='ltr'>animi,</span> <span class='ocrx_word' id='word_1_69' title='bbox 767 825 963 865; x_wconf 67' lang='lat' dir='ltr'>transa&amp;a</span> <span class='ocrx_word' id='word_1_70' title='bbox 997 840 1058 865; x_wconf 80' lang='lat' dir='ltr'>res</span> <span class='ocrx_word' id='word_1_71' title='bbox 1089 825 1196 874; x_wconf 80' lang='lat' dir='ltr'>esset,</span> <span class='ocrx_word' id='word_1_72' title='bbox 1228 825 1439 866; x_wconf 89' lang='lat' dir='ltr'>lentiorem</span> <span class='ocrx_word' id='word_1_73' title='bbox 1460 824 1548 867; x_wconf 82' lang='lat' dir='ltr'>fore</span> <span class='ocrx_word' id='word_1_74' title='bbox 1583 838 1676 864; x_wconf 86' lang='lat' dir='ltr'>mu-</span> 
     </span>
     <span class='ocr_line' id='line_1_12' title="bbox 375 883 1675 938; baseline -0.002 -15"><span class='ocrx_word' id='word_1_75' title='bbox 375 884 470 924; x_wconf 81' lang='lat' dir='ltr'>nitae</span> <span class='ocrx_word' id='word_1_76' title='bbox 507 883 615 924; x_wconf 92' lang='lat' dir='ltr'>urbis</span> <span class='ocrx_word' id='word_1_77' title='bbox 650 884 991 938; x_wconf 82' lang='lat' dir='ltr'>oppugnationem</span> <span class='ocrx_word' id='word_1_78' title='bbox 1014 893 1138 933; x_wconf 82' lang='lat' dir='ltr'>ratus,</span> <span class='ocrx_word' id='word_1_79' title='bbox 1169 883 1390 938; x_wconf 82' lang='lat' dir='ltr'>interrogat</span> <span class='ocrx_word' id='word_1_80' title='bbox 1411 883 1572 931; x_wconf 84' lang='lat' dir='ltr'>milites,</span> <span class='ocrx_word' id='word_1_81' title='bbox 1605 883 1675 922; x_wconf 84' lang='lat' dir='ltr'>Sa-</span> 
     </span>
     <span class='ocr_line' id='line_1_13' title="bbox 374 940 1672 995; baseline -0.002 -14"><span class='ocrx_word' id='word_1_82' title='bbox 374 942 443 981; x_wconf 83' lang='lat' dir='ltr'>tin&#39;</span> <span class='ocrx_word' id='word_1_83' title='bbox 477 957 571 994; x_wconf 79' lang='lat' dir='ltr'>aequo</span> <span class='ocrx_word' id='word_1_84' title='bbox 588 943 708 980; x_wconf 78' lang='lat' dir='ltr'>animo</span> <span class='ocrx_word' id='word_1_85' title='bbox 721 951 955 994; x_wconf 83' lang='lat' dir='ltr'>paterentur,</span> <span class='ocrx_word' id='word_1_86' title='bbox 986 942 1030 980; x_wconf 82' lang='lat' dir='ltr'>ab</span> <span class='ocrx_word' id='word_1_87' title='bbox 1060 942 1174 981; x_wconf 83' lang='lat' dir='ltr'>altero</span> <span class='ocrx_word' id='word_1_88' title='bbox 1191 956 1302 981; x_wconf 81' lang='lat' dir='ltr'>cornu</span> <span class='ocrx_word' id='word_1_89' title='bbox 1321 940 1439 995; x_wconf 72' lang='lat' dir='ltr'>cqstra</span> <span class='ocrx_word' id='word_1_90' title='bbox 1458 949 1564 994; x_wconf 83' lang='lat' dir='ltr'>capta</span> <span class='ocrx_word' id='word_1_91' title='bbox 1584 940 1645 995; x_wconf 74' lang='lat' dir='ltr'><em>ff</em></span> <span class='ocrx_word' id='word_1_92' title='bbox 1658 957 1672 980; x_wconf 66' lang='lat'>.-</span> 
     </span>
     <span class='ocr_line' id='line_1_14' title="bbox 361 997 1676 1054; baseline 0 -16"><span class='ocrx_word' id='word_1_93' title='bbox 361 1000 406 1054; x_wconf 74' lang='lat' dir='ltr'>st’</span> <span class='ocrx_word' id='word_1_94' title='bbox 427 1001 582 1039; x_wconf 59' lang='lat' dir='ltr'>vic—iores</span> <span class='ocrx_word' id='word_1_95' title='bbox 609 999 698 1051; x_wconf 81' lang='lat' dir='ltr'>pelli</span> <span class='ocrx_word' id='word_1_96' title='bbox 727 1015 751 1038; x_wconf 85' lang='lat' dir='ltr'><em>a</em></span> <span class='ocrx_word' id='word_1_97' title='bbox 778 1000 894 1051; x_wconf 84' lang='lat' dir='ltr'>portis</span> <span class='ocrx_word' id='word_1_98' title='bbox 931 1000 1069 1038; x_wconf 78' lang='lat' dir='ltr'>urbis?</span> <span class='ocrx_word' id='word_1_99' title='bbox 1102 998 1435 1039; x_wconf 82' lang='lat' dir='ltr'>Reclamantibus</span> <span class='ocrx_word' id='word_1_100' title='bbox 1467 997 1676 1049; x_wconf 75' lang='lat' dir='ltr'>universis,</span> 
     </span>
     <span class='ocr_line' id='line_1_15' title="bbox 374 1054 1676 1112; baseline -0.001 -17"><span class='ocrx_word' id='word_1_101' title='bbox 374 1056 530 1110; x_wconf 85' lang='lat' dir='ltr'>primus</span> <span class='ocrx_word' id='word_1_102' title='bbox 565 1056 662 1109; x_wconf 88' lang='lat' dir='ltr'>ipse,</span> <span class='ocrx_word' id='word_1_103' title='bbox 693 1055 803 1095; x_wconf 89' lang='lat' dir='ltr'>scuto</span> <span class='ocrx_word' id='word_1_104' title='bbox 835 1054 952 1110; x_wconf 89' lang='lat' dir='ltr'>super</span> <span class='ocrx_word' id='word_1_105' title='bbox 986 1065 1107 1109; x_wconf 88' lang='lat' dir='ltr'>caput</span> <span class='ocrx_word' id='word_1_106' title='bbox 1128 1058 1187 1110; x_wconf 83' lang='lat'>(7)</span> <span class='ocrx_word' id='word_1_107' title='bbox 1209 1057 1328 1104; x_wconf 83' lang='lat' dir='ltr'>elato,</span> <span class='ocrx_word' id='word_1_108' title='bbox 1359 1055 1490 1112; x_wconf 89' lang='lat' dir='ltr'>pergit</span> <span class='ocrx_word' id='word_1_109' title='bbox 1510 1055 1561 1095; x_wconf 88' lang='lat' dir='ltr'>ad</span> <span class='ocrx_word' id='word_1_110' title='bbox 1581 1069 1676 1109; x_wconf 91' lang='lat' dir='ltr'>por-</span> 
     </span>
     <span class='ocr_line' id='line_1_16' title="bbox 374 1112 1674 1167; baseline -0.001 -14"><span class='ocrx_word' id='word_1_111' title='bbox 374 1124 484 1153; x_wconf 85' lang='lat' dir='ltr'>tam:</span> <span class='ocrx_word' id='word_1_112' title='bbox 515 1112 638 1152; x_wconf 83' lang='lat' dir='ltr'>secuti</span> <span class='ocrx_word' id='word_1_113' title='bbox 671 1113 751 1162; x_wconf 86' lang='lat' dir='ltr'>alii,</span> <span class='ocrx_word' id='word_1_114' title='bbox 782 1112 979 1152; x_wconf 89' lang='lat' dir='ltr'>testudine</span> <span class='ocrx_word' id='word_1_115' title='bbox 1008 1112 1131 1161; x_wconf 58' lang='lat' dir='ltr'>saera,</span> <span class='ocrx_word' id='word_1_116' title='bbox 1161 1114 1203 1153; x_wconf 92' lang='lat' dir='ltr'>in</span> <span class='ocrx_word' id='word_1_117' title='bbox 1225 1113 1366 1154; x_wconf 88' lang='lat' dir='ltr'>urbem</span> <span class='ocrx_word' id='word_1_118' title='bbox 1387 1121 1674 1167; x_wconf 87' lang='lat' dir='ltr'>perrumpunt:</span> 
     </span>
     <span class='ocr_line' id='line_1_17' title="bbox 375 1165 1675 1224; baseline -0.002 -12"><span class='ocrx_word' id='word_1_119' title='bbox 375 1170 672 1224; x_wconf 82' lang='lat' dir='ltr'>deturbatisque</span> <span class='ocrx_word' id='word_1_120' title='bbox 693 1170 959 1220; x_wconf 82' lang='lat' dir='ltr'>Samnitibus,</span> <span class='ocrx_word' id='word_1_121' title='bbox 980 1169 1050 1223; x_wconf 90' lang='lat' dir='ltr'>qui</span> <span class='ocrx_word' id='word_1_122' title='bbox 1071 1165 1176 1209; x_wconf 81' lang='lat' dir='ltr'>circa</span> <span class='ocrx_word' id='word_1_123' title='bbox 1192 1181 1351 1224; x_wconf 88' lang='lat' dir='ltr'>portam</span> <span class='ocrx_word' id='word_1_124' title='bbox 1370 1180 1499 1219; x_wconf 88' lang='lat' dir='ltr'>erant,</span> <span class='ocrx_word' id='word_1_125' title='bbox 1535 1183 1675 1210; x_wconf 82' lang='lat' dir='ltr'>muros</span> 
     </span>
     <span class='ocr_line' id='line_1_18' title="bbox 374 1226 1671 1283; baseline -0.002 -14"><span class='ocrx_word' id='word_1_126' title='bbox 374 1242 635 1282; x_wconf 87' lang='lat' dir='ltr'>occupavere.</span> <span class='ocrx_word' id='word_1_127' title='bbox 661 1239 868 1281; x_wconf 81' lang='lat' dir='ltr'>penetrare</span> <span class='ocrx_word' id='word_1_128' title='bbox 890 1228 932 1275; x_wconf 84' lang='lat' dir='ltr'>in</span> <span class='ocrx_word' id='word_1_129' title='bbox 964 1227 1153 1275; x_wconf 81' lang='lat' dir='ltr'>interiora</span> <span class='ocrx_word' id='word_1_130' title='bbox 1186 1226 1315 1278; x_wconf 87' lang='lat' dir='ltr'>urbis,</span> <span class='ocrx_word' id='word_1_131' title='bbox 1345 1228 1439 1282; x_wconf 86' lang='lat' dir='ltr'>quia</span> <span class='ocrx_word' id='word_1_132' title='bbox 1459 1227 1579 1283; x_wconf 86' lang='lat' dir='ltr'>pauci</span> <span class='ocrx_word' id='word_1_133' title='bbox 1599 1227 1671 1268; x_wconf 89' lang='lat' dir='ltr'>ad-</span> 
     </span>
     <span class='ocr_line' id='line_1_19' title="bbox 377 1286 998 1335; baseline -0.005 -8"><span class='ocrx_word' id='word_1_134' title='bbox 377 1287 548 1327; x_wconf 88' lang='lat' dir='ltr'>modum</span> <span class='ocrx_word' id='word_1_135' title='bbox 570 1295 697 1335; x_wconf 85' lang='lat' dir='ltr'>erant,</span> <span class='ocrx_word' id='word_1_136' title='bbox 730 1300 813 1326; x_wconf 90' lang='lat' dir='ltr'>non</span> <span class='ocrx_word' id='word_1_137' title='bbox 835 1286 998 1326; x_wconf 90' lang='lat' dir='ltr'>audent.</span> 
     </span>
    </p>

    <p class='ocr_par' dir='ltr' id='par_1_4' title="bbox 377 1340 1684 2152">
     <span class='ocr_line' id='line_1_20' title="bbox 435 1340 1677 1398; baseline -0.001 -14"><span class='ocrx_word' id='word_1_138' title='bbox 435 1343 569 1384; x_wconf 90' lang='lat' dir='ltr'><strong>XLII.</strong></span> <span class='ocrx_word' id='word_1_139' title='bbox 599 1344 702 1386; x_wconf 84' lang='lat' dir='ltr'>Haec</span> <span class='ocrx_word' id='word_1_140' title='bbox 735 1341 868 1398; x_wconf 76' lang='lat' dir='ltr'>primo</span> <span class='ocrx_word' id='word_1_141' title='bbox 902 1343 1085 1398; x_wconf 86' lang='lat' dir='ltr'>ignorare</span> <span class='ocrx_word' id='word_1_142' title='bbox 1116 1341 1268 1392; x_wconf 89' lang='lat' dir='ltr'>consul,</span> <span class='ocrx_word' id='word_1_143' title='bbox 1302 1344 1343 1383; x_wconf 71' lang='grc' dir='ltr'>δε</span> <span class='ocrx_word' id='word_1_144' title='bbox 1376 1341 1555 1383; x_wconf 87' lang='lat' dir='ltr'>intentus</span> <span class='ocrx_word' id='word_1_145' title='bbox 1575 1340 1677 1383; x_wconf 80' lang='lat' dir='ltr'>reci.-</span> 
     </span>
     <span class='ocr_line' id='line_1_21' title="bbox 377 1398 1677 1457; baseline -0.003 -15"><span class='ocrx_word' id='word_1_146' title='bbox 377 1402 526 1457; x_wconf 90' lang='lat' dir='ltr'>piendo</span> <span class='ocrx_word' id='word_1_147' title='bbox 545 1402 850 1442; x_wconf 84' lang='lat' dir='ltr'>exercituieffe:</span> <span class='ocrx_word' id='word_1_148' title='bbox 876 1403 962 1457; x_wconf 87' lang='lat' dir='ltr'>jam</span> <span class='ocrx_word' id='word_1_149' title='bbox 982 1401 1091 1441; x_wconf 87' lang='lat' dir='ltr'>enim</span> <span class='ocrx_word' id='word_1_150' title='bbox 1107 1406 1132 1453; x_wconf 90' lang='lat'>†</span> <span class='ocrx_word' id='word_1_151' title='bbox 1146 1414 1327 1455; x_wconf 88' lang='lat' dir='ltr'>praeceps</span> <span class='ocrx_word' id='word_1_152' title='bbox 1347 1399 1388 1439; x_wconf 89' lang='lat' dir='ltr'>in</span> <span class='ocrx_word' id='word_1_153' title='bbox 1411 1398 1599 1440; x_wconf 88' lang='lat' dir='ltr'>occasum</span> <span class='ocrx_word' id='word_1_154' title='bbox 1621 1399 1677 1438; x_wconf 85' lang='lat' dir='ltr'>sol</span> 
     </span>
     <span class='ocr_line' id='line_1_22' title="bbox 378 1455 1682 1514; baseline -0.002 -14"><span class='ocrx_word' id='word_1_155' title='bbox 378 1470 478 1508; x_wconf 83' lang='lat' dir='ltr'>erat,</span> <span class='ocrx_word' id='word_1_156' title='bbox 513 1462 551 1500; x_wconf 70' lang='lat'>8&lt;</span> <span class='ocrx_word' id='word_1_157' title='bbox 585 1465 610 1512; x_wconf 90' lang='lat'>†</span> <span class='ocrx_word' id='word_1_158' title='bbox 644 1470 835 1514; x_wconf 87' lang='lat' dir='ltr'>appetens</span> <span class='ocrx_word' id='word_1_159' title='bbox 874 1474 954 1499; x_wconf 85' lang='lat' dir='ltr'>nox</span> <span class='ocrx_word' id='word_1_160' title='bbox 994 1458 1214 1513; x_wconf 86' lang='lat' dir='ltr'>periculosa</span> <span class='ocrx_word' id='word_1_161' title='bbox 1253 1461 1295 1500; x_wconf 70' lang='grc' dir='ltr'>δι</span> <span class='ocrx_word' id='word_1_162' title='bbox 1331 1456 1513 1511; x_wconf 63' lang='grc' dir='ltr'>ΐυΐρεᾶει</span> <span class='ocrx_word' id='word_1_163' title='bbox 1543 1455 1682 1497; x_wconf 80' lang='lat' dir='ltr'>omnia</span> 
     </span>
     <span class='ocr_line' id='line_1_23' title="bbox 379 1513 1684 1572; baseline -0.004 -14"><span class='ocrx_word' id='word_1_164' title='bbox 379 1518 501 1558; x_wconf 80' lang='lat' dir='ltr'>etiam</span> <span class='ocrx_word' id='word_1_165' title='bbox 536 1516 757 1558; x_wconf 54' lang='lat' dir='ltr'>victoribus</span> <span class='ocrx_word' id='word_1_166' title='bbox 793 1517 978 1558; x_wconf 84' lang='lat' dir='ltr'>faciebat.</span> <span class='ocrx_word' id='word_1_167' title='bbox 1037 1516 1267 1572; x_wconf 82' lang='lat' dir='ltr'>Progressus</span> <span class='ocrx_word' id='word_1_168' title='bbox 1288 1513 1451 1571; x_wconf 67' lang='lat' dir='ltr'>longius</span> <span class='ocrx_word' id='word_1_169' title='bbox 1472 1513 1521 1555; x_wconf 90' lang='lat' dir='ltr'>ab</span> <span class='ocrx_word' id='word_1_170' title='bbox 1542 1513 1684 1559; x_wconf 51' lang='lat' dir='ltr'>dextra</span> 
     </span>
     <span class='ocr_line' id='line_1_24' title="bbox 379 1572 1682 1629; baseline -0.005 -13"><span class='ocrx_word' id='word_1_171' title='bbox 379 1576 506 1616; x_wconf 85' lang='lat' dir='ltr'>castra</span> <span class='ocrx_word' id='word_1_172' title='bbox 536 1586 651 1629; x_wconf 86' lang='lat' dir='ltr'>capta</span> <span class='ocrx_word' id='word_1_173' title='bbox 683 1576 804 1616; x_wconf 88' lang='lat' dir='ltr'>videt.</span> <span class='ocrx_word' id='word_1_174' title='bbox 837 1575 886 1615; x_wconf 88' lang='lat' dir='ltr'>ab</span> <span class='ocrx_word' id='word_1_175' title='bbox 917 1575 1015 1615; x_wconf 69' lang='lat' dir='ltr'>laeva</span> <span class='ocrx_word' id='word_1_176' title='bbox 1046 1575 1265 1615; x_wconf 85' lang='lat' dir='ltr'>clamorem</span> <span class='ocrx_word' id='word_1_177' title='bbox 1297 1574 1338 1613; x_wconf 91' lang='lat' dir='ltr'>in</span> <span class='ocrx_word' id='word_1_178' title='bbox 1375 1572 1472 1613; x_wconf 86' lang='lat' dir='ltr'>urbe</span> <span class='ocrx_word' id='word_1_179' title='bbox 1506 1572 1682 1611; x_wconf 86' lang='lat' dir='ltr'>mix-tum</span> 
     </span>
     <span class='ocr_line' id='line_1_25' title="bbox 380 1629 1682 1688; baseline -0.003 -15"><span class='ocrx_word' id='word_1_180' title='bbox 380 1633 650 1688; x_wconf 84' lang='lat' dir='ltr'>pugnantium</span> <span class='ocrx_word' id='word_1_181' title='bbox 682 1648 727 1673; x_wconf 86' lang='lat' dir='ltr'>ac</span> <span class='ocrx_word' id='word_1_182' title='bbox 755 1633 988 1688; x_wconf 84' lang='lat' dir='ltr'>paventium</span> <span class='ocrx_word' id='word_1_183' title='bbox 1022 1630 1187 1672; x_wconf 88' lang='lat' dir='ltr'>fremitu</span> <span class='ocrx_word' id='word_1_184' title='bbox 1209 1634 1269 1686; x_wconf 74' lang='grc' dir='ltr'>(ι)</span> <span class='ocrx_word' id='word_1_185' title='bbox 1290 1631 1379 1672; x_wconf 81' lang='lat' dir='ltr'>effe.</span> <span class='ocrx_word' id='word_1_186' title='bbox 1405 1633 1443 1671; x_wconf 89' lang='lat'>&amp;</span> <span class='ocrx_word' id='word_1_187' title='bbox 1466 1639 1555 1670; x_wconf 89' lang='lat' dir='ltr'>tum</span> <span class='ocrx_word' id='word_1_188' title='bbox 1575 1629 1682 1669; x_wconf 69' lang='lat' dir='ltr'>forte</span> 
     </span>
     <span class='ocr_line' id='line_1_26' title="bbox 380 1689 1681 1746; baseline -0.003 -15"><span class='ocrx_word' id='word_1_189' title='bbox 380 1701 585 1732; x_wconf 86' lang='lat' dir='ltr'>certamen</span> <span class='ocrx_word' id='word_1_190' title='bbox 616 1692 666 1731; x_wconf 88' lang='lat' dir='ltr'>ad</span> <span class='ocrx_word' id='word_1_191' title='bbox 701 1701 859 1746; x_wconf 86' lang='lat' dir='ltr'>portam</span> <span class='ocrx_word' id='word_1_192' title='bbox 894 1700 990 1731; x_wconf 88' lang='lat' dir='ltr'>erat.</span> <span class='ocrx_word' id='word_1_193' title='bbox 1053 1689 1264 1730; x_wconf 73' lang='lat' dir='ltr'>Advectus</span> <span class='ocrx_word' id='word_1_194' title='bbox 1295 1689 1440 1729; x_wconf 87' lang='lat' dir='ltr'>deinde</span> <span class='ocrx_word' id='word_1_195' title='bbox 1461 1701 1566 1741; x_wconf 90' lang='lat' dir='ltr'>equo</span> <span class='ocrx_word' id='word_1_196' title='bbox 1588 1701 1681 1741; x_wconf 65' lang='lat' dir='ltr'>pro,-</span> 
     </span>
     <span class='ocr_line' id='line_1_27' title="bbox 381 1744 1683 1804; baseline -0.003 -16"><span class='ocrx_word' id='word_1_197' title='bbox 381 1748 489 1804; x_wconf 74' lang='lat' dir='ltr'>pius,</span> <span class='ocrx_word' id='word_1_198' title='bbox 521 1759 565 1788; x_wconf 91' lang='lat' dir='ltr'>ut</span> <span class='ocrx_word' id='word_1_199' title='bbox 600 1749 691 1790; x_wconf 87' lang='lat' dir='ltr'>suos</span> <span class='ocrx_word' id='word_1_200' title='bbox 725 1750 768 1788; x_wconf 88' lang='lat' dir='ltr'>in</span> <span class='ocrx_word' id='word_1_201' title='bbox 802 1748 928 1789; x_wconf 84' lang='lat' dir='ltr'>muris</span> <span class='ocrx_word' id='word_1_202' title='bbox 959 1748 1082 1797; x_wconf 85' lang='lat' dir='ltr'>videt,</span> <span class='ocrx_word' id='word_1_203' title='bbox 1115 1750 1177 1803; x_wconf 92' lang='lat'>(2)</span> <span class='ocrx_word' id='word_1_204' title='bbox 1197 1761 1272 1788; x_wconf 89' lang='lat' dir='ltr'>nec</span> <span class='ocrx_word' id='word_1_205' title='bbox 1295 1747 1381 1802; x_wconf 85' lang='lat' dir='ltr'>jam</span> <span class='ocrx_word' id='word_1_206' title='bbox 1403 1745 1548 1801; x_wconf 87' lang='lat' dir='ltr'>integri</span> <span class='ocrx_word' id='word_1_207' title='bbox 1569 1744 1683 1798; x_wconf 85' lang='lat' dir='ltr'>quic-</span> 
     </span>
     <span class='ocr_line' id='line_1_28' title="bbox 380 1802 1682 1861; baseline -0.002 -14"><span class='ocrx_word' id='word_1_208' title='bbox 380 1821 505 1861; x_wconf 86' lang='lat' dir='ltr'>quam</span> <span class='ocrx_word' id='word_1_209' title='bbox 539 1807 631 1858; x_wconf 85' lang='lat' dir='ltr'>effe,</span> <span class='ocrx_word' id='word_1_210' title='bbox 678 1807 870 1861; x_wconf 89' lang='lat' dir='ltr'>quoniam</span> <span class='ocrx_word' id='word_1_211' title='bbox 905 1806 1130 1847; x_wconf 88' lang='lat' dir='ltr'>temeritate</span> <span class='ocrx_word' id='word_1_212' title='bbox 1164 1819 1386 1860; x_wconf 87' lang='lat' dir='ltr'>paucorum</span> <span class='ocrx_word' id='word_1_213' title='bbox 1420 1816 1577 1860; x_wconf 86' lang='lat' dir='ltr'>magnae</span> <span class='ocrx_word' id='word_1_214' title='bbox 1622 1802 1682 1845; x_wconf 83' lang='lat' dir='ltr'>rei</span> 
     </span>
     <span class='ocr_line' id='line_1_29' title="bbox 381 1860 1682 1921; baseline -0.005 -17"><span class='ocrx_word' id='word_1_215' title='bbox 381 1875 496 1921; x_wconf 84' lang='lat' dir='ltr'>parta</span> <span class='ocrx_word' id='word_1_216' title='bbox 516 1866 668 1906; x_wconf 75' lang='lat' dir='ltr'>occasio</span> <span class='ocrx_word' id='word_1_217' title='bbox 688 1865 798 1916; x_wconf 78' lang='lat' dir='ltr'>esset,</span> <span class='ocrx_word' id='word_1_218' title='bbox 829 1865 964 1916; x_wconf 86' lang='lat' dir='ltr'>acciri,</span> <span class='ocrx_word' id='word_1_219' title='bbox 995 1878 1095 1918; x_wconf 84' lang='lat' dir='ltr'>quas</span> <span class='ocrx_word' id='word_1_220' title='bbox 1122 1872 1343 1918; x_wconf 81' lang='lat' dir='ltr'>receperat,</span> <span class='ocrx_word' id='word_1_221' title='bbox 1372 1861 1522 1915; x_wconf 87' lang='lat' dir='ltr'>copias,</span> <span class='ocrx_word' id='word_1_222' title='bbox 1555 1860 1682 1915; x_wconf 79' lang='lat' dir='ltr'>{igna-</span> 
     </span>
     <span class='ocr_line' id='line_1_30' title="bbox 382 1916 1679 1978; baseline -0.005 -15"><span class='ocrx_word' id='word_1_223' title='bbox 382 1937 463 1977; x_wconf 89' lang='lat' dir='ltr'>que</span> <span class='ocrx_word' id='word_1_224' title='bbox 504 1923 545 1962; x_wconf 92' lang='lat' dir='ltr'>in</span> <span class='ocrx_word' id='word_1_225' title='bbox 580 1923 720 1963; x_wconf 88' lang='lat' dir='ltr'>urbem</span> <span class='ocrx_word' id='word_1_226' title='bbox 757 1922 897 1963; x_wconf 88' lang='lat' dir='ltr'>inferri</span> <span class='ocrx_word' id='word_1_227' title='bbox 928 1921 1049 1978; x_wconf 83' lang='lat' dir='ltr'>juffit.</span> <span class='ocrx_word' id='word_1_228' title='bbox 1110 1920 1274 1976; x_wconf 87' lang='lat' dir='ltr'>Ingreffi</span> <span class='ocrx_word' id='word_1_229' title='bbox 1311 1922 1371 1974; x_wconf 86' lang='lat'>(3)</span> <span class='ocrx_word' id='word_1_230' title='bbox 1406 1916 1589 1972; x_wconf 61' lang='lat' dir='ltr'>proxima</span> <span class='ocrx_word' id='word_1_231' title='bbox 1629 1930 1679 1957; x_wconf 85' lang='lat' dir='ltr'>ex</span> 
     </span>
     <span class='ocr_line' id='line_1_31' title="bbox 382 1974 1683 2037; baseline -0.003 -17"><span class='ocrx_word' id='word_1_232' title='bbox 382 1991 510 2037; x_wconf 83' lang='lat' dir='ltr'>parte,</span> <span class='ocrx_word' id='word_1_233' title='bbox 542 1981 636 2034; x_wconf 90' lang='lat' dir='ltr'>quia</span> <span class='ocrx_word' id='word_1_234' title='bbox 669 1995 749 2021; x_wconf 88' lang='lat' dir='ltr'>nox</span> <span class='ocrx_word' id='word_1_235' title='bbox 785 1978 1148 2035; x_wconf 85' lang='lat' dir='ltr'>appropinquabat,</span> <span class='ocrx_word' id='word_1_236' title='bbox 1180 1978 1379 2031; x_wconf 88' lang='lat' dir='ltr'>quievere.</span> <span class='ocrx_word' id='word_1_237' title='bbox 1413 1976 1535 2016; x_wconf 61' lang='lat' dir='ltr'>notite</span> <span class='ocrx_word' id='word_1_238' title='bbox 1566 1974 1683 2030; x_wconf 64' lang='lat' dir='ltr'>oppi÷</span> 
     </span>
     <span class='ocr_line' id='line_1_32' title="bbox 383 2033 1682 2093; baseline -0.006 -14"><span class='ocrx_word' id='word_1_239' title='bbox 383 2040 482 2079; x_wconf 90' lang='lat' dir='ltr'>dum</span> <span class='ocrx_word' id='word_1_240' title='bbox 504 2037 552 2078; x_wconf 85' lang='lat' dir='ltr'>ab</span> <span class='ocrx_word' id='word_1_241' title='bbox 571 2038 750 2078; x_wconf 87' lang='lat' dir='ltr'>hostibus</span> <span class='ocrx_word' id='word_1_242' title='bbox 772 2038 971 2093; x_wconf 84' lang='lat' dir='ltr'>desertum</span> <span class='ocrx_word' id='word_1_243' title='bbox 1001 2036 1070 2077; x_wconf 89' lang='lat' dir='ltr'>est.</span> <span class='ocrx_word' id='word_1_244' title='bbox 1131 2035 1242 2078; x_wconf 84' lang='lat' dir='ltr'>Caesa</span> <span class='ocrx_word' id='word_1_245' title='bbox 1261 2035 1330 2075; x_wconf 78' lang='lat' dir='ltr'>illo</span> <span class='ocrx_word' id='word_1_246' title='bbox 1351 2034 1414 2074; x_wconf 89' lang='lat' dir='ltr'>die</span> <span class='ocrx_word' id='word_1_247' title='bbox 1435 2035 1485 2074; x_wconf 78' lang='lat' dir='ltr'>ad</span> <span class='ocrx_word' id='word_1_248' title='bbox 1508 2033 1682 2087; x_wconf 85' lang='lat' dir='ltr'>Aquilo-</span> 
     </span>
     <span class='ocr_line' id='line_1_33' title="bbox 384 2091 1682 2152; baseline -0.005 -17"><span class='ocrx_word' id='word_1_249' title='bbox 384 2096 493 2141; x_wconf 77' lang='lat' dir='ltr'>niam</span> <span class='ocrx_word' id='word_1_250' title='bbox 511 2096 756 2140; x_wconf 84' lang='lat' dir='ltr'>Samnitium</span> <span class='ocrx_word' id='word_1_251' title='bbox 784 2099 843 2152; x_wconf 89' lang='lat'>(4)</span> <span class='ocrx_word' id='word_1_252' title='bbox 867 2096 990 2136; x_wconf 89' lang='lat' dir='ltr'>millia</span> <span class='ocrx_word' id='word_1_253' title='bbox 1010 2093 1174 2150; x_wconf 85' lang='lat' dir='ltr'>triginta</span> <span class='ocrx_word' id='word_1_254' title='bbox 1200 2092 1369 2134; x_wconf 89' lang='lat' dir='ltr'>trecenti</span> <span class='ocrx_word' id='word_1_255' title='bbox 1390 2091 1682 2147; x_wconf 64' lang='lat' dir='ltr'>quadragintag</span> 
     </span>
    </p>

    <p class='ocr_par' dir='ltr' id='par_1_5' title="bbox 1565 2157 1683 2203">
     <span class='ocr_line' id='line_1_34' title="bbox 1565 2157 1683 2203; baseline 0.034 -13"><span class='ocrx_word' id='word_1_256' title='bbox 1565 2157 1683 2203; x_wconf 71' lang='lat' dir='ltr'>capta·</span> 
     </span>
    </p>
   </div>
   <div class='ocr_carea' id='block_1_4' title="bbox 379 2265 1687 2448">
    <p class='ocr_par' dir='ltr' id='par_1_6' title="bbox 379 2265 1687 2448">
     <span class='ocr_line' id='line_1_35' title="bbox 379 2265 1687 2314; baseline -0.003 -12"><span class='ocrx_word' id='word_1_257' title='bbox 379 2279 489 2314; x_wconf 78' lang='lat' dir='ltr'>pugnae.</span> <span class='ocrx_word' id='word_1_258' title='bbox 533 2270 656 2302; x_wconf 87' lang='lat' dir='ltr'>Eodem</span> <span class='ocrx_word' id='word_1_259' title='bbox 669 2270 734 2301; x_wconf 71' lang='lat' dir='ltr'>fere</span> <span class='ocrx_word' id='word_1_260' title='bbox 750 2270 848 2301; x_wconf 90' lang='lat' dir='ltr'>modo</span> <span class='ocrx_word' id='word_1_261' title='bbox 864 2269 992 2301; x_wconf 86' lang='lat' dir='ltr'>locutus</span> <span class='ocrx_word' id='word_1_262' title='bbox 1011 2267 1054 2303; x_wconf 79' lang='lat' dir='ltr'>est</span> <span class='ocrx_word' id='word_1_263' title='bbox 1075 2265 1188 2300; x_wconf 80' lang='lat' dir='ltr'>Livius</span> <span class='ocrx_word' id='word_1_264' title='bbox 1204 2266 1301 2309; x_wconf 65' lang='lat' dir='ltr'>supra</span> <span class='ocrx_word' id='word_1_265' title='bbox 1317 2267 1337 2298; x_wconf 89' lang='lat'>1.</span> <span class='ocrx_word' id='word_1_266' title='bbox 1349 2276 1378 2306; x_wconf 80' lang='lat'>5.</span> <span class='ocrx_word' id='word_1_267' title='bbox 1412 2277 1438 2298; x_wconf 87' lang='lat' dir='ltr'>e.</span> <span class='ocrx_word' id='word_1_268' title='bbox 1451 2270 1502 2308; x_wconf 80' lang='grc'>34.</span> <span class='ocrx_word' id='word_1_269' title='bbox 1546 2265 1590 2301; x_wconf 85' lang='lat' dir='ltr'>Is,</span> <span class='ocrx_word' id='word_1_270' title='bbox 1613 2266 1687 2307; x_wconf 77' lang='lat' dir='ltr'>quod</span> 
     </span>
     <span class='ocr_line' id='line_1_36' title="bbox 383 2308 1680 2357; baseline -0.004 -11"><span class='ocrx_word' id='word_1_271' title='bbox 383 2317 427 2346; x_wconf 80' lang='lat' dir='ltr'>his</span> <span class='ocrx_word' id='word_1_272' title='bbox 444 2329 477 2347; x_wconf 76' lang='lat' dir='ltr'>ex</span> <span class='ocrx_word' id='word_1_273' title='bbox 489 2317 599 2357; x_wconf 82' lang='lat' dir='ltr'>populis</span> <span class='ocrx_word' id='word_1_274' title='bbox 615 2316 783 2352; x_wconf 78' lang='lat' dir='ltr'>abundabat,</span> <span class='ocrx_word' id='word_1_275' title='bbox 798 2317 960 2356; x_wconf 20' lang='lat' dir='ltr'>‘Bitia-ign,</span> <span class='ocrx_word' id='word_1_276' title='bbox 982 2316 1140 2344; x_wconf 80' lang='lat' dir='ltr'>Arvernos.</span> <span class='ocrx_word' id='word_1_277' title='bbox 1184 2312 1259 2344; x_wconf 84' lang='lat' dir='ltr'>Vid.</span> <span class='ocrx_word' id='word_1_278' title='bbox 1279 2313 1310 2343; x_wconf 74' lang='grc' dir='ltr'>δε</span> <span class='ocrx_word' id='word_1_279' title='bbox 1333 2310 1419 2342; x_wconf 49' lang='lat' dir='ltr'>infra</span> <span class='ocrx_word' id='word_1_280' title='bbox 1447 2311 1466 2341; x_wconf 86' lang='lat' dir='ltr'>l.</span> <span class='ocrx_word' id='word_1_281' title='bbox 1496 2308 1551 2343; x_wconf 80' lang='lat'>26.</span> <span class='ocrx_word' id='word_1_282' title='bbox 1579 2320 1605 2341; x_wconf 87' lang='lat' dir='ltr'>c.</span> <span class='ocrx_word' id='word_1_283' title='bbox 1627 2319 1680 2349; x_wconf 82' lang='lat'>33.</span> 
     </span>
     <span class='ocr_line' id='line_1_37' title="bbox 384 2354 1681 2402; baseline -0.002 -13"><span class='ocrx_word' id='word_1_284' title='bbox 384 2362 441 2401; x_wconf 78' lang='lat'>(7)</span> <span class='ocrx_word' id='word_1_285' title='bbox 464 2361 512 2391; x_wconf 86' lang='lat' dir='ltr'>Sic</span> <span class='ocrx_word' id='word_1_286' title='bbox 537 2359 621 2390; x_wconf 72' lang='lat' dir='ltr'>infra</span> <span class='ocrx_word' id='word_1_287' title='bbox 638 2360 657 2390; x_wconf 90' lang='lat' dir='ltr'>l.</span> <span class='ocrx_word' id='word_1_288' title='bbox 675 2370 726 2398; x_wconf 80' lang='lat'>44.</span> <span class='ocrx_word' id='word_1_289' title='bbox 756 2371 781 2391; x_wconf 86' lang='lat' dir='ltr'>c.</span> <span class='ocrx_word' id='word_1_290' title='bbox 803 2355 834 2401; x_wconf 61' lang='lat'>&gt;9.</span> <span class='ocrx_word' id='word_1_291' title='bbox 849 2361 939 2401; x_wconf 79' lang='lat' dir='ltr'>super</span> <span class='ocrx_word' id='word_1_292' title='bbox 953 2361 1048 2402; x_wconf 84' lang='lat' dir='ltr'>capita</span> <span class='ocrx_word' id='word_1_293' title='bbox 1075 2360 1150 2389; x_wconf 82' lang='lat' dir='ltr'>elata</span> <span class='ocrx_word' id='word_1_294' title='bbox 1166 2359 1261 2400; x_wconf 82' lang='lat' dir='ltr'>scuta.</span> <span class='ocrx_word' id='word_1_295' title='bbox 1304 2358 1382 2389; x_wconf 88' lang='lat' dir='ltr'>Tac.</span> <span class='ocrx_word' id='word_1_296' title='bbox 1398 2356 1418 2387; x_wconf 90' lang='lat' dir='ltr'>l.</span> <span class='ocrx_word' id='word_1_297' title='bbox 1439 2354 1569 2396; x_wconf 85' lang='lat' dir='ltr'>3.Hist.</span> <span class='ocrx_word' id='word_1_298' title='bbox 1585 2365 1612 2386; x_wconf 90' lang='lat' dir='ltr'>c.</span> <span class='ocrx_word' id='word_1_299' title='bbox 1628 2363 1681 2393; x_wconf 57' lang='grc'>27,</span> 
     </span>
     <span class='ocr_line' id='line_1_38' title="bbox 383 2407 772 2448; baseline 0 -12"><span class='ocrx_word' id='word_1_300' title='bbox 383 2407 560 2448; x_wconf 73' lang='lat' dir='ltr'>elatisfiaeper</span> <span class='ocrx_word' id='word_1_301' title='bbox 571 2407 772 2447; x_wconf 70' lang='lat' dir='ltr'>capitaseutis·</span> 
     </span>
    </p>
   </div>
   <div class='ocr_carea' id='block_1_5' title="bbox 383 2460 1683 2863">
    <p class='ocr_par' dir='ltr' id='par_1_7' title="bbox 383 2460 1683 2824">
     <span class='ocr_line' id='line_1_39' title="bbox 431 2460 1683 2509; baseline -0.006 -9"><span class='ocrx_word' id='word_1_302' title='bbox 431 2470 465 2500; x_wconf 93' lang='lat' dir='ltr'>C.</span> <span class='ocrx_word' id='word_1_303' title='bbox 485 2477 535 2505; x_wconf 83' lang='lat'>42.</span> <span class='ocrx_word' id='word_1_304' title='bbox 558 2468 614 2509; x_wconf 93' lang='lat'>(1)</span> <span class='ocrx_word' id='word_1_305' title='bbox 638 2466 758 2498; x_wconf 68' lang='lat' dir='ltr'>Melius</span> <span class='ocrx_word' id='word_1_306' title='bbox 786 2467 881 2508; x_wconf 86' lang='lat' dir='ltr'>legas,</span> <span class='ocrx_word' id='word_1_307' title='bbox 903 2476 978 2497; x_wconf 87' lang='lat' dir='ltr'>cum</span> <span class='ocrx_word' id='word_1_308' title='bbox 1005 2464 1129 2508; x_wconf 81' lang='lat' dir='ltr'>aliquot</span> <span class='ocrx_word' id='word_1_309' title='bbox 1155 2464 1332 2501; x_wconf 83' lang='lat' dir='ltr'>codicibus,</span> <span class='ocrx_word' id='word_1_310' title='bbox 1343 2465 1515 2505; x_wconf 78' lang='lat' dir='ltr'>fremitum.-</span> <span class='ocrx_word' id='word_1_311' title='bbox 1541 2469 1578 2493; x_wconf 88' lang='lat' dir='ltr'>ut</span> <span class='ocrx_word' id='word_1_312' title='bbox 1594 2460 1683 2493; x_wconf 81' lang='lat' dir='ltr'>dicat</span> 
     </span>
     <span class='ocr_line' id='line_1_40' title="bbox 384 2509 1683 2552; baseline -0.005 -10"><span class='ocrx_word' id='word_1_313' title='bbox 384 2515 530 2547; x_wconf 70' lang='lat' dir='ltr'>clamorem</span> <span class='ocrx_word' id='word_1_314' title='bbox 548 2515 575 2542; x_wconf 79' lang='lat' dir='ltr'>iu</span> <span class='ocrx_word' id='word_1_315' title='bbox 593 2514 668 2550; x_wconf 69' lang='lat' dir='ltr'>urbe,</span> <span class='ocrx_word' id='word_1_316' title='bbox 691 2511 745 2552; x_wconf 76' lang='lat' dir='ltr'>qul</span> <span class='ocrx_word' id='word_1_317' title='bbox 763 2512 804 2543; x_wconf 89' lang='lat' dir='ltr'>ab</span> <span class='ocrx_word' id='word_1_318' title='bbox 832 2509 911 2542; x_wconf 68' lang='lat' dir='ltr'>laeva</span> <span class='ocrx_word' id='word_1_319' title='bbox 929 2522 1022 2542; x_wconf 80' lang='lat' dir='ltr'>aures</span> <span class='ocrx_word' id='word_1_320' title='bbox 1050 2510 1226 2546; x_wconf 84' lang='lat' dir='ltr'>accidebat,</span> <span class='ocrx_word' id='word_1_321' title='bbox 1249 2512 1364 2540; x_wconf 75' lang='lat' dir='ltr'>mixtum</span> <span class='ocrx_word' id='word_1_322' title='bbox 1376 2510 1561 2549; x_wconf 77' lang='lat' dir='ltr'>pugnantium</span> <span class='ocrx_word' id='word_1_323' title='bbox 1582 2519 1615 2537; x_wconf 85' lang='lat' dir='ltr'>ac</span> <span class='ocrx_word' id='word_1_324' title='bbox 1624 2515 1683 2549; x_wconf 81' lang='lat' dir='ltr'>pa·</span> 
     </span>
     <span class='ocr_line' id='line_1_41' title="bbox 384 2552 1682 2599; baseline -0.005 -11"><span class='ocrx_word' id='word_1_325' title='bbox 384 2561 507 2588; x_wconf 58' lang='grc' dir='ltr'><strong><em>ναίὴ-ω</em></strong></span> <span class='ocrx_word' id='word_1_326' title='bbox 510 2560 659 2598; x_wconf 77' lang='lat' dir='ltr'>fremitum</span> <span class='ocrx_word' id='word_1_327' title='bbox 676 2557 737 2599; x_wconf 75' lang='lat' dir='ltr'>effe.</span> <span class='ocrx_word' id='word_1_328' title='bbox 782 2557 837 2598; x_wconf 84' lang='lat'>(2)</span> <span class='ocrx_word' id='word_1_329' title='bbox 850 2558 917 2587; x_wconf 88' lang='lat' dir='ltr'>Nec</span> <span class='ocrx_word' id='word_1_330' title='bbox 926 2557 992 2597; x_wconf 83' lang='lat' dir='ltr'>jam</span> <span class='ocrx_word' id='word_1_331' title='bbox 1003 2554 1204 2587; x_wconf 88' lang='lat' dir='ltr'>deliberandi</span> <span class='ocrx_word' id='word_1_332' title='bbox 1221 2555 1329 2586; x_wconf 89' lang='lat' dir='ltr'>locum</span> <span class='ocrx_word' id='word_1_333' title='bbox 1345 2552 1409 2596; x_wconf 69' lang='lat' dir='ltr'>effe</span> <span class='ocrx_word' id='word_1_334' title='bbox 1419 2560 1573 2592; x_wconf 85' lang='lat' dir='ltr'>tanquam</span> <span class='ocrx_word' id='word_1_335' title='bbox 1590 2552 1631 2582; x_wconf 89' lang='lat' dir='ltr'>de</span> <span class='ocrx_word' id='word_1_336' title='bbox 1646 2560 1682 2582; x_wconf 86' lang='lat' dir='ltr'>re</span> 
     </span>
     <span class='ocr_line' id='line_1_42' title="bbox 384 2595 1681 2644; baseline -0.005 -12"><span class='ocrx_word' id='word_1_337' title='bbox 384 2601 553 2644; x_wconf 53' lang='lat' dir='ltr'>‘fintegriu</span> <span class='ocrx_word' id='word_1_338' title='bbox 598 2603 652 2643; x_wconf 79' lang='lat'>(3)</span> <span class='ocrx_word' id='word_1_339' title='bbox 679 2601 807 2643; x_wconf 82' lang='lat' dir='ltr'>Ingreffi</span> <span class='ocrx_word' id='word_1_340' title='bbox 834 2612 892 2643; x_wconf 79' lang='lat' dir='ltr'>per</span> <span class='ocrx_word' id='word_1_341' title='bbox 920 2611 989 2631; x_wconf 88' lang='lat' dir='ltr'>eam</span> <span class='ocrx_word' id='word_1_342' title='bbox 1016 2600 1104 2632; x_wconf 82' lang='lat' dir='ltr'>urbis</span> <span class='ocrx_word' id='word_1_343' title='bbox 1127 2607 1264 2642; x_wconf 84' lang='lat' dir='ltr'>partem,</span> <span class='ocrx_word' id='word_1_344' title='bbox 1287 2609 1358 2640; x_wconf 83' lang='lat' dir='ltr'>quae</span> <span class='ocrx_word' id='word_1_345' title='bbox 1375 2597 1523 2640; x_wconf 71' lang='lat' dir='ltr'>proxima</span> <span class='ocrx_word' id='word_1_346' title='bbox 1538 2595 1601 2627; x_wconf 81' lang='lat' dir='ltr'>fuit</span> <span class='ocrx_word' id='word_1_347' title='bbox 1626 2606 1681 2626; x_wconf 61' lang='lat' dir='ltr'>ve»</span> 
     </span>
     <span class='ocr_line' id='line_1_43' title="bbox 383 2640 1681 2685; baseline -0.004 -8"><span class='ocrx_word' id='word_1_348' title='bbox 383 2647 549 2681; x_wconf 82' lang='lat' dir='ltr'>nientibus</span> <span class='ocrx_word' id='word_1_349' title='bbox 578 2658 595 2677; x_wconf 86' lang='lat' dir='ltr'>a</span> <span class='ocrx_word' id='word_1_350' title='bbox 622 2646 736 2677; x_wconf 83' lang='lat' dir='ltr'>castris.</span> <span class='ocrx_word' id='word_1_351' title='bbox 783 2647 837 2685; x_wconf 83' lang='grc'>(4)</span> <span class='ocrx_word' id='word_1_352' title='bbox 864 2647 1025 2676; x_wconf 84' lang='lat' dir='ltr'>Numerus</span> <span class='ocrx_word' id='word_1_353' title='bbox 1057 2645 1212 2677; x_wconf 82' lang='lat' dir='ltr'>caesorum</span> <span class='ocrx_word' id='word_1_354' title='bbox 1237 2643 1333 2675; x_wconf 87' lang='lat' dir='ltr'>fidem</span> <span class='ocrx_word' id='word_1_355' title='bbox 1360 2643 1510 2684; x_wconf 79' lang='lat' dir='ltr'>superare</span> <span class='ocrx_word' id='word_1_356' title='bbox 1536 2640 1681 2672; x_wconf 61' lang='lat' dir='ltr'>videtur„</span> 
     </span>
     <span class='ocr_line' id='line_1_44' title="bbox 385 2684 1681 2735; baseline -0.006 -11"><span class='ocrx_word' id='word_1_357' title='bbox 385 2694 498 2735; x_wconf 85' lang='lat' dir='ltr'>Qum</span> <span class='ocrx_word' id='word_1_358' title='bbox 515 2691 600 2722; x_wconf 84' lang='lat' dir='ltr'>enim</span> <span class='ocrx_word' id='word_1_359' title='bbox 618 2690 809 2722; x_wconf 80' lang='lat' dir='ltr'>Samnitium</span> <span class='ocrx_word' id='word_1_360' title='bbox 826 2690 994 2727; x_wconf 83' lang='lat' dir='ltr'>exercitus,</span> <span class='ocrx_word' id='word_1_361' title='bbox 1009 2690 1064 2731; x_wconf 88' lang='lat' dir='ltr'>qui</span> <span class='ocrx_word' id='word_1_362' title='bbox 1088 2690 1128 2721; x_wconf 87' lang='lat' dir='ltr'>ad</span> <span class='ocrx_word' id='word_1_363' title='bbox 1141 2688 1354 2730; x_wconf 83' lang='lat' dir='ltr'>Aquiloniam</span> <span class='ocrx_word' id='word_1_364' title='bbox 1370 2685 1525 2722; x_wconf 86' lang='lat' dir='ltr'>consedit,</span> <span class='ocrx_word' id='word_1_365' title='bbox 1546 2684 1681 2726; x_wconf 85' lang='lat' dir='ltr'>triginta</span> 
     </span>
     <span class='ocr_line' id='line_1_45' title="bbox 384 2728 1681 2778; baseline -0.007 -10"><span class='ocrx_word' id='word_1_366' title='bbox 384 2738 486 2768; x_wconf 80' lang='lat' dir='ltr'>ferme</span> <span class='ocrx_word' id='word_1_367' title='bbox 504 2748 538 2767; x_wconf 85' lang='lat' dir='ltr'>ac</span> <span class='ocrx_word' id='word_1_368' title='bbox 556 2736 607 2766; x_wconf 83' lang='lat' dir='ltr'>sex</span> <span class='ocrx_word' id='word_1_369' title='bbox 626 2736 764 2767; x_wconf 73' lang='lat' dir='ltr'>millium</span> <span class='ocrx_word' id='word_1_370' title='bbox 786 2735 894 2772; x_wconf 84' lang='lat' dir='ltr'>fuerit,</span> <span class='ocrx_word' id='word_1_371' title='bbox 917 2742 953 2765; x_wconf 83' lang='lat' dir='ltr'>ut</span> <span class='ocrx_word' id='word_1_372' title='bbox 969 2734 1133 2776; x_wconf 84' lang='lat' dir='ltr'>colligitur</span> <span class='ocrx_word' id='word_1_373' title='bbox 1153 2745 1191 2765; x_wconf 87' lang='lat' dir='ltr'>ex</span> <span class='ocrx_word' id='word_1_374' title='bbox 1207 2745 1233 2765; x_wconf 88' lang='lat' dir='ltr'>c.</span> <span class='ocrx_word' id='word_1_375' title='bbox 1246 2733 1301 2773; x_wconf 85' lang='lat'>38.</span> <span class='ocrx_word' id='word_1_376' title='bbox 1317 2733 1394 2764; x_wconf 87' lang='lat' dir='ltr'>inde</span> <span class='ocrx_word' id='word_1_377' title='bbox 1417 2730 1500 2763; x_wconf 84' lang='lat' dir='ltr'>caefis</span> <span class='ocrx_word' id='word_1_378' title='bbox 1519 2740 1555 2761; x_wconf 88' lang='lat' dir='ltr'>ac</span> <span class='ocrx_word' id='word_1_379' title='bbox 1578 2728 1681 2778; x_wconf 75' lang='lat' dir='ltr'>captis</span> 
     </span>
     <span class='ocr_line' id='line_1_46' title="bbox 386 2773 1680 2824; baseline -0.008 -8"><span class='ocrx_word' id='word_1_380' title='bbox 386 2781 544 2821; x_wconf 66' lang='lat' dir='ltr'>deductis,</span> <span class='ocrx_word' id='word_1_381' title='bbox 565 2781 620 2813; x_wconf 82' lang='lat' dir='ltr'>vix</span> <span class='ocrx_word' id='word_1_382' title='bbox 632 2784 698 2814; x_wconf 78' lang='lat' dir='ltr'>duo</span> <span class='ocrx_word' id='word_1_383' title='bbox 716 2780 817 2814; x_wconf 81' lang='lat' dir='ltr'>millia</span> <span class='ocrx_word' id='word_1_384' title='bbox 833 2779 1014 2814; x_wconf 71' lang='lat' dir='ltr'>evafiffent:</span> <span class='ocrx_word' id='word_1_385' title='bbox 1041 2781 1074 2814; x_wconf 75' lang='grc' dir='ltr'>δε</span> <span class='ocrx_word' id='word_1_386' title='bbox 1090 2787 1197 2813; x_wconf 85' lang='lat' dir='ltr'>tamen</span> <span class='ocrx_word' id='word_1_387' title='bbox 1213 2788 1280 2813; x_wconf 83' lang='lat' dir='ltr'>nou</span> <span class='ocrx_word' id='word_1_388' title='bbox 1297 2777 1424 2811; x_wconf 71' lang='lat' dir='ltr'>tantum</span> <span class='ocrx_word' id='word_1_389' title='bbox 1440 2782 1519 2824; x_wconf 41' lang='lat' dir='ltr'>ante·</span> <span class='ocrx_word' id='word_1_390' title='bbox 1530 2773 1680 2815; x_wconf 75' lang='lat' dir='ltr'>proellum</span> 
     </span>
    </p>

    <p class='ocr_par' dir='ltr' id='par_1_8' title="bbox 1510 2825 1678 2863">
     <span class='ocr_line' id='line_1_47' title="bbox 1510 2825 1678 2863; baseline 0.012 -13"><span class='ocrx_word' id='word_1_391' title='bbox 1510 2825 1678 2863; x_wconf 57' lang='lat' dir='ltr'>inceptum</span> 
     </span>
    </p>
   </div>
   <div class='ocr_carea' id='block_1_6' title="bbox 1813 451 1853 2784">
    <p class='ocr_par' dir='ltr' id='par_1_9' title="bbox 1813 451 1853 2784">
     <span class='ocr_line' id='line_1_48' title="bbox 1813 451 1853 2784; baseline 0 0"><span class='ocrx_word' id='word_1_392' title='bbox 1813 451 1853 2784; x_wconf 95' lang='lat' dir='ltr'> </span> 
     </span>
    </p>
   </div>
  </div>
 </body>
</html>
