1853 3158
313 632 348 707 1
581 629 664 704 N

894 628 976 704 D

1208 628 1280 703 E
1507 627 1589 703 X

199 853 398 907 Rerum
450 856 501 906 δε
545 851 889 912 locutionum,
929 868 1108 902 earum
1160 849 1423 919 praecipu&
1470 868 1591 920 quae
1635 849 1692 902 in

301 928 438 979 notis
466 925 789 996 explicantur
813 923 896 976 vel
924 934 1196 992 utcunque
1225 921 1562 974 illustrantur.

658 1107 834 1150 Numeri
863 1107 1028 1163 paginas
1050 1105 1242 1147 indicant.

564 1281 1376 1307 ——--—-———-———-—

521 1427 575 1466 A.

207 1547 268 1606 A,
299 1564 394 1597 nota
415 1553 687 1596 absolutionis.
714 1562 809 1606 317.

204 1615 260 1662 A,
308 1615 367 1661 ab,
418 1612 656 1666 praepofitio.
708 1610 750 1649 A
782 1608 917 1660 primo.

268 1684 360 1724 135.
396 1668 654 1723 distinguitur
675 1666 725 1706 ab
756 1680 786 1704 e.
820 1676 915 1705 212.

258 1729 304 1766 ab
332 1728 446 1779 porta*
482 1726 698 1780 Esquilina,
730 1735 822 1776 pro,
857 1733 920 1759 re-

258 1784 378 1838 gione
405 1792 531 1837 portae
561 1781 791 1835 Esquilinae.
822 1790 918 1830 247.

259 1841 322 1879 Ab
352 1841 486 1880 Arded
501 1841 626 1893 legati,
678 1851 769 1891 pro,
800 1834 921 1889 legati

261 1898 472 1937 Ardeates.
510 1897 605 1937 266.
640 1908 713 1949 pro
742 1902 920 1946 propter.

262 1968 359 2007 301.
380 1968 426 2008 31
442 1968 474 1993 1.
495 1967 593 2006 403.
612 1951 807 2004 Aproelio.
827 1962 925 1999 400.

200 2011 422 2050 Abhorrere.
439 2011 636 2050 abhorrens
642 2009 811 2064 famam.
830 2021 851 2060 3
863 2019 877 2044 1
889 2018 926 2057 7.

204 2069 322 2107 Abire
367 2070 405 2107 in
456 2084 520 2107 ora
566 2067 764 2106 hominum.
824 2076 898 2117 131
916 2091 926 2100 .

261 2126 380 2164 Abire
420 2128 458 2164 in
500 2124 652 2163 vulnus.
702 2136 794 2172 144.
835 2121 926 2160 abiit

247 2182 360 2235 fides.
391 2196 405 2222 1
417 2195 482 2236 79.
498 2183 599 2221 abire
612 2179 876 2234 consulatu-'23
886 2189 923 2229 5.

205 2239 419 2279 Ablativus
461 2239 588 2278 tertiae
645 2234 926 2275 declinationis

262 2296 304 2333 in
325 2298 351 2334 i.
377 2300 471 2349 308.
506 2294 685 2334 Ablativi
703 2292 796 2333 usus
813 2292 925 2346 :stix-

262 2367 324 2391 um
346 2368 440 2405 (equo
459 2354 559 2406 ascen
577 2367 613 2391 u.
637 2364 735 2401 401.

205 2410 400 2462 Ablegare.
427 2422 492 2462 54.

206 2465 539 2519 Abrogarefidem.
569 2479 583 2504 1
597 2468 662 2517 85.

205 2523 379 2576 Alsentes
404 2525 518 2561 creati
549 2520 797 2575 maggstratus.
825 2532 919 2573 314.

297 2592 362 2619 21·

206 2593 396 2691 Aljlitzere
416 2636 535 2688 aliquo
556 2637 628 2689 jus
656 2635 747 2673 belli.
775 2646 811 2687 7.
845 2634 922 2673 Ab·

247 2693 390 2746 stinere
410 2695 580 2745 aliquem.
612 2706 624 2731 1
640 2705 652 2730 1
667 2706 702 2743 3.

977 1437 1195 1478 Abundare.
1222 1439 1318 1491 385¹.

977 1496 1050 1534 Ac.
1074 1508 1157 1533 non
1189 1494 1403 1534 adhibetur
1425 1502 1517 1534 ante
1537 1509 1655 1539 voces
1673 1508 1697 1538 a

1034 1552 1163 1591 vocali
1185 1551 1436 1605 incipientes.
1461 1555 1553 1606 185.

978 1607 1139 1661 Aeceaefi.
1158 1609 1226 1662 63.
1251 1621 1347 1662 205.

976 1666 1167 1705 Accidere.
1189 1666 1361 1705 accidunt
1385 1666 1470 1704 tela.
1499 1679 1593 1720 149.

977 1723 1154 1774 Accipere
1174 1724 1213 1761 in
1233 1724 1406 1766 cervices.
1421 1735 1517 1777 273.
1549 1724 1699 1776 Accipit

1037 1780 1165 1819 Deum
1186 1779 1286 1820 aedes.
1307 1781 1402 1833 368.

981 1837 1248 1876 Accusativus
1296 1850 1370 1889 pro
1425 1836 1691 1877 nominativo.

1050 1896 1141 1947 158.
1168 1893 1393 1948 Subjicitur
1433 1894 1698 1935 nominativo.

1052 1964 1072 2003 3
1085 1964 1098 1989 1
1111 1964 1148 2004 3.

984 2007 1185 2060 Ἀχςηςῶ).
1212 2019 1306 2060 205.

987 2064 1234 2118 Acqziiescere.
1271 2065 1461 2119 acquiescit
1493 2079 1552 2104 res
1576 2064 1703 2121 fami-

1043 2122 1164 2160 liaris.
1185 2122 1281 2174 336.

984 2178 1107 2218 Αᾶὶο.
1131 2190 1224 2227 124.
1251 2191 1344 2231 191.
1364 2190 1459 2232 372.

984 2235 1064 2284 Ad,
1073 2245 1145 2288 pro
1165 2235 1275 2287 apud.
1301 2249 1363 2274 10.
1379 2235 1704 2289 subintelligitur.

1049 2304 1141 2345 137.
1172 2292 1264 2342 146.
1285 2291 1354 2330 Ad
1365 2301 1582 2331 extremum.
1611 2305 1702 2345 194.

1042 2363 1115 2402 pro
1137 2358 1295 2401 praeter.
1317 2353 1411 2389 218.
1430 2364 1503 2402 pro
1517 2349 1582 2388 ob.
1609 2353 1705 2390 280.

1041 2419 1114 2459 pro
1132 2405 1304 2445 circiter.
1324 2419 1419 2459 335.
1434 2406 1504 2445 Ad
1517 2406 1703 2445 ultimum.

1043 2477 1064 2517 3
1074 2476 1139 2516 53.
1172 2463 1242 2501 Ad
1251 2463 1390 2515 plebem
1411 2464 1583 2503 crimina.
1609 2464 1706 2516 367.

1040 2529 1252 2572 repetitur.
1271 2532 1367 2569 402.

984 2574 1163 2629 Αίῖιεῳιέ.
1190 2591 1210 2629 3
1226 2589 1288 2631 15.

985 2632 1225 2688 Adclarsffs,
1259 2647 1331 2688 pro
1345 2631 1619 2675 adclaraveris.
1638 2644 1706 2684 30.

1553 2688 1707 2728 Addere
