1832 3137
452 273 739 318 LIBER
801 273 835 313 I.
900 272 1083 318 GAP.
1145 271 1342 313 XXXIII.

233 388 355 430 modo
376 388 423 428 ab
437 388 592 428 Latinis
617 387 796 440 repetitae
817 400 895 435 res,
926 401 970 427 ac
1010 386 1161 426 bellum
1189 386 1418 426 indietum:
1449 397 1535 424 mo-

235 460 400 498 remque
421 459 515 484 eum
536 444 682 497 posteri
703 453 957 496 acceperunt.

290 502 489 541 XXXIII.
553 502 709 548 Ancus,
741 501 979 539 demandata
1007 501 1102 539 cur&
1130 500 1331 539 sacrorum
1364 498 1534 537 flamini-

231 558 306 599 bus
327 557 674 610 sacerdotibusque
695 557 796 605 aliis,
826 557 1004 595 exercitu
1038 571 1142 596 novo
1169 556 1411 608 conscripto,
1443 569 1535 608 pro-

231 615 382 665 fedius,
413 615 653 655 Politorium
682 613 823 652 urbem
851 613 1106 660 Latinorum,
1138 614 1176 651 vi
1198 613 1329 665 cepit,
1361 611 1536 651 secutus-

232 686 310 724 que
333 685 488 711 morem
509 684 651 724 regum
673 671 868 723 priorum,
886 670 955 721 qui
972 683 1057 708 rem
1075 670 1304 708 Romanam
1327 678 1535 716 auxerant,

230 728 413 768 hostibus
439 729 480 766 in
516 728 720 766 civitatem
750 726 1008 779 accipiendis,
1041 725 1342 764 multitudinem
1371 739 1535 764 omnem

232 784 410 824 Romam
446 784 635 824 traduxit.
672 786 727 831 Sc,
760 797 888 836 quum
925 785 985 835 (1)
1022 782 1127 821 circa
1159 782 1371 831 Palatium,
1403 781 1537 821 sedem

226 850 409 880 veterum
446 841 747 889 Romanorum,
778 839 917 880 Sabini
949 838 1196 891 Capitolium
1232 847 1350 890 atque
1387 852 1537 888 arcem,

229 895 412 938 Coelium
446 907 628 936 montem
660 897 809 936 Albani
849 896 1098 949 impleffe11t3
1133 895 1383 934 Aventinum
1424 908 1537 935 novae

229 954 480 994 multitudini
516 955 668 993 datum.
701 953 825 993 additi
858 951 1003 992 eodem
1035 952 1144 991 haud
1179 952 1233 990 ita
1269 953 1397 990 multo
1432 952 1536 1004 post,

228 1010 409 1050 Tellenis
438 1011 667 1064 Ficanaque
696 1010 837 1063 captis,
869 1009 963 1049 novi
994 1009 1110 1048 cives.
1176 1008 1414 1048 Politorium
1444 1009 1536 1048 inde

231 1067 366 1107 rursus
386 1067 491 1107 bello
512 1068 744 1121 repetitum,
776 1068 886 1119 quod
905 1080 1078 1106 vacuum
1100 1074 1393 1118 occupaverant
1421 1065 1537 1117 prisci

231 1124 380 1164 Latini.
411 1139 537 1177 eaque
570 1125 700 1163 cauffa
731 1124 938 1163 diruendae
960 1123 1069 1162 urbis
1097 1124 1184 1177 ejus
1206 1122 1285 1161 fuit
1319 1122 1538 1173 Romania,

231 1194 282 1220 ne
303 1181 479 1220 hostium
502 1181 655 1234 semper
677 1182 976 1234 receptaculum
1000 1180 1104 1219 effet.
1164 1177 1392 1227 Postremo,
1424 1180 1537 1217 omni

231 1236 337 1277 bello
359 1238 505 1277 Latino
527 1238 769 1277 Medulliam
804 1236 1025 1291 compulso,
1058 1236 1306 1288 aliquamdiu
1335 1235 1389 1274 ibi
1411 1245 1536 1274 marte

232 1294 402 1343 incerto,
433 1295 540 1335 varia
572 1298 637 1348 (2)
670 1295 854 1342 victoria,
884 1303 1109 1348 pugnatum
1138 1293 1218 1331 est:
1250 1306 1343 1330 nam
1376 1302 1414 1330 et
1442 1291 1537 1332 urbs

231 1359 318 1390 tuta
344 1352 651 1399 munitionibus,
684 1352 944 1404 praefidioque
981 1350 1136 1388 firmata
1168 1350 1300 1388 valido
1334 1358 1442 1395 erat,
1480 1351 1536 1398 81,

232 1408 368 1448 castris
400 1409 442 1447 in
473 1419 610 1461 aperto
632 1409 780 1460 positis,
813 1407 1023 1459 aliquoties
1052 1406 1250 1445 exercitus
1278 1406 1447 1444 Latinus
1469 1420 1535 1444 co-

232 1465 367 1504 minus
407 1479 501 1505 cum
543 1466 742 1504 Romanis
771 1465 877 1518 signa
915 1464 1151 1503 contulerat
1225 1463 1292 1501 Ad
1330 1463 1472 1501 ultimu
1478 1476 1536 1510 n,

232 1521 422 1561 omnibus
442 1522 567 1575 copiis
589 1521 790 1569 connisus,
825 1523 964 1560 Ancus
1000 1520 1082 1558 acie
1105 1522 1165 1571 (3)
1188 1516 1366 1571 primum
1389 1519 1535 1558 vincit:

229 1577 339 1627 inde,
372 1579 525 1632 ingenti
553 1579 687 1631 praeda
707 1578 873 1630 potitus,
910 1578 1087 1615 Romam
1110 1576 1226 1623 redit,
1259 1585 1345 1613 tum
1373 1589 1535 1628 quoque

229 1635 368 1674 multis
391 1635 567 1674 millibus
588 1635 827 1673 Latinorum
849 1634 890 1672 in
912 1634 1114 1672 civitatem
1137 1632 1308 1684 acceptis
1327 1649 1338 1679 ς
1373 1632 1536 1684 quibus,

230 1700 275 1730 ut
303 1692 542 1745 jungeretur
570 1691 722 1732 Palatio
755 1691 1022 1738 Aventinum,
1055 1690 1104 1727 ad
1140 1691 1181 1741 (4
1188 1690 1403 1741 >1Murcize
1435 1690 1482 1727 dc.
1487 1699 1537 1727 ‘se

231 1747 355 1788 sedes.
413 1748 648 1800 Janiculum
684 1761 847 1800 quoque
883 1747 1116 1800 adjeCmm,
1149 1759 1230 1783 non
1268 1745 1402 1798 inopia
1444 1746 1534 1793 loci,

232 1803 299 1843 sed
321 1819 370 1844 ne
390 1806 551 1869 quando
573 1819 619 1844 ea
640 1819 709 1843 arx
731 1804 908 1843 hostium
930 1804 1035 1842 esset.
1069 1803 1109 1841 id
1130 1816 1209 1840 non
1237 1816 1276 1840 n
1281 1816 1305 1840 u
1310 1816 1353 1841 ro
1383 1806 1443 1856 (5)
1477 1803 1536 1841 so-

232 1859 333 1909 lum,
381 1861 445 1901 sed
487 1862 624 1911 etiam,
668 1861 720 1900 ob
760 1860 1089 1900 commoditatem
1121 1859 1288 1907 itineris,
1321 1869 1442 1911 ponte
1476 1861 1536 1913 (6)

231 1916 411 1967 sublicio,
454 1928 542 1957 tum
582 1917 761 1972 primum
801 1918 841 1955 in
877 1917 1017 1956 Tiberi
1048 1915 1173 1964 saeco,
1217 1917 1410 1970 conjungi
1448 1916 1536 1955 urbi

232 1975 394 2027 placuit.
458 1976 683 2032 Qiritium
719 1988 881 2028 quoque
917 1974 1029 2022 foffa,
1059 1972 1167 2012 haud
1201 1987 1369 2026 parvum
1403 1973 1535 2012 muni-

279 2091 315 2122 C.
333 2100 383 2129 33.
405 2090 460 2132 (1)
485 2092 596 2133 Qium
613 2090 683 2121 loca
701 2090 785 2121 circa
804 2092 845 2120 Pp
841 2089 975 2126 latium,
998 2089 1103 2120 sedem
1128 2096 1275 2119 veterum
1303 2090 1425 2118 Roma}-
1422 2098 1468 2117 Μ)
1470 2099 1535 2125 nm,

231 2134 297 2174 jam
314 2134 447 2176 impleta
474 2135 592 2171 essent3
617 2134 828 2176 Capitolium,
852 2145 980 2175 nempe,
1002 2145 1020 2164 a
1048 2133 1194 2169 Sabinis;
1220 2132 1338 2163 Coelius
1366 2143 1469 2169 mons,
1492 2133 1533 2162 ab

233 2179 379 2209 Albanis.
402 2180 456 2220 (2)
471 2181 551 2210 Haec
563 2179 662 2210 verba
678 2178 828 2220 glosserna
841 2178 1051 2209 librariorum
1069 2176 1263 2218 pronunciat
1282 2177 1463 2207 Cievsieriu
1476 2190 1480 2205 z
1501 2185 1533 2207 at

233 2223 358 2254 codices
375 2224 418 2254 nil
437 2231 577 2254 mutant
625 2225 665 2254 Et
679 2223 810 2263 quidem
824 2224 905 2263 laepe
921 2226 1021 2254 ἰηιενῑο
1040 2224 1146 2252 Marte
1166 2229 1340 2262 pugnatur,
1355 2231 1413 2251 nec
1428 2228 1533 2250 tamen

232 2268 319 2297 ωανῐᾶ
329 2270 416 2298 ‘nimo
417 2268 465 2299 ³15.
481 2269 557 2298 Non
571 2268 643 2297 lunt
661 2278 737 2308 ergo
749 2267 924 2310 synonima.
939 2269 973 2297 E.
990 2266 1045 2308 (3)
1059 2265 1230 2308 Dionysius
1242 2273 1369 2305 captam
1387 2265 1427 2294 ab
1438 2267 1534 2295 Anco

235 2311 431 2342 Medulliam
447 2312 575 2343 scribit.
597 2313 628 2341 &
640 2311 692 2342 h1c
706 2300 851 2342 excidisse
863 2311 1016 2342 videntur
1033 2321 1126 2341 voces
1139 2309 1313 2344 nonnullae
1328 2320 1369 2349 qu
1362 2309 1427 2338 ibi.
1420 2319 1444 2338 s
1461 2320 1534 2348 cap·

233 2363 300 2386 tam
317 2367 387 2387 eam
410 2356 447 2386 L
441 2356 523 2387 wius
539 2356 779 2397 significaverat.
825 2356 880 2396 (4)
907 2355 1001 2387 Circa
1025 2358 1077 2385 aede
1068 2367 1104 2384 m
1122 2353 1257 2384 Veneris
1286 2355 1325 2383 M
1329 2353 1433 2383 urciae.
1482 2353 1536 2382 El—

231 2400 706 2441 lipfisufitatiffima.M1rcia
730 2399 792 2430 five
818 2402 952 2437 Ilsurtit,
974 2399 1061 2439 quasi
1079 2400 1211 2451 IWyrt'ez.
1257 2397 1341 2428 Plin.
1359 2407 1407 2435 15.
1428 2406 1478 2436 29.
1503 2398 1534 2426 δε

235 2446 281 2475 Pl·
278 2453 320 2474 η.
335 2445 368 2474 in
385 2444 470 2474 libro
488 2458 542 2474 ’των
559 2458 590 2474 κε
594 2452 734 2483 (vannum.
780 2444 834 2484 (5)
861 2444 1125 2475 Subaudiendum
1149 2456 1180 2471 [11
1162 2446 1229 2483 '7gi‚
1252 2450 1307 2472 aut
1330 2441 1408 2481 qnid
1427 2441 1490 2470 fimi
1494 2441 1534 2471 le

235 2491 310 2520 Non
324 2489 410 2518 enim
426 2489 546 2519 constat
558 2488 741 2530 Janiculuin
759 2490 871 2518 Romae
884 2499 979 2518 muro
993 2488 1204 2528 conjunctum
1219 2486 1319 2521 fuiffe,
1343 2493 1377 2515 ut
1396 2485 1531 2515 Piiaeum

234 2533 380 2564 Athenis.
427 2533 646 2563 Referendum
662 2532 704 2563 est
721 2534 762 2562 ad
784 2532 864 2562 illud
893 2544 991 2573 genus
1005 2531 1170 2572 Ellipleos‚
1192 2541 1292 2570 quum
1315 2530 1355 2570 pl
1353 2529 1462 2559 uibus
1478 2540 1534 2559 no·-

233 2578 374 2608 minibus
392 2585 518 2608 tantum
536 2587 635 2607 unum
652 2576 790 2607 verbum
807 2576 996 2616 apponitur,
1012 2576 1114 2606 altero
1127 2574 1299 2615 suppreffo.
1348 2574 1440 2613 (6)Ξ
1444 2582 1487 2603 2
1506 2588 1533 2602 ν

235 2630 360 2663 ’γεφυραν
377 2629 495 2652 vocant
510 2619 626 2652 Graeci.
676 2622 789 2651 Sublicae
814 2621 886 2651 sunt
913 2620 1049 2651 trabes
1042 2631 1075 2651 m
1093 2630 1210 2660 aquam
1226 2619 1345 2655 defixae,
1369 2619 1409 2648 ad
1428 2618 1533 2658 pontis

231 2665 509 2698 construetionem.

862 2707 896 2747 E
921 2719 942 2747 2
1348 2714 1529 2743 mentum

1701 282 1753 327 51

1552 513 1661 544 Bellum
1676 526 1734 547 cum

1552 560 1639 589 Latin
1644 561 1675 590 is,

1556 915 1714 948 Aventinus

1557 975 1627 993 mons
1642 962 1756 990 additus,

1590 1741 1641 1757 7711
1628 1729 1702 1758 κτὼ
1696 1740 1720 1757 n

1554 1775 1635 1802 urbi
1633 1786 1668 1802 ’1-ε1
1684 1785 1731 1803 mc

1553 1824 1616 1847 tum
