1832 3137
411 278 694 323 LIBER
755 280 807 319 II.
869 281 1049 322 CAP.
1109 283 1198 324 LII.

165 410 272 437 nare.
295 396 387 437 inde
403 395 476 435 fufi
491 395 638 449 magna
653 396 760 435 caede
774 396 818 435 in
832 396 1061 448 Janiculum
1075 397 1111 437 se
1133 412 1236 452 aegre
1251 413 1448 453 recepere.

168 454 388 494 Confestim
410 453 546 497 consul
559 456 605 493 3&
626 452 708 506 ipse
723 454 859 492 transit
877 454 1074 503 Tiberim,
1107 450 1229 495 castra
1252 456 1320 496 sub
1340 459 1450 509 jani-

165 514 257 551 culo
274 510 509 551 communit.
532 509 687 563 postero
707 511 786 562 die,
818 511 906 550 luce
920 511 1019 560 orta,
1048 513 1229 552 nonnihil
1249 517 1288 554 δε
1303 514 1450 555 hester-

165 570 216 608 na
245 569 432 610 felicitate
468 574 614 622 pugnae
646 566 776 617 ferox,
822 569 947 622 magis
978 579 1127 619 tamen,
1173 568 1283 622 quod
1317 572 1449 625 inopia.

164 625 371 675 frumenti,
403 628 464 679 (8)
482 624 663 678 quamvis
680 625 720 663 in
737 625 972 678 praecipitia,
995 627 1091 665 dum
1108 627 1295 667 celeriora
1312 629 1450 676 effent⁹

166 683 304 738 agebat
321 683 495 732 consilia,
516 692 665 721 temere
680 681 840 721 adverso
862 683 1045 734 Janiculo
1067 685 1115 722 ad
1138 684 1259 725 castra
1276 685 1449 725 hostium

164 740 290 779 aciem
319 740 459 789 erexit,
491 738 718 792 foediusque
740 739 831 778 inde
853 739 1003 792 pulsus,
1035 740 1156 792 quam
1178 742 1302 793 pridie
1326 758 1445 795 pepu-

163 798 275 846 lerat,
307 798 535 837 interventu
556 798 721 850 collegae
742 797 822 849 ipse
852 797 1126 849 exercitusque
1148 799 1233 851 ejus
1250 799 1305 837 est
1325 800 1450 839 serva.a

163 864 239 897 vus.
276 855 379 894 inter
414 856 513 895 duas
535 855 638 894 acies
670 854 838 902 Etrusci,
871 869 997 907 quum
1019 855 1059 893 in
1093 855 1220 894 vicem
1249 855 1310 894 his
1332 868 1448 909 atque

163 912 239 952 illis
256 921 365 967 terga
386 914 541 961 darent,
573 912 780 952 occidione
801 912 932 952 occisi.
975 913 1034 954 Ita
1049 913 1275 965 ‚oppress'um
1292 915 1446 953 temeri-

162 979 242 1009 tate
259 969 366 1010 felici
385 971 536 1024 Vejens
556 969 721 1009 bellum.

218 1027 309 1066 LII.
341 1027 449 1068 Urbi
470 1042 564 1067 cum
586 1041 682 1081 pace
704 1027 829 1067 laxior
845 1028 966 1069 etiam
988 1042 1143 1067 annona
1166 1028 1296 1076 rediit,
1322 1031 1357 1069 Sc
1383 1031 1449 1068 ad-

162 1085 279 1124 vecto
312 1099 360 1124 ex
388 1085 609 1139 Campania
641 1085 861 1134 frumento,
894 1088 951 1136 ὅτ,
984 1086 1192 1138 postquam
1227 1086 1347 1125 timor
1383 1087 1448 1127 fibi

161 1143 308 1195 cuique
342 1142 490 1182 futurae
523 1143 670 1196 inopiae
704 1142 813 1191 abiit,
854 1157 917 1190 eo,
949 1144 1057 1196 quod
1088 1143 1268 1182 abditum
1306 1143 1450 1191 fuerat,

160 1202 327 1253 prolato.
388 1201 448 1254 Ex
470 1199 585 1253 copia
604 1200 747 1242 deinde
768 1200 930 1252 otioque
947 1200 1124 1240 lascivire
1145 1200 1278 1240 rursus
1298 1201 1449 1246 animi;

162 1260 203 1297 &
225 1258 387 1311 pristina
419 1259 539 1308 mala,
570 1257 780 1312 postquam
800 1257 897 1298 foris
918 1258 1096 1307 deerant,
1127 1259 1235 1296 domi
1256 1272 1445 1310 quaerere.

159 1314 309 1354 tribuni
326 1315 483 1369 plebem
508 1316 656 1370 agitare
679 1315 747 1354 suo
764 1329 932 1363 veneno,
953 1315 1103 1368 agraria
1117 1315 1202 1368 lege
1220 1331 1232 1362 3
1265 1316 1305 1353 in
1325 1315 1448 1354 resist-

159 1382 272 1412 entes
293 1373 458 1414 incitare
475 1374 626 1421 Patres,
658 1387 730 1412 nec
760 1373 801 1410 in
826 1371 1026 1411 universos
1057 1372 1199 1421 modo,
1231 1371 1352 1411 sedin
1375 1373 1447 1410 lin-

158 1431 288 1483 gulos.
349 1430 637 1487 QConfidius
662 1432 698 1470 &
726 1429 777 1468 T.
811 1429 1038 1478 Genucius,
1069 1428 1253 1469 aneto-res
1285 1429 1449 1483 agrariae

159 1487 275 1542 legis,
292 1487 347 1527 Τ.
370 1487 563 1527 Menenio
581 1487 687 1526 diem
704 1487 856 1527 dicunt.
879 1486 1038 1526 invidiae
1051 1495 1134 1525 erat
1155 1486 1335 1525 amiffum
1350 1487 1450 1526 Cre-

159 1546 281 1587 merae
308 1545 550 1598 praefidium‚
581 1558 708 1597 quum
729 1544 836 1583 haud
873 1545 1011 1597 procul
1032 1543 1124 1582 inde
1154 1543 1290 1582 stativa
1312 1542 1449 1582 consul

157 1601 363 1642 habuisset.
425 1605 487 1656 (1)
517 1602 622 1641 Eum
639 1601 924 1654 opprefferunt.
966 1600 1108 1657 Quum
1134 1603 1170 1640 &
1187 1600 1324 1640 Patres
1339 1599 1447 1642 haud

158 1658 311 1709 minus,
333 1658 456 1712 quam
470 1673 541 1712 pro
556 1658 786 1707 Coriolano,
806 1658 928 1696 annisi
949 1658 1085 1705 effent,
1110 1660 1149 1697 &
1163 1658 1285 1710 patris
1301 1657 1449 1712 Agrip*

157 1731 220 1771 pae
241 1717 353 1757 favor
373 1716 481 1756 haud
518 1717 616 1755 dum
634 1715 882 1763 exoleviffet3
913 1715 954 1754 in
991 1713 1144 1753 mulfiffi
1176 1724 1449 1767 temperarunt

158 1774 321 1814 tribuni.
359 1788 486 1827 quum
523 1777 584 1827 (2)
619 1772 758 1825 capitis
790 1771 1054 1824 anquififfent‚
1087 1772 1166 1811 duo
1203 1771 1325 1810 mill-ia
1361 1772 1450 1811 aeris

158 1833 348 1871 damnato
370 1831 565 1871 muletam
582 1831 781 1871 dixerunt.
819 1832 880 1883 (3)
914 1829 1016 1868 eain
1038 1839 1158 1885 caput
1176 1830 1305 1868 vertit.
1365 1829 1449 1867 Ne-

158 1899 255 1943 gant
291 1889 416 1929 tuliffe
450 1887 713 1943 ignominiam
751 1886 1137 1941 aegritudinemque:
1178 1886 1272 1928 inde
1309 1886 1449 1925 morbo

158 1947 414 2001 absumptum
431 1947 518 1986 esse.
582 1945 698 1985 Alius
713 1945 855 1984 deinde
873 1958 963 1982 reus
980 1944 1049 1996 Sp.
1066 1943 1270 1992 Servilius,
1293 1954 1337 1982 ut
1354 1957 1449 1983 con-

158 2004 287 2045 sulatu
324 2005 433 2053 abiit,
466 2004 513 2044 C.
545 2003 698 2043 Nautio
722 2005 762 2043 ὅτ
783 2001 828 2040 Ρ.
868 2001 1031 2041 Valerio
1063 2000 1303 2049 consulibus,
1335 2001 1448 2039 init10

160 2062 291 2102 statim
314 2063 425 2113 anni,
447 2062 495 2101 ab
516 2062 564 2100 L.
580 2060 756 2101 Caedicio
781 2062 820 2099 ἃ
837 2059 888 2097 T.
903 2058 1032 2098 Statio
1052 2057 1222 2099 tribunis
1238 2058 1301 2097 die
1323 2057 1447 2109 dicia,

158 2134 255 2170 non,
287 2130 332 2159 ut
366 2119 603 2169 Menenius,
636 2117 819 2171 precibus
840 2115 918 2155 suis
955 2125 1023 2154 aut
1055 2116 1235 2163 Patrum‚
1267 2115 1331 2154 sed
1354 2129 1447 2154 cum

159 2178 285 2218 multa
307 2176 455 2218 fiducia
476 2175 715 2216 innocentiae
747 2175 980 2228 graffiaeque,
1011 2172 1245 2211 tribunicios
1274 2172 1447 2225 impetus

160 2236 263 2275 tulit.
324 2236 375 2275 Et
402 2234 496 2275 huic
525 2233 715 2287 proelium
743 2245 837 2276 cum
858 2230 1001 2271 Tuscis
1034 2231 1082 2269 ad
1113 2230 1342 2281 Janieulum
1364 2239 1446 2268 erat

159 2293 331 2335 crimini.
352 2292 418 2332 sed
435 2292 576 2333 fervidi
594 2289 716 2330 animi
736 2289 810 2337 vir,
842 2300 885 2329 ut
906 2288 946 2327 in
968 2287 1128 2341 publico
1149 2287 1325 2341 periculo
1339 2285 1446 2335 ante,

1397 2344 1445 2382 fic

161 2474 251 2500 erant
277 2466 374 2507 qufim
392 2465 490 2502 Fabii,
514 2476 553 2498 eo
581 2465 683 2507 major
700 2465 797 2496 caedes
823 2465 894 2496 fuit.
939 2462 992 2505 (8)
1018 2462 1129 2504 Inopia
1158 2459 1310 2492 frumenti
1335 2459 1447 2501 agebat

160 2524 234 2544 eum
250 2511 283 2542 in
301 2510 438 2546 consilia,
464 2510 669 2551 quantumvis
687 2509 875 2551 praecipitia,
897 2508 1072 2539 dummodo
1089 2507 1240 2538 celeriora
1257 2505 1360 2536 effent.

206 2578 242 2607 C.
260 2585 310 2614 52.
334 2575 388 2615 (1)
413 2573 598 2605 Gronovius
614 2572 674 2614 legi
687 2573 769 2610 vult,
790 2586 822 2603 ea
834 2572 969 2614 apprfft,
984 2581 1098 2612 nempe
1114 2569 1233 2599 invidia
1250 2565 1447 2598 Menenium.

158 2622 256 2653 Certe
274 2619 382 2660 scripti
399 2620 531 2660 quidam
547 2618 666 2649 habent
683 2619 817 2660 opprfft.
864 2619 968 2647 Porro
979 2623 1052 2647 ante
1071 2613 1273 2645 Gronovium
1290 2613 1333 2642 im
1343 2611 1447 2653 distinf

161 2666 330 2707 guebatur‚
344 2678 402 2694 eum
419 2664 618 2706 oppreffirunt;
645 2662 939 2704 quum......exoleviffi’t.
972 2663 1007 2690 In
1024 2659 1123 2690 mulffl
1138 2665 1322 2699 temperarunt
1339 2658 1447 2685 trabas-21¹.

162 2712 228 2743 Nec
242 2709 330 2741 male.
376 2709 431 2751 (2)
457 2710 562 2750 Capitis
578 2710 733 2750 anquirere,
756 2707 797 2739 est
814 2707 903 2738 litem
927 2704 1096 2755 capitalem
1110 2703 1283 2753 intendere.
1329 2702 1361 2773 {1}
1369 2700 1448 2773 {z

1364 2754 1383 2773 u
1398 2755 1415 2781 e

1596 303 1670 343 ¹51

1467 1929 1508 1958 U.
1527 1937 1627 1968 c.279„

1412 2001 1418 2007 ,
1466 1975 1505 2002 A.
1520 1973 1554 2003 C.
1571 1982 1644 2010 473.

1467 2018 1501 2047 C.
1518 2018 1549 2046 Ν
1551 2017 1648 2048 autio„

1466 2063 1499 2091 P.
1512 2061 1641 2091 Valerio

1467 2104 1545 2136 Coss.
