1905 3168
280 982 309 1032 ψ

200 1149 284 1180 Gabii
294 1150 402 1189 recepti.

207 1427 380 1469 AEdfficalur

203 1475 351 1514 Capitolini

203 1520 289 1560 Jovis
300 1520 374 1549 aedes.

843 274 894 316 T.
953 275 1212 317 LIVII

420 388 523 428 redit
546 385 726 436 Gabios;
759 401 850 440 quae
882 387 1025 428 dixerit
1047 388 1141 442 ipse,
1173 401 1344 442 quaeque
1374 387 1535 441 viderit,
1564 388 1715 431 referti

420 446 487 485 seu
524 446 594 495 ira,
626 445 693 485 seu
724 446 834 496 odio,
866 445 933 485 seu
970 445 1150 499 superbia
1200 447 1311 486 insita
1353 446 1529 502 ingenio,
1560 449 1714 487 nullam

419 518 514 543 eum
548 517 690 544 vocem
730 503 904 543 emififfe.
975 503 1098 544 Sexto
1136 503 1218 553 ubi,
1263 504 1361 558 quid
1401 506 1518 545 vellet
1553 519 1714 570 parens,

420 562 565 613 quidve
597 561 830 615 praeciperet
869 561 998 602 tacitis
1035 561 1283 616 ambagibus,
1319 563 1473 615 patuit;
1517 563 1715 616 primores

420 619 604 668 civitatis,
637 619 887 659 criminando
908 619 1004 659 alios
1025 621 1131 673 apud
1160 621 1372 673 populum,
1403 621 1500 661 alios
1521 620 1588 660 sua
1609 620 1715 674 ipsos

418 677 564 716 invidia
592 680 653 731 (4)
674 686 936 730 opportunos,
968 677 1182 717 interemit.
1204 677 1321 716 multi
1343 678 1500 730 palam3
1533 679 1715 731 quidam,

419 734 460 773 in
483 734 627 787 quibus
650 733 785 775 minus
805 734 976 788 speciosa
992 735 1219 774 criminatio
1250 744 1334 773 erat
1350 733 1501 785 futura,
1532 737 1635 776 clam
1653 737 1715 775 in-

419 792 592 832 terfeffi.
653 793 789 832 Patuit
810 792 1047 846 quibusdam
1072 791 1299 831 volentibus
1321 791 1435 846 fuga,
1467 803 1535 832 aut
1557 794 1597 832 in
1615 795 1714 833 exfi-

419 850 518 890 lium
537 850 616 890 aeti
634 850 740 902 sunt,
772 850 1075 902 absentiumque
1091 849 1197 889 bona
1222 848 1339 903 juxta
1356 860 1475 902 atque
1496 849 1717 904 interemp-

419 917 552 947 torum
582 908 722 948 divisui
755 912 816 962 (5)
837 907 962 947 fuere.
1023 907 1266 962 Largitionis
1303 907 1395 946 inde
1417 908 1642 961 praedaeque
1672 911 1716 949 &

420 966 630 1005 dulcedine
667 966 809 1020 privati
831 965 1035 1006 commodi
1061 964 1193 1004 sensus
1226 965 1426 1004 malorum
1458 965 1718 1018 publicorum

419 1024 571 1072 adimi3
603 1025 746 1072 donec,
779 1023 874 1063 orba
896 1023 1058 1063 consilio
1083 1022 1329 1075 auxilioque,
1361 1022 1521 1062 Gabina
1547 1037 1611 1064 res
1631 1023 1718 1079 regi

420 1081 609 1121 Romano
624 1082 702 1121 fine
725 1083 805 1121 ulla
825 1081 1081 1121 dimicatione
1095 1081 1136 1120 in
1154 1094 1321 1119 manum
1342 1080 1523 1120 traditur.

476 1140 568 1179 LV.
631 1139 774 1179 Gabiis
813 1141 871 1193 (1)
909 1138 1094 1192 receptis,
1129 1138 1378 1191 Tarquinius
1431 1152 1573 1192 pacem
1620 1153 1717 1179 cum

421 1198 653 1250 [Equorum
693 1206 811 1251 gente
850 1196 975 1245 fecit3
1010 1196 1147 1236 foedus
1185 1210 1280 1236 cum
1318 1196 1462 1236 Tuscis
1496 1197 1716 1238 renovavit.

420 1256 520 1294 Inde
542 1257 592 1295 ad
612 1255 772 1309 negotia
792 1255 943 1295 urbana
975 1255 1156 1294 animum
1189 1255 1397 1294 convertit.
1427 1269 1601 1308 quorum
1631 1265 1719 1295 erat

421 1314 616 1367 pstmum,
648 1323 693 1352 ut
728 1313 839 1365 Jovis
863 1315 922 1367 (2)
944 1313 1141 1366 templum
1172 1311 1213 1351 in
1254 1322 1392 1352 monte
1429 1315 1491 1366 (3)
1521 1313 1717 1369 Tarpejo,

420 1381 733 1410 monumentum
755 1369 868 1424 regni
890 1370 946 1408 sui
969 1369 1238 1423 nominisque,
1258 1370 1523 1423 relinqueret:
1542 1371 1720 1424 Tarqui-

423 1429 510 1468 nios
526 1442 638 1482 reges
653 1427 791 1467 ambos
796 1437 973 1480 ‚patrem
994 1442 1067 1467 vox
1072 1427 1154 1477 1ss'e‚
1173 1426 1303 1466 filium
1320 1427 1536 1481 perfecifle
1595 1428 1662 1477 Et,
1675 1438 1720 1468 ut

423 1487 545 1526 libera
567 1501 588 1525 a
609 1486 751 1526 ceteris
763 1484 1023 1540 religionibus
1044 1499 1135 1525 area
1154 1484 1248 1524 effer
1261 1494 1345 1524 tota
1360 1485 1472 1537 Jovis
1493 1486 1717 1539 templique

424 1545 525 1599 ejus,
547 1545 656 1597 quod
693 1542 1030 1591 inaedificaretur3
1062 1556 1308 1597 exaugurare
1343 1545 1404 1598 (4)
1436 1542 1530 1583 fana
1559 1543 1720 1586 sacena-

421 1615 498 1655 que
520 1602 670 1650 statuit,
692 1612 783 1654 quae
805 1601 958 1654 aliquot
978 1600 1031 1640 ibi
1053 1616 1075 1640 a
1089 1601 1211 1640 Tatio
1231 1614 1338 1655 rege,
1349 1599 1528 1654 primum
1555 1600 1598 1640 in
1632 1601 1719 1656 ipso

420 1659 647 1700 discrimine
684 1657 874 1699 adversus
909 1659 1136 1698 Romulum
1168 1672 1313 1712 pugnae
1345 1668 1455 1709 vota,
1490 1659 1720 1701 consecrata.

421 1717 738 1772 inaugurataque
762 1716 895 1770 postea
915 1716 1087 1755 fuerant.
1148 1715 1258 1755 Inter
1292 1715 1488 1770 principia
1515 1718 1720 1758 condendi

421 1775 544 1830 hujus
560 1776 691 1828 operis
711 1775 871 1814 movisse
895 1777 954 1828 (5)
977 1787 1129 1813 numen
1151 1775 1200 1814 ad
1221 1774 1477 1814 indicandam
1508 1775 1610 1814 tanti
1641 1775 1719 1814 im-

422 1833 521 1887 perii
556 1834 705 1872 molem
728 1832 898 1872 traditur
928 1832 1067 1872 Deos:
1098 1845 1192 1870 nam
1227 1846 1353 1885 quum
1386 1832 1571 1872 omnium
1596 1832 1719 1873 sacel-

423 1892 555 1931 lorum
577 1891 910 1945 exaugurationes
932 1890 1189 1929 admitterent
1210 1903 1316 1938 aves,
1357 1889 1398 1929 in
1433 1890 1618 1930 Termini
1655 1893 1721 1945 (6)

424 1948 520 1989 fano
542 1964 623 1988 non
646 1949 845 1988 addixere.
907 1948 954 1987 Id
973 1962 1093 1988 omen
1116 1948 1413 2002 auguriumque
1433 1948 1487 1987 ita
1506 1960 1721 2002 acceptum

425 2007 481 2047 est
499 2024 510 2056 3
543 2021 625 2047 non
646 2016 798 2046 motam
809 2006 993 2046 Termini
1013 2005 1162 2055 sedem,
1178 2019 1405 2059 unumque,
1418 2019 1512 2045 eum
1531 2006 1719 2046 Deorum

1634 2078 1725 2104 non

426 2181 545 2214 consilii
562 2183 684 2213 lateret.
707 2182 763 2223 (4)
787 2181 851 2225 Qi
865 2181 987 2213 facilius
1011 2180 1153 2223 opprimi
1175 2189 1337 2222 poterant,
1362 2188 1497 2223 propter
1521 2178 1632 2211 odium
1654 2179 1722 2222 pri<

425 2229 498 2259 dem
529 2227 562 2258 in
588 2227 672 2269 ipsos
699 2237 900 2269 conceptum.
935 2227 990 2269 (5)
1035 2229 1084 2257 Sic
1111 2226 1197 2258 infra
1225 2227 1244 2257 l.
1266 2236 1316 2266 33.
1337 2237 1364 2257 c.
1394 2225 1445 2265 36.
1490 2225 1608 2267 Vulgo,
1628 2227 1721 2268 divisa

416 2275 512 2313 fut-’72'-

474 2319 509 2349 C.
526 2327 577 2356 55.
593 2317 647 2358 (1)
661 2319 897 2358 Recuperatam
914 2316 991 2348 dicit
1008 2317 1090 2347 hanc
1105 2316 1228 2352 urbem,
1247 2315 1333 2357 qudd
1346 2326 1363 2347 e
1376 2326 1512 2346 numero
1527 2314 1721 2347 Latinarum

426 2361 501 2393 esset
515 2373 583 2403 quae
600 2362 632 2392 in
647 2365 830 2393 Romanum
847 2362 1000 2393 cesserant
1017 2360 1198 2403 imperium.
1252 2361 1307 2401 (2)
1322 2361 1404 2391 Tres
1430 2360 1520 2391 fuiffe
1548 2361 1627 2391 aedes
1654 2368 1719 2392 tra-

428 2407 538 2444 ditur,
559 2407 665 2438 media
692 2408 792 2450 Joxi5‚
821 2419 839 2438 a
865 2408 904 2437 de
908 2406 976 2437 xtra
1003 2407 1172 2442 Minervae,
1205 2418 1223 2437 a
1248 2406 1368 2436 finistra
1395 2404 1541 2448 Junonis.
1587 2405 1642 2446 (3)
1670 2405 1720 2437 Sic

428 2452 517 2483 dieto
533 2464 552 2483 a
563 2452 703 2493 Tarpeja
727 2452 851 2494 virgine
864 2451 928 2482 illic
946 2450 1076 2492 sepulta.
1097 2451 1248 2482 Ceterum
1265 2462 1283 2481 a
1294 2450 1477 2491 Tarquinio
1494 2449 1557 2481 offa
1573 2450 1719 2491 Tarpejae

428 2497 492 2527 alio
505 2498 609 2528 delata
622 2498 706 2534 s,unt
724 2508 907 2538 nomenque
924 2497 990 2538 ejus
1015 2495 1171 2527 exolevit:
1199 2495 1256 2527 nisi
1273 2494 1360 2536 quod
1372 2494 1504 2537 Tarpeji
1521 2493 1584 2526 saxi
1600 2505 1721 2526 nomen

428 2542 552 2583 semper
569 2542 651 2572 retin
655 2542 700 2573 uit
717 2553 754 2573 ea
777 2553 872 2583 rupes
889 2553 926 2572 ex
943 2542 1006 2582 qua
1019 2542 1068 2572 dei
1058 2541 1154 2582 Jicere
1167 2542 1335 2572 damnatos
1353 2541 1505 2572 solebant.
1550 2539 1605 2581 (4)
1618 2541 1721 2570 Exau-

422 2599 530 2628 (φη-,υτ
542 2587 584 2617 est
601 2587 734 2618 locum
723 2587 775 2617 .cl
788 2586 953 2617 hominem
971 2586 1122 2627 religione
1139 2598 1174 2617 ea
1191 2586 1339 2622 liberare,
1366 2585 1417 2617 cui
1449 2586 1607 2627 augurato
1629 2585 1722 2616 desti-

428 2639 522 2662 nattis
540 2634 652 2662 fuerat.
698 2632 753 2673 (5)
767 2631 925 2662 Traditur
942 2632 1017 2662 deos
1030 2630 1193 2662 exseruisse
1210 2630 1389 2672 potentiam
1419 2631 1450 2661 &
1481 2628 1722 2672 providentiam

429 2677 517 2707 suam
548 2678 588 2707 ad
622 2678 678 2708 &ci
727 2678 855 2708 Numen
889 2677 931 2708 est
955 2676 1086 2717 proprie
1111 2675 1163 2707 dei
1187 2684 1296 2713 nutus,
1318 2675 1473 2717 potentia,
1499 2676 1531 2706 δε
1561 2674 1720 2706 voluntas.

428 2721 482 2763 (6)
507 2724 546 2753 Et
570 2721 765 2765 Juvcntutis,
784 2721 852 2764 ipso
873 2722 947 2754 teste
960 2721 1067 2758 Livio,
1084 2721 1103 2752 l.
1119 2731 1149 2762 5.
1165 2733 1190 2753 c.
1203 2731 1255 2761 54.
1270 2721 1302 2752 &
1318 2720 1481 2763 Dionyfio.
1537 2719 1723 2757 Terminus,

1642 2765 1721 2796 deus
