1853 3158
156 203 183 242 6
839 203 1206 248 T.LIVII

164 359 317 388 Volat-um
379 320 506 362 duxit.
538 334 611 362 nec
640 320 779 374 procul
807 320 855 361 ab
888 323 948 375 (4)
979 320 1160 361 Lanuvio
1188 317 1267 373 (ad
1284 316 1464 357 Maecimn
1490 316 1522 358 is
1554 317 1667 358 locus

158 404 245 435 castra
262 405 348 445 capit.
379 379 541 433 dicitur)
560 378 684 419 castra
705 393 937 433 oppugnare
969 379 1025 419 est
1056 379 1230 419 adortus.
1292 375 1468 432 Quibus,
1500 374 1548 414 ab
1569 390 1664 415 con-

378 446 535 491 temptu
556 433 684 490 (quod
702 435 824 490 prope
845 450 1009 476 omnem
1030 437 1201 476 deletam
1234 449 1255 473 a
1277 433 1407 474 Gallis
1438 433 1667 473 Romanam

374 495 631 550 juventutem
660 495 884 548 crederent)
905 495 956 534 ad
985 493 1135 534 bellum
1157 491 1367 547 profeffis,
1398 500 1555 530 tantum
1590 490 1670 531 Ca-

380 552 515 592 millus
548 551 707 592 auditus
741 551 956 605 imperator
983 551 1144 591 terroris
1181 550 1382 596 intulerat,
1414 557 1459 588 ut
1491 548 1595 587 vallo
1631 546 1670 586 se

379 610 464 664 ipsi,
494 610 643 649 vallum
666 609 862 664 congestis
884 609 1089 649 arboribus
1126 607 1313 661 sepirent,
1346 620 1395 645 ne
1423 605 1502 658 qua
1523 604 1671 644 intrare

379 668 430 707 ad
471 667 722 707 munimenta
768 667 890 707 hostis
928 667 1062 720 poffet.
1126 665 1250 722 Qod
1287 664 1356 704 ubi
1395 661 1675 703 animadvertit

380 725 589 773 Camillus,
612 725 746 779 ignem
763 725 803 764 in
825 724 1025 780 obje&am
1041 723 1171 776 sepem
1194 721 1339 776 conjici
1356 720 1476 776 juffit.
1503 723 1544 761 &
1567 717 1672 759 forte

378 792 463 822 erat
479 784 537 823 vis
558 797 702 838 magna
723 783 830 822 venti
857 782 965 822 versa
987 782 1027 820 in
1049 780 1215 820 hostem.
1251 779 1385 831 itaque
1407 792 1488 818 non
1518 777 1674 831 aperuit

378 839 509 882 solum
530 841 716 881 incendio
736 841 860 890 viam,
891 840 970 887 sed,
1002 838 1174 878 flammis
1196 837 1236 875 in
1258 836 1383 876 castra
1402 834 1676 883 tendentibus,

379 912 524 952 vapore
545 898 666 938 etiam
700 913 744 938 ac
773 897 888 938 fumo
919 897 1154 950 crepituque
1189 894 1324 934 viridis
1345 899 1369 946 †
1397 893 1573 932 materiae
1605 891 1677 930 fla·

377 956 544 1011 grantis,
575 956 628 995 ita
651 955 915 995 consternavit
940 954 1087 1003 hostes,
1120 962 1163 992 ut
1186 952 1316 991 minor
1338 952 1464 990 moles
1486 949 1676 1004 superan-

377 1013 484 1054 tibus
505 1014 654 1053 vallum
676 1013 717 1051 in
738 1013 862 1052 castra
885 1011 1125 1052 Volscorum
1155 1009 1354 1050 Romanis
1382 1008 1518 1057 fuerit,
1550 1005 1674 1060 quarn

378 1069 748 1111 transcendentibus
765 1069 894 1122 sepem
913 1069 1099 1108 incendio
1121 1067 1370 1121 absumptam
1390 1065 1532 1105 fuerat.
1595 1065 1676 1103 Fu-

380 1129 426 1169 sis
446 1127 624 1168 hostibus
646 1126 844 1179 caesisque,
877 1140 1003 1179 quum
1025 1125 1150 1165 castra
1182 1126 1335 1178 impetu
1363 1123 1520 1176 cepisset
1547 1121 1675 1161 diera-

379 1196 455 1237 tor‚
484 1185 661 1239 praedam
697 1185 815 1223 militi
840 1184 964 1231 dedit,
996 1197 1077 1235 quo
1099 1181 1234 1222 minus
1265 1182 1475 1235 speratam,
1506 1179 1675 1219 minime

195 1291 245 1306 w
377 1244 566 1298 largitore
605 1243 722 1290 duce,
754 1256 802 1281 eo
841 1241 958 1280 militi
998 1240 1225 1294 gratiorem.
1261 1238 1490 1292 persecutus
1532 1237 1676 1277 deinde

158 1297 257 1363 yffi,
377 1301 595 1357 fugientes‚
636 1314 762 1353 quum
804 1312 967 1338 omnem
1001 1297 1197 1336 Volscum
1234 1310 1374 1350 agrum
1411 1296 1677 1348 depopulatus

378 1360 487 1408 esset,
519 1360 568 1398 ad
601 1358 847 1397 deditionem
884 1355 1052 1396 Volscos
1095 1357 1155 1408 (5)
1196 1353 1482 1407 septuagesimo
1513 1354 1677 1391 demum

379 1432 486 1457 anno
516 1416 684 1470 subegit.
745 1415 893 1454 Vi&or
926 1428 975 1453 ex
1007 1412 1166 1452 Volscis
1197 1412 1238 1450 in
1261 1411 1421 1463 AEquos
1452 1410 1604 1459 tranfit,
1638 1411 1676 1448 8:

378 1475 483 1530 ipsos
515 1474 667 1514 bellum
703 1473 939 1513 molientes:
971 1470 1193 1511 exercitum
1227 1482 1368 1508 eorum
1399 1468 1446 1506 ad
1470 1468 1589 1507 Bolas
1609 1481 1683 1521 op-

377 1533 539 1588 preffit3
571 1546 645 1571 nec
667 1532 792 1571 castra
813 1528 952 1579 modo,
984 1529 1050 1569 sed
1073 1530 1133 1583 (6)
1156 1527 1297 1567 urbem
1318 1526 1439 1567 etiam
1462 1524 1677 1580 aggressus,

380 1593 536 1645 impetu
559 1590 689 1644 primo
709 1589 828 1642 cepit.
1563 1590 1566 1592 ’

441 1649 514 1688 ΙΙΙ.
577 1648 719 1705 Qum
754 1647 794 1685 in
820 1645 867 1686 est
897 1655 1023 1699 parte,
1056 1643 1096 1682 in
1131 1643 1210 1696 qua
1240 1652 1360 1697 caput
1394 1642 1450 1681 rei
1483 1641 1682 1681 Romanae

381 1706 578 1748 Camillus
607 1714 707 1754 erat,
739 1719 784 1744 ea
820 1703 983 1743 fortuna
1017 1702 1124 1750 effet,
1156 1701 1273 1740 aliam
1305 1701 1346 1739 in
1373 1709 1527 1753 partem
1551 1709 1680 1738 terror

383 1821 403 1859 l.
432 1831 481 1853 10.
505 1831 530 1851 C.
560 1828 610 1851 21.
623 1820 762 1858 seniorum
788 1818 870 1846 etiam
885 1816 1112 1855 εοῖιονὲκίιιέῖῶ,
1133 1814 1304 1854 l1'l1frt1'211'que
1326 1814 1482 1842 centuriati.
1527 1811 1583 1853 (4)
1606 1811 1682 1841 Non

386 1868 526 1902 Lavinio,
549 1872 585 1894 ut
613 1864 744 1904 quidam
772 1861 897 1892 codices
923 1862 1109 1901 praescrunt.
1156 1860 1239 1889 Nam
1262 1858 1369 1888 locum
1387 1856 1442 1887 ubi
1460 1856 1559 1887 castra
1576 1855 1682 1897 posuit

385 1911 539 1947 dictator,
562 1907 664 1938 Roma
681 1905 783 1938 abess‘e
801 1905 897 1939 fabnss
915 1903 1056 1937 ἲιακοσιες
1075 1905 1173 1934 refert
1190 1903 1355 1933 Diodorus
1381 1902 1401 1932 1.
1422 1912 1470 1939 14.
1517 1903 1556 1931 Et
1574 1903 1684 1931 Lanu-

386 1955 477 1987 vium
491 1954 623 1995 quidem
639 1951 753 1994 viginti
771 1953 837 1981 sere
850 1949 1000 1980 milliaria
1017 1949 1057 1979 ab
1074 1947 1177 1979 Roma
1200 1947 1332 1978 abfuiss‘e
1358 1946 1488 1983 dicitur,
1509 1945 1686 1977 Lavinium

386 2004 467 2031 vero
483 2001 576 2040 longe
594 2000 705 2028 Romae
722 1995 860 2026 vicinius
877 1994 971 2026 litum
986 1993 1057 2024 suit.
1104 1992 1239 2023 Infinitis
1256 1991 1334 2028 locis
1351 1991 1467 2022 harum
1484 1990 1615 2022 urbium
1627 2000 1688 2020 no-

387 2045 475 2076 mina
492 2044 629 2074 invicem
643 2049 893 2072 commutantur.
940 2040 1023 2069 Mox
1040 2048 1101 2079 pro
1114 2041 1153 2067 ad
1163 2040 1301 2067 Man-ium
1315 2038 1423 2078 plures
1437 2036 1561 2067 codices
1574 2033 1685 2076 scripti

388 2090 509 2121 habent
527 2088 576 2119 vel
594 2091 632 2118 ad
647 2089 783 2122 Menum,
806 2085 857 2115 Vel
873 2087 913 2115 ad,
926 2086 1053 2114 [Ἀετίων]
1069 2100 1075 2117 ;
1101 2082 1176 2114 editi
1194 2084 1233 2125 od
1247 2084 1407 2115 Marcium.
1454 2083 1494 2113 Et
1511 2081 1559 2111 his
1576 2081 1686 2110 favere

387 2134 542 2165 videntur
560 2132 752 2163 Plutarchus
775 2138 804 2160 et
823 2129 998 2166 Diodorus,
1023 2134 1148 2171 Magmov
1163 2128 1234 2170 bg&
1256 2126 1437 2157 scribentes.
1482 2126 1538 2166 (5)
1561 2127 1685 2167 Legen-

390 2182 470 2211 dum
486 2178 590 2209 censet
615 2175 761 2217 Sigonius
767 2177 884 2216 septimo
907 2176 944 2206 {3³
968 2175 1121 2217 τεηὶςβηιος
1148 2181 1184 2203 ut
1209 2170 1426 2202 numeraverit
1443 2169 1558 2201 Livius
1582 2169 1623 2200 ab
1647 2179 1687 2199 eo

392 2236 489 2260 anno,
512 2233 577 2263 quo
597 2220 716 2258 Volsci,
737 2221 801 2261 jam
818 2221 892 2250 ante
910 2230 928 2250 a
943 2217 1127 2259 Tarquinio
1150 2216 1290 2258 superbo
1311 2214 1453 2253 laceffiti‚
1473 2215 1596 2245 bellum
1619 2210 1690 2244 ino·

391 2276 523 2305 verunt,
548 2279 581 2299 u.
597 2279 622 2298 c.
636 2275 709 2307 259.
724 2264 799 2297 Vid.
815 2263 911 2305 supra
927 2264 949 2296 l,
967 2273 992 2294 1.
1009 2275 1034 2294 c.
1047 2273 1099 2303 53.
1120 2263 1150 2293 Sc
1163 2262 1183 2292 1.
1198 2271 1227 2293 2.
1246 2272 1271 2291 c.
1290 2270 1340 2293 22.
1387 2260 1565 2291 Fatendum
1579 2266 1690 2290 ‘autem

394 2326 462 2346 non
476 2314 573 2344 modo
590 2311 715 2343 codices
731 2321 841 2341 omnes
856 2309 890 2340 in
907 2309 1077 2351 vulgatum
1092 2306 1282 2343 consentire,
1304 2306 1358 2336 sed
1381 2313 1413 2336 et
1438 2303 1588 2336 Orofium
1609 2314 1690 2345 quo-

396 2371 460 2400 que
486 2359 517 2388 &
535 2355 737 2398 Eutropium.
783 2353 936 2396 [Fortasse
955 2351 1069 2384 Livius
1084 2359 1232 2384 numerat
1249 2351 1290 2382 ab
1301 2360 1387 2381 anno
1404 2361 1435 2381 u.
1452 2361 1476 2381 c.
1492 2359 1564 2390 295.
1589 2359 1691 2390 quan-

397 2406 441 2435 do
454 2403 573 2440 Volsci,
595 2412 736 2442 quorum
752 2410 870 2430 nomen
887 2399 992 2430 tribus
1008 2399 1082 2429 ante
1102 2396 1193 2428 annis
1209 2397 1312 2437 prope
1329 2395 1470 2426 deletum
1487 2397 1602 2431 fuerat,
1623 2390 1690 2424 bel-

396 2451 465 2480 lum
481 2448 600 2479 iterum
612 2452 795 2477 moverunt.
807 2444 871 2477 vid.
887 2444 982 2485 supra
999 2444 1018 2474 l.
1037 2453 1064 2483 3.
1081 2454 1106 2473 c.
1124 2443 1152 2473 8.
1170 2451 1223 2472 22.
1250 2442 1280 2471 &
1296 2441 1381 2481 seqq.
1397 2440 1450 2482 E.]
1497 2439 1550 2480 (6)
1566 2442 1692 2479 AEquos

400 2494 493 2525 Bolas
515 2494 653 2535 affidentes
675 2502 692 2521 a
711 2489 848 2521 Camillo
872 2488 1049 2520 trucidatos
1072 2486 1130 2518 effe
1153 2494 1264 2517 narrat
1287 2485 1460 2516 Diodorus.
1506 2486 1546 2515 Et
1559 2483 1692 2524 quidem

400 2539 494 2570 Bolas
511 2545 580 2568 tum
605 2534 758 2567 Romanis
774 2533 912 2575 paruisse
929 2545 966 2565 ex
987 2532 1083 2574 ipfius
1108 2531 1194 2565 Livii
1218 2529 1346 2562 historia
1368 2528 1537 2561 verisimile
1553 2528 1693 2558 videtur.

401 2581 457 2613 vid
475 2583 569 2623 supra
583 2582 602 2612 l.
616 2592 644 2619 4.
661 2592 686 2612 c.
703 2590 754 2621 49.
780 2578 847 2610 Nifi
863 2578 1036 2609 dicendum
1053 2577 1088 2608 fit
1106 2576 1237 2607 Livium
1253 2587 1323 2607 eam
1340 2575 1379 2606 ab
1396 2573 1511 2614 AEquis
1529 2580 1691 2613 receptam

402 2626 493 2659 fuiss'e
510 2629 642 2659 narrare
658 2623 835 2677 neglexisse,
858 2624 947 2665 quod
971 2623 1064 2659 clam-
1077 2633 1164 2655 nunc
1189 2620 1248 2653 hac
1265 2619 1429 2653 occasione
1444 2618 1532 2656 feeit,
1554 2624 1589 2649 ut
1607 2616 1690 2648 hene

403 2672 506 2714 multa
522 2671 607 2704 alibi.
898 2673 901 2677 '
1283 2668 1286 2670 ’
1558 2705 1567 2712 -
1628 2662 1630 2666 ’

419 2723 422 2725 ’
454 2721 456 2725 ’
1558 2718 1699 2760 ingens
