1905 3168
159 275 211 312 28

159 610 198 639 U.
215 619 240 638 c.
258 607 307 646 38.

158 657 198 684 Α.
215 654 250 683 C.
267 662 340 690 714.

157 699 344 738 lala-regnum

161 755 286 773 ast-nuum.

156 2030 181 2059 Ξ
187 2031 259 2059 Ῐίέῗὶο
277 2031 342 2060 Nu.

835 270 1200 316 T.L1v11

378 393 460 424 tem
483 384 561 424 sine
584 383 767 438 irnperio,
813 385 1035 425 exercitum
1058 386 1137 426 fine
1158 387 1276 435 duce,
1309 387 1526 426 multarum
1557 385 1675 428 circa

375 442 598 482 civitatium
620 441 780 482 irritatis
801 442 959 491 animis,
989 445 1048 484 vi's
1069 443 1201 498 aliqua
1232 453 1395 484 externa
1427 444 1662 484 adoriretur.

378 502 419 539 ἃ
441 500 515 539 effe
532 499 652 554 igitur
673 499 835 553 aliquod
855 511 976 554 caput
996 501 1202 555 placebat3
1220 505 1275 543 ’δε
1297 516 1417 542 nemo
1439 502 1551 542 alteri
1567 515 1676 541 con-.

376 557 517 597 cedere
538 557 580 596 in
597 557 777 597 animum
799 557 1025 598 inducebat.
1057 559 1118 598 Ita
1131 573 1215 599 rem
1232 558 1335 599 inter
1356 560 1394 599 se
1416 569 1579 599 centum
1601 562 1665 613 (3)

375 614 529 663 Patres,
560 615 701 655 decem
722 617 784 669 (4)
805 616 976 656 decuriis
998 616 1131 665 ratkis,
1163 617 1401 672 fingulisque
1429 617 1470 656 in
1492 617 1664 672 singulas

375 672 558 713 decurias
575 673 716 713 creatis
738 673 808 726 qui
830 673 994 714 summae
1015 688 1150 714 rerum
1168 675 1387 728 praeeffent,
1419 674 1662 715 consociant.

374 730 515 770 decem
537 729 833 784 imperitabant,
864 745 969 771 unus
990 746 1084 772 cum
1106 732 1323 787 insignibus
1352 731 1509 785 imperii
1532 735 1571 773 &
1593 732 1665 772 lic-

375 787 529 827 toribus
549 797 657 828 erat:
687 789 866 842 quinque
889 789 1044 829 dierum
1071 789 1195 843 spatio
1221 788 1434 830 finiebatur
1455 791 1518 843 (5)
1539 790 1665 843 impe-

375 845 498 894 rium,
529 860 573 885 ac
591 860 661 900 per
681 861 822 886 omnes
839 847 880 885 in
896 847 1035 887 orbem
1057 847 1138 887 ibat
1156 863 1165 887 t
1196 860 1459 902 annuumque
1480 847 1668 886 interval-

374 903 460 942 lum
477 903 589 958 regni
610 903 700 944 fuit.
732 904 773 944 id
794 903 841 944 ab
863 918 919 953 re,
942 906 1051 958 quod
1071 918 1178 945 nunc
1196 919 1358 959 quoque
1378 912 1490 944 tenet
1501 917 1667 953 nomen,

375 960 658 1016 Interregnum
690 963 946 1015 appellatum.
1007 964 1194 1003 Fremere
1223 963 1366 1002 deinde
1388 961 1530 1016 plebs;
1552 960 1667 1001 'mul-

374 1019 596 1072 tiplicatam
618 1019 863 1070 servitutem,
893 1030 1057 1060 centurn
1079 1035 1151 1074 pro
1177 1034 1259 1060 uno
1293 1020 1480 1060 dominos
1506 1018 1639 1060 ἱειθεοε
1657 1035 1681 1059 :⁷-

376 1090 450 1116 nec
473 1078 534 1131 (6)
556 1075 662 1116 ultra
689 1077 759 1117 nifi
779 1091 930 1132 regem,
964 1081 1006 1119 &
1027 1077 1075 1118 ab
1097 1078 1186 1132 ipsis
1203 1087 1398 1127 creatum,
1427 1076 1667 1118 videbantur

375 1134 533 1187 paffuri.
593 1134 735 1192 Qum
758 1134 955 1175 senfiffent
979 1150 1025 1175 ea
1055 1136 1208 1176 moveri
1227 1136 1384 1186 Patres,
1414 1135 1667 1177 offerendum

376 1193 482 1231 ultro
513 1193 603 1240 rati,
644 1194 754 1246 quod
789 1193 963 1233 amiffuri
997 1204 1126 1242 erant,
1162 1194 1217 1233 ita
1238 1196 1300 1248 (7)
1321 1193 1490 1249 gratiam
1510 1192 1678 1245 ineunt,

376 1249 532 1291 sumina
566 1251 759 1304 potestate
786 1252 937 1305 populo
973 1251 1175 1305 permiffa,
1207 1262 1252 1291 ut
1287 1266 1370 1291 non
1401 1252 1491 1306 plus
1527 1251 1668 1291 darent

370 1307 489 1362 juris,
521 1322 645 1361 quam
680 1309 918 1349 detinerent.
950 1310 1214 1350 decreverunt
1234 1306 1359 1358 enim,
1390 1318 1450 1358 ut,
1482 1323 1575 1349 cum
1597 1323 1668 1362 po-

375 1365 495 1417 pulus
530 1379 669 1419 regem
699 1366 876 1420 juflisset,
907 1367 949 1406 id
980 1367 1029 1406 s1c
1062 1376 1195 1407 ratum
1230 1367 1338 1416 effer,
1383 1367 1408 1406 s1
1443 1368 1506 1420 (8)
1527 1367 1668 1407 Patres

375 1422 562 1463 auctores
583 1422 750 1463 fierent.
794 1422 995 1476 hodieque
1027 1424 1069 1463 in
1104 1424 1259 1478 legibus
1295 1423 1668 1478 magistratibusque

375 1494 393 1510 τ·
377 1480 563 1534 ogandis
585 1480 799 1534 usurpatur
821 1483 882 1535 (9)
904 1482 1043 1521 idern
1028 1495 1111 1536 Jus,
1142 1482 1180 1520 vi
1202 1481 1403 1535 adempta.
1435 1479 1668 1534 priusquam

374 1539 548 1590 populus
576 1538 835 1593 suffragium
826 1549 947 1587 meat,
978 1540 1019 1578 in
1041 1539 1240 1579 incertum
1271 1538 1530 1580 comitiorum
1550 1552 1669 1579 even-

375 1605 463 1634 tum
485 1597 622 1638 Patres
643 1596 829 1637 auctores
851 1596 1138 1638 fiunt.1um
1168 1597 1360 1645 interrex5
1388 1596 1583 1641 concione
1599 1597 1677 1636 ad·-

376 1653 544 1702 vocata3
579 1653 699 1708 Quod
729 1653 1351 1711 h0721172,fa1stc⁷21,filixquetst
1382 1653 1527 1706 inquit,
1562 1655 1669 1711 ¹³Qui·
1701 1689 1703 1691 .

377 1720 478 1759 slew,
510 1727 629 1765 ffegem
649 1720 793 1757 create;
828 1714 881 1751 ita
903 1713 1085 1751 Patribus
1105 1712 1223 1766 vifimz
1239 1712 1296 1768 qst.
1358 1711 1501 1751 Patres
1527 1712 1670 1762 deinde,

360 1768 401 1824 ι,1ἱ
419 1745 569 1822 dignun0
560 1786 586 1817 z,
607 1785 669 1823 qm
664 1770 861 1837 secundus
881 1771 925 1809 ab
946 1769 1102 1809 Romulo
1122 1778 1352 1820 numeretur,
1374 1770 1561 1818 crearitis,
1581 1785 1668 1808 auc-

377 1826 581 1881 foresfient.
645 1824 763 1866 Adeo
785 1827 825 1866 id
846 1836 1004 1882 gratum
1027 1826 1132 1881 plebi
1153 1826 1245 1879 fuit,
1276 1836 1335 1875 ut,
1365 1840 1416 1866 ne
1436 1826 1533 1866 victi
1548 1825 1670 1866 bene-

377 1883 469 1924 ficio
504 1884 749 1933 viderentur,
780 1885 819 1924 id
841 1882 964 1924 modo
997 1884 1205 1925 sciscerent
1232 1884 1515 1939 juberentque,
1548 1893 1593 1924 ut
1612 1883 1670 1924 se-

376 1951 494 1981 natus
515 1943 764 1992 decerneret,
796 1943 865 1995 qui
887 1943 1033 1983 Romae
1052 1952 1247 1997 regnaret.
1688 1983 1695 1990 ‚

435 1999 594 2039 XVIII.
654 2000 973 2055 Inclytajustitia
995 2000 1215 2054 religioque
1247 2000 1293 2039 ea
1325 2000 1558 2054 tempestate
1579 2000 1671 2040 Nu-

376 2071 454 2100 mae
474 2057 661 2112 Pompilii
681 2067 777 2103 erat.
839 2057 1014 2104 Curibus
1039 2056 1196 2103 Sabinis
1216 2056 1433 2107 habitabat,
1465 2057 1670 2099 consultis-

1551 2116 1671 2157 fimus

377 2236 417 2267 ad
434 2235 587 2276 utrosque
598 2236 687 2276 aeque
705 2234 888 2276 pertineret.
934 2234 988 2275 (3)
1012 2233 1124 2267 Potius
1139 2237 1251 2272 ducenti,
1266 2233 1440 2266 secundum
1456 2232 1648 2276 Dionysium
1659 2241 1681 2270 ;’

378 2288 551 2321 propterea
566 2281 654 2321 quod
670 2287 800 2311 centum
816 2291 833 2311 e
849 2279 973 2311 Sabinis
989 2280 1095 2311 aileffl
1112 2287 1215 2317 erant,
1235 2280 1355 2310 foedere
1370 2289 1444 2310 cum
1468 2277 1566 2308 Tatio
1594 2277 1670 2309 icto.
1689 2297 1693 2305 -

377 2325 432 2365 (4)
448 2325 588 2356 Decuria
612 2336 678 2356 non
696 2325 817 2366 semper
842 2324 967 2356 numeri
983 2324 1106 2356 denarii
1135 2335 1253 2356 nomen
1268 2324 1322 2361 est,
1344 2324 1396 2355 sed
1413 2330 1444 2354 et
1475 2322 1597 2355 ordinis
1613 2330 1670 2354 aut

377 2369 479 2401 ciaffis
490 2369 587 2401 etiam
603 2370 707 2401 multo
723 2369 895 2410 amplioris.
941 2370 996 2411 (5)
1020 2372 1065 2400 Sc.
1082 2369 1176 2400 unius
1192 2367 1370 2410 interregis,
1401 2367 1576 2399 fecundum
1590 2367 1670 2398 Dio-

376 2425 445 2457 nys.
473 2415 561 2455 quod
577 2414 673 2446 etiam
698 2414 828 2464 postea
820 2425 853 2444 m
870 2415 928 2446 usu
945 2414 1004 2446 effe
1020 2425 1081 2445 con
1070 2415 1160 2452 stat;
1183 2413 1357 2445 secundum
1384 2412 1596 2444 Plutarchum
1621 2419 1670 2444 to-

375 2459 439 2490 tius
464 2459 611 2491 decuriae.
656 2459 734 2501 (6)'
727 2471 745 2489 1.
761 2471 787 2490 e.
813 2470 870 2490 nec
895 2458 1035 2497 diutiu53
1059 2467 1095 2490 ut
1111 2459 1231 2490 infral.
1259 2468 1287 2490 2.
1311 2469 1336 2489 c.
1355 2467 1406 2498 19.
1451 2458 1506 2499 (7)
1523 2456 1681 2488 Gratiam

374 2504 505 2544 quidem
532 2504 656 2542 ineunt,
677 2504 894 2545 permittendo
919 2504 1005 2546 plebi
1029 2504 1185 2535 summam
1207 2503 1395 2545 potestatem
1419 2500 1604 2539 eleffionis;
1624 2501 1670 2532 ita

376 2556 483 2582 tamen
500 2557 535 2580 ut
552 2560 618 2580 non
635 2549 740 2580 minus
753 2548 832 2590 juris
820 2549 900 2590 ipsi
916 2549 1092 2580 retinerent
1108 2552 1206 2590 quam
1223 2548 1346 2590 populo
1362 2548 1486 2579 darent.
1529 2545 1616 2588 (8)
1607 2557 1626 2576 1.
1643 2557 1683 2577 e.

377 2593 571 2624 auctoritate
597 2593 651 2625 sua
667 2605 735 2625 rem
751 2594 1010 2635 comprobarent.
1054 2593 1109 2636 (9)
1135 2596 1325 2635 Usurpaturz
1317 2595 1384 2622 idem
1398 2595 1460 2634 jus,
1493 2598 1529 2622 ut
1557 2592 1669 2622 Patres.

377 2639 525 2669 auctores
542 2638 640 2676 fiant;
663 2647 695 2670 at
727 2638 829 2680 speeie
854 2638 985 2679 quidem
1010 2639 1108 2681 magis
1125 2641 1187 2679 qua
1172 2649 1223 2672 am
1243 2649 1294 2668 re:
1322 2637 1370 2667 vis
1386 2636 1473 2668 enim
1497 2646 1534 2667 ac
1566 2635 1668 2667 robur

378 2682 472 2720 abest,
495 2694 606 2724 quum,
628 2695 686 2725 per
698 2684 780 2725 leges
812 2683 984 2719 Publiliam
1014 2695 1051 2715 ac
1083 2683 1251 2720 NIaeniam,
1274 2684 1384 2713 Patres
1415 2681 1563 2714 auctores
1590 2680 1669 2713 fiant

378 2734 550 2770 antequam
566 2729 706 2772 populus
718 2727 921 2774 suffragium
914 2736 1008 2762 meat.
1023 2728 1088 2761 vid.
1104 2728 1189 2761 infra
1204 2728 1223 2760 L
1242 2727 1270 2760 8
1281 2739 1304 2759 e.
1324 2736 1374 2760 12.
