1853 3158
397 271 679 316 LIBER
739 267 1080 310 VILCAP.
1141 266 1259 307 XVI.
1644 263 1700 313 87

183 390 367 444 §uitabat
385 389 557 430 hostium
574 384 853 437 munimentis)
870 385 919 423 ad
933 392 1089 423 montes
1112 381 1299 434 filvasque
1314 388 1475 419 vertunt

188 443 352 504 fugam:
382 445 621 501 plurimique
653 443 707 482 ibi
738 458 759 482 a
785 442 917 481 fallaci
938 441 1121 494 equitum
1144 439 1271 493 specie
1299 437 1478 492 agasoni-

188 507 340 560 busque
363 507 422 558 (6)
443 501 598 555 excepti
628 499 743 539 sunt:
778 502 813 539 &
850 513 1006 547 eorum,
1038 511 1139 551 quos
1161 511 1282 550 pavor
1303 497 1478 549 pertule-

189 574 250 604 rat
286 565 326 603 in
359 563 482 608 filvas,
513 569 627 598 atrox
665 557 794 597 caedes
827 556 913 609 post
946 556 1125 595 sedatum
1161 554 1350 608 proelium
1385 552 1474 591 fuit.

189 621 278 661 Nec
295 621 392 660 alius
408 617 494 672 post
511 617 573 656 M.
594 615 778 663 Furium,
809 612 932 666 quam
954 614 1003 654 C.
1025 612 1241 665 Sulpicius,
1268 610 1476 665 justiorem
1498 616 1632 656 Salpe-im
1647 618 1701 645 ω·-

191 680 240 718 de
259 677 386 718 Gallis
402 676 483 729 egit
503 672 766 726 triumphum.
801 671 888 710 auri
902 684 1063 723 quoque
1085 684 1132 708 ex
1157 668 1325 708 Gallicis
1346 667 1478 721 spoliis
1498 661 1624 703 “WY'W-

192 736 281 775 satis
301 747 493 788 magnum
514 732 687 785 pondus,
717 729 808 769 saxo
829 729 1023 781 quadrato
1052 726 1224 778 septum,
1255 726 1296 764 in
1317 726 1480 778 Capito-

190 793 246 833 lio
266 791 442 832 sacravit.
503 790 657 829 Eodem
685 802 790 826 anno
813 789 853 827 δι
880 801 902 825 a
935 784 1162 824 consulibus
1194 783 1302 821 vario
1333 792 1481 821 eventu

190 850 396 890 bellatum.
430 862 524 887 nam
556 845 729 886 Hernici
762 860 783 884 a
819 844 867 884 C.
888 842 1047 883 Plautio
1078 840 1226 880 deviffi
1248 839 1481 891 suba&ique

192 908 297 947 sunt.
358 905 504 946 Fabius
521 906 671 958 collega
687 903 773 957 ejus
795 901 952 941 incaute
971 910 1090 952 atque
1108 895 1329 937 inconsulte
1347 898 1485 935 adver-

193 964 263 1006 sus
277 962 587 1018 Tarquinienses
608 959 823 1015 pugnavit:
855 973 928 998 nec
950 958 991 996 in
1011 958 1096 997 acie
1118 965 1274 995 tantum
1292 953 1346 993 ibi
1363 954 1486 993 cladis
1508 953 1609 1003 0051&ss
1626 950 1703 1001 ,73²7-

194 1032 420 1076 acceptum,
452 1019 575 1074 quam
596 1017 707 1071 quod
728 1027 928 1057 trecentos
951 1016 1099 1069 septem
1114 1014 1260 1052 milites
1277 1013 1486 1052 Romanos
1505 1002 1710 1070 {⁷“·‘l⁷3‘'ff4·0''‘'³

195 1090 333 1134 captos
351 1077 662 1131 Tarquinienses
690 1076 961 1114 immolarunt.
995 1073 1073 1125 qua
1101 1071 1284 1111 foeditate
1305 1068 1488 1123 supplicii
1514 1054 1628 1082 meg,
1663 1060 1674 1070 ⁰

195 1138 400 1190 aliquanto
417 1135 636 1190 ignominia
657 1133 796 1187 populi
814 1131 992 1171 Romani
1014 1129 1234 1183 insignitior
1255 1127 1345 1166 fuit.
1410 1128 1491 1166 Ac-

196 1195 303 1234 cessit
324 1195 373 1234 ad
389 1208 477 1234 eam
503 1193 658 1232 cladem
683 1194 718 1230 &
743 1189 907 1229 vastatio
930 1188 1108 1227 Romani
1126 1187 1223 1241 agri,
1256 1199 1377 1238 quam
1403 1184 1492 1223 Pri-

196 1262 396 1303 vernates,
411 1250 610 1290 Veliterni
633 1249 790 1295 deinde,
822 1246 1043 1286 incursione
1066 1244 1272 1298 repentina
1294 1242 1491 1282 fecerunt.

198 1310 353 1350 Eodem
375 1323 480 1348 anno
503 1311 563 1361 (7)
585 1308 675 1345 duae
702 1305 843 1354 tribus,
875 1303 1087 1356 Pomptina
1107 1306 1144 1343 ἃ
1164 1301 1352 1348 Publilia,
1383 1300 1495 1338 addi-

199 1378 264 1408 τῖε.
328 1369 389 1420 (8)
420 1366 526 1404 Ludi
557 1364 695 1413 votivi,
728 1377 828 1415 quos
860 1362 926 1401 M.
958 1360 1103 1401 Furius
1125 1359 1298 1399 dietam
1318 1366 1494 1405 voverat,
1514 1385 1577 1414 Lex
1593 1384 1693 1412 dmm·

200 1424 324 1465 fain:
360 1426 396 1463 ὅ(
421 1424 468 1462 de
491 1422 643 1462 ambitu
672 1420 719 1460 ab
740 1421 790 1461 C.
812 1419 984 1460 Poetelio
1005 1418 1166 1457 tribuno
1183 1416 1324 1470 plebis,
1355 1415 1496 1454 auelo-
1513 1428 1706 1469 hituprimam

200 1482 311 1522 ribus
351 1480 552 1530 Patribus,
595 1489 683 1518 tum
722 1475 901 1532 primum
932 1478 981 1516 ad
1018 1477 1212 1529 populum
1254 1475 1380 1513 latum
1415 1471 1471 1512 est
1488 1487 1496 1511 :
1515 1476 1585 1504 lata.

202 1541 329 1593 eaque
350 1538 556 1592 rogatione
571 1550 769 1576 novorum
790 1533 963 1574 maxime
985 1533 1198 1572 hominum
1221 1530 1498 1579 ambitionem,

203 1597 273 1650 qui
295 1597 494 1636 nundinas
525 1598 564 1636 &
589 1598 649 1649 (9)
670 1592 934 1634 conciliabula
955 1591 1064 1632 obire
1096 1590 1198 1631 soliti
1229 1598 1354 1634 erant,
1387 1602 1498 1629 com-

202 1655 368 1709 preffam
389 1653 615 1694 credebant.

262 1712 378 1751 XVI.
410 1711 535 1751 Haud
569 1707 683 1762 aeque
713 1709 803 1748 laeta
834 1705 1018 1747 Patribus
1045 1704 1269 1758 insequenti
1295 1717 1416 1755 anno,
1447 1703 1497 1743 C.
1518 1708 1558 1737 U.
1577 1717 1605 1737 c·
1626 1705 1701 1746 398.-

204 1769 379 1818 Marcio,
411 1769 488 1809 Cn.
523 1766 680 1807 Manlio
712 1764 954 1812 consulibus,
986 1765 1035 1803 de
1058 1766 1117 1816 (1)
1141 1762 1319 1814 unciario
1341 1761 1499 1801 foenore
1518 1755 1559 1783 A.
1576 1753 1611 1782 C.
1633 1761 1708 1801 354·

203 1842 228 1867 a
249 1828 309 1867 M.
334 1826 489 1874 Duilio,
520 1825 567 1864 L.
593 1824 747 1864 Maenio
768 1821 939 1862 tribunis
961 1821 1086 1875 plebis
1108 1810 1347 1875 rogatiffest
1374 1819 1501 1873 perla-
1519 1798 1725 1872 {f'fficxffig

204 1895 268 1925 ta:
302 1887 339 1924 &
374 1883 484 1937 plebs
520 1883 724 1936 aliquanto
759 1894 847 1920 eam
884 1876 1071 1933 cupidius
1105 1878 1215 1918 scivit
1250 1878 1498 1930 accepitque.
1518 1888 1554 1917 ΙΙ.
1573 1885 1659 1918 Coss'.

206 1943 275 1983 Ad
293 1941 396 1982 bella
417 1955 534 1990 nova,
565 1940 695 1994 priore
713 1952 817 1978 anno
839 1937 1046 1986 destinata,
1067 1935 1207 1975 Falisci
1229 1949 1390 1988 quoque
1411 1933 1502 1974 hos-

206 2010 266 2040 tes
299 1999 440 2047 exorti,
471 1998 621 2052 duplici
657 1997 848 2037 crimine:
879 1993 991 2049 quod
1026 1997 1066 2034 δε
1089 2007 1183 2032 cum
1202 1985 1503 2045 Tarquiniensi-

207 2057 282 2097 bus
314 2058 504 2112 juventus
539 2070 679 2096 eorum
716 2053 980 2100 militaverat,
1029 2054 1066 2091 ὃς
1104 2065 1188 2101 eos,
1208 2051 1288 2103 ¹qui
1325 2050 1501 2089 Falerios
1520 2036 1630 2111 ffifllfff'f
1642 2045 1703 2110 “gf

208 2114 481 2172 perfugerant,
503 2128 629 2167 quum
651 2111 753 2152 male
774 2120 999 2166 pugnatum
1020 2109 1092 2160 est,
1114 2107 1386 2163 repetentibus
1407 2107 1504 2147 feci-.-
1523 2093 1709 2156 part-'vffmffi

1377 2164 1504 2207 allbuS
1521 2174 1582 2203 bus.

212 2288 323 2321 omnia
339 2290 425 2321 reue}
442 2290 634 2331 procedunt,
656 2288 678 2319 fi
705 2287 896 2320 admittatur
912 2285 1175 2318 Drakenborchii
1192 2283 1386 2321 emendatio,
1408 2282 1506 2325 supra*⁴

216 2341 275 2365 not
295 2344 320 2364 1.
337 2342 524 2365 memorata.
571 2333 624 2364 Sin
641 2334 744 2370 aliter,
766 2334 817 2364 vel
834 2331 887 2363 hic
903 2332 1257 2373 emendandumstrzssro
1273 2343 1365 2366 cornu,
1389 2329 1439 2359 vel
1460 2329 1510 2359 di-

217 2379 355 2410 cendum
372 2378 478 2419 potius
493 2378 624 2409 Livium
640 2378 686 2409 sui
703 2378 841 2409 oblitum
858 2375 985 2408 erraffe.
1031 2376 1087 2417 (6)
1111 2375 1253 2418 Qidam
1277 2374 1392 2404 volunt
1409 2384 1509 2404 vocu=

216 2425 282 2454 iam
297 2436 346 2464 que
361 2422 512 2464 expungi,
533 2423 676 2463 &fallaci
690 2425 805 2464 equitum
811 2425 914 2464 specie,
935 2423 1104 2463 agasonibus,
1127 2431 1184 2462 per
1201 2418 1436 2461 appositionem
1458 2429 1511 2448 ac-

219 2468 297 2510 cipi.
344 2468 403 2498 Sed
419 2468 533 2498 eodem
550 2467 682 2505 recidit3
705 2468 793 2498 haud
819 2469 894 2498 raro
916 2466 1002 2497 enim
1025 2465 1184 2507 particula
1199 2479 1250 2506 que
1274 2462 1433 2505 exegetica
1460 2462 1510 2493 est.

216 2511 274 2553 (7)
296 2514 383 2542 Tum
400 2512 519 2553 septem
546 2513 577 2541 ὅτ
597 2511 711 2553 viginti
728 2511 831 2542 tribus
847 2512 941 2541 faetae
968 2511 1049 2541 sunt.
1094 2510 1173 2541 Vid.
1197 2510 1215 2539 l.
1244 2509 1272 2539 6.
1296 2519 1322 2539 c.
1346 2519 1375 2547 5.
1402 2507 1510 2547 supra.

221 2557 275 2598 (8)
298 2557 372 2588 Vid.
389 2564 459 2587 not.
478 2566 528 2593 14.
543 2557 584 2587 ad
601 2567 626 2587 c.
642 2566 698 2593 42.
714 2556 733 2586 l.
754 2555 782 2587 6.
827 2556 883 2596 (9)
905 2557 995 2586 Loca
1010 2555 1122 2596 paullo
1139 2554 1326 2591 celebriora,
1349 2553 1381 2583 in
1394 2552 1513 2592 quibus

217 2603 268 2644 jus
285 2601 380 2650 etiam
394 2601 571 2632 dicebatur.
581 2601 667 2632 infra
683 2601 702 2631 l.
721 2610 770 2642 39.
787 2611 815 2631 c.
836 2610 885 2637 14.
901 2600 924 2631 l.
943 2609 993 2636 40.
1010 2611 1034 2630 c.
1049 2609 1099 2639 37.
1116 2601 1135 2630 l.
1152 2609 1204 2638 43.
1221 2610 1246 2630 c.
1265 2609 1314 2635 14.

266 2666 302 2695 C.
323 2663 372 2695 16.
398 2664 451 2704 (1)
476 2664 596 2694 Usuras
613 2674 650 2694 cx
667 2662 736 2693 assis
756 2660 982 2692 distributione
1007 2661 1147 2692 Romani
1173 2660 1417 2701 computabant.
1462 2660 1516 2690 Eae

217 2720 322 2753 quum
339 2708 437 2741 ess'ent
462 2708 643 2747 menstruae,
665 2707 862 2748 consequens
878 2714 959 2741 erat,
984 2715 1020 2738 ut
1038 2714 1119 2748 quot
1136 2706 1246 2738 uncias
1263 2706 1303 2738 de
1325 2703 1467 2736 centenis
1484 2703 1518 2732 in

1379 2747 1519 2779 mensem
