1853 3158
341 270 374 310 L
405 271 422 309 I
453 267 548 309 RE
580 266 619 305 R
679 266 750 305 ΙΙΙ.
812 266 849 307 C
882 268 917 308 A
949 267 994 307 P.
1054 268 1206 310 XLIV.
1554 282 1630 325 219

140 385 270 435 eebat‚
301 385 341 423 ni
372 381 582 423 decemviri
603 381 725 420 funus
747 381 914 420 militare
931 382 966 421 ei
988 382 1144 436 public-51
1164 382 1339 436 impensfi
1357 384 1414 423 fa-

141 457 229 482 cere
265 440 526 480 maturassent.
600 438 788 491 Sepultus
821 438 971 492 ingenti
1008 441 1179 479 militum
1216 441 1416 490 moestitia,

142 499 298 552 pessima
320 497 634 537 decemvirorum
656 496 695 534 in
709 496 850 549 vulgus
872 495 993 546 fama,
1025 498 1092 536 est.

199 556 350 595 XLIV.
381 554 569 606 Sequitur
586 553 691 591 aliud
709 552 749 591 in
766 552 861 592 urbe
878 552 1005 602 nefas,
1028 554 1074 593 ab
1090 554 1251 594 libidine
1266 564 1415 604 ortum,
1435 572 1527 618 Appii
1545 570 1633 603 libide.

142 613 250 652 haud
285 609 418 650 minus
438 611 548 649 foedo
582 620 741 657 eventu,
772 609 893 662 quarn
915 611 1022 662 quod
1054 625 1122 663 per
1143 612 1322 665 stuprum
1343 627 1418 652 cae-

142 671 312 722 demque
332 668 531 707 Lucretiae
567 666 662 706 urbe
695 680 898 721 regnoque
918 667 1160 720 Tarquinios
1191 671 1418 722 expulerat:

143 736 187 765 ut
218 740 298 765 non
335 724 424 764 finis
456 722 584 765 solum
620 725 725 763 idem
757 723 1006 771 decemviris,
1045 725 1113 776 qui
1149 726 1322 779 regibus,
1354 727 1419 767 sed

143 783 257 823 causa
289 782 408 821 etiam
440 783 578 821 eadem
614 781 770 834 imperii
801 780 1008 820 amittendi
1030 782 1134 820 ess'et.
1196 784 1274 835 Ap.
1298 784 1420 824 Clau-

143 841 254 879 dium
269 839 431 893 virginis
453 838 616 891 plebeiae
636 838 859 890 stuprandae
886 837 1007 876 libido
1030 839 1145 891 cepit.
1165 839 1283 878 Pater
1303 841 1421 894 virgi-

144 898 204 937 nis
216 898 264 936 L.
278 896 484 950 Virginius
507 898 566 949 (1)
587 895 797 935 honestum
814 895 994 934 ordinem
1012 895 1051 933 in
1072 896 1218 949 Algido
1235 897 1422 946 ducebat,

142 955 201 993 vir
221 953 390 1005 exempli
404 953 504 992 redii
520 953 629 991 domi
643 953 886 1004 militiaeque.
945 953 1114 992 Perinde
1133 968 1232 992 uxor
1246 954 1424 993 instituta

143 1010 289 1060 fuerat,
320 1009 512 1061 liberique
544 1009 860 1049 instituebantur.
920 1009 1196 1063 Desponderat
1229 1010 1352 1050 filiam
1373 1011 1421 1050 L.

144 1068 256 1108 Icilio
277 1067 503 1115 tribunicio,
534 1067 618 1106 viro
640 1067 735 1116 acri,
767 1070 807 1107 &
843 1081 914 1119 pro
948 1068 1065 1107 causa
1097 1067 1221 1120 plebis
1252 1077 1425 1121 expertae

142 1125 311 1164 virtutis.
354 1125 489 1176 *Hane
518 1124 712 1178 virginem
748 1125 939 1173 adultam,
984 1123 1113 1164 forma
1147 1126 1424 1174 excellentem,

146 1182 317 1235 Appius,
348 1196 481 1220 amore
515 1182 655 1221 ardens
677 1184 752 1235 (2),
788 1181 913 1234 pretio
944 1196 987 1220 ac
1011 1181 1074 1234 spe
1097 1182 1279 1235 pellicere
1310 1183 1426 1222 ador-

147 1248 225 1288 tus,
259 1238 469 1292 postquam
504 1239 637 1277 omnia
673 1239 824 1291 pudore
861 1238 966 1291 septa
998 1239 1341 1287 animadverterat,
1377 1240 1426 1278 ad

146 1297 347 1335 crudelem
371 1295 657 1348 superbamque
676 1296 756 1334 vim
779 1296 958 1334 animum
977 1297 1182 1335 convertit.
1224 1297 1285 1335 M.
1306 1297 1427 1336 Clau-

147 1353 213 1392 dio
228 1353 361 1392 clienti
382 1353 587 1406 negotium
612 1353 735 1400 dedit,
767 1356 827 1406 (3)
860 1362 903 1391 ut
923 1353 1116 1406 virginem
1138 1354 1178 1391 in
1201 1353 1428 1393 servitutem

146 1410 341 1459 affereret‚
372 1423 501 1461 neque
529 1410 685 1448 cederet
706 1407 925 1448 secundum
954 1410 1175 1449 libertatem
1197 1410 1430 1463 postulanti-

148 1467 223 1507 bus
244 1466 457 1505 vindicias:
488 1463 598 1518 quod
618 1475 728 1519 pater
749 1467 891 1518 puellae
926 1465 1082 1517 abeffet‚
1114 1469 1247 1507 locum
1274 1468 1430 1522 injuriae

148 1525 222 1563 effe
254 1533 374 1563 ratus.
434 1523 606 1576 Virgini,
637 1523 809 1562 venienti
832 1523 871 1561 in
899 1523 1047 1571 forum,
1081 1524 1149 1577 (ibi
1182 1539 1354 1577 namque
1388 1525 1427 1563 in
1452 1525 1625 1576 ffirginiaiu

149 1580 321 1620 tabernis
341 1581 543 1619 literarum
565 1580 647 1618 ludi
669 1582 797 1631 erant)
818 1580 993 1618 minister
1022 1582 1234 1620 decemviri
1256 1577 1602 1621 libidiniss‘rv'tf‘tm

150 1652 315 1677 manum
349 1637 506 1690 injecit3
539 1636 645 1675 serva
676 1636 740 1675 [υἷι
774 1646 906 1674 natam
930 1636 1175 1690 (servamque
1211 1640 1430 1692 appellans)
1447 1614 1586 1656 “ffir‘tur’

148 1695 245 1734 effe:
277 1694 465 1746 sequique
497 1693 532 1732 se
564 1692 744 1747 jubebat,
777 1693 1034 1732 cunetantem
1067 1695 1102 1733 vi
1125 1695 1430 1736 abstracturum.

150 1752 296 1792 Pavidzi
316 1749 446 1804 puella
468 1750 663 1803 stupente,
685 1751 733 1789 ad
754 1751 967 1789 clamorem
987 1752 1167 1800 nutricis,
1191 1752 1311 1791 fidem
1329 1753 1433 1810 Qi-

150 1809 287 1848 ritium
309 1808 570 1861 implorantis,
603 1807 646 1845 fit
665 1807 891 1846 concursus.
951 1807 1125 1861 virginii
1147 1810 1267 1861 patris
1289 1810 1434 1862 sponsi-

152 1880 229 1918 que
251 1865 350 1905 Icilii
372 1865 560 1918 populare
583 1878 727 1903 nomen
751 1863 982 1903 celebratur.
1006 1876 1121 1905 notos
1138 1867 1262 1919 gratia
1276 1881 1434 1918 eorum,

153 1922 310 1962 turbam
331 1922 543 1974 indignitas
560 1921 616 1960 rei
632 1921 774 1974 virgini
791 1922 987 1960 conciliat.
1027 1923 1115 1973 Jam
1132 1938 1151 1961 a
1165 1924 1202 1961 vi
1224 1933 1308 1963 tuta
1324 1934 1405 1963 erat
1420 1941 1433 1972 3

154 1994 280 2035 quum
303 1982 362 2035 (4)
385 1979 542 2018 afl'ertor
580 1977 678 2017 nihil
706 1992 807 2032 opus
843 1978 915 2018 effe
948 1980 1202 2020 multitudine
1238 1982 1435 2021 concitata

1364 2041 1434 2087 a'l't,

203 2156 238 2185 C.
257 2164 309 2191 44.
329 2154 379 2195 (1)
399 2156 484 2183 Inter
513 2153 639 2184 ordines
659 2152 738 2194 (five
755 2152 930 2192 centurias)
946 2153 999 2184 alii
1025 2153 1093 2184 aliis
1117 2153 1309 2185 honestiores
1336 2161 1436 2186 erant.

159 2198 323 2241 Virginius
352 2198 445 2229 alicui
471 2209 507 2228 tx
533 2197 594 2229 illis
611 2197 841 2228 honestioribus
863 2197 1028 2228 ordinibus
1056 2207 1199 2239 praeerat.
1247 2200 1364 2241 Honesta
1380 2201 1436 2229 loca

158 2250 315 2273 vocantur
341 2242 423 2272 infra
441 2243 459 2272 l.
477 2251 527 2279 42.
555 2253 579 2272 c.
598 2252 646 2280 34.
692 2243 841 2282 Inferiores
868 2246 969 2272 ordines
992 2250 1219 2278 memorantur,
1244 2243 1319 2274 ibid.
1344 2254 1369 2274 c.
1387 2253 1437 2282 33.

160 2287 215 2326 (2)
239 2287 356 2317 Melius
372 2300 461 2316 amens
476 2302 482 2319 ς
507 2287 594 2326 quod
610 2286 729 2316 habent
742 2285 862 2325 aliquot
880 2286 1000 2327 scripti.
1046 2287 1100 2327 (3)
1124 2289 1169 2317 Ut
1186 2287 1357 2327 postularet
1374 2287 1437 2318 vir-

162 2330 266 2371 ginem
283 2331 337 2361 fibi
359 2330 474 2367 addici,
497 2338 650 2371 tanquam
666 2331 787 2361 servam
803 2330 908 2366 suam;
931 2341 1034 2370 neque
1060 2332 1185 2362 cederet
1202 2331 1238 2362 iis
1262 2332 1316 2372 qui
1334 2332 1438 2373 postu-

162 2375 259 2405 laturi
282 2374 389 2409 essent,
414 2382 460 2410 ut,
482 2374 536 2404 lite
561 2376 730 2415 pendente,
751 2374 895 2414 Virginia
912 2374 944 2404 in
963 2374 1144 2415 possessione
1161 2375 1315 2406 libertatis
1332 2387 1440 2406 mane-

163 2426 219 2449 ret.
267 2421 398 2448 Vimliciae
422 2417 573 2448 dicuntur
599 2418 739 2449 actiones
756 2421 899 2453 vindex-mn,
922 2419 940 2448 i.
962 2430 987 2449 e.
1003 2430 1115 2449 eorum
1131 2420 1185 2460 qui
1208 2420 1371 2451 vindicant
1384 2420 1440 2450 ali-

163 2463 241 2503 quid
258 2463 307 2493 vel
335 2462 389 2492 fibi
407 2462 457 2492 vel
474 2462 550 2492 aliis.
596 2465 634 2493 Et
651 2466 783 2493 vindicias
800 2464 1017 2503 daresfflndbm
1042 2465 1190 2494 libertatem
1208 2463 1368 2505 fignificat,
1390 2464 1440 2504 jus

164 2506 339 2548 postidendi
363 2507 438 2536 dare
460 2505 506 2536 illi
523 2506 577 2546 qui
594 2517 654 2547 pro
672 2507 818 2537 libertate
844 2515 975 2547 pugnat,
997 2508 1097 2538 donec
1123 2508 1279 2549 judicium
1304 2510 1342 2539 de
1360 2509 1440 2539 suma

164 2552 215 2581 md
233 2551 287 2581 lite
305 2553 434 2582 feratur.
481 2551 602 2581 Contra
619 2553 697 2581 vero
714 2550 831 2581 dicitur
856 2551 940 2581 infra
956 2563 981 2582 c.
997 2561 1049 2589 47.
1065 2552 1210 2593 Appium
1240 2554 1347 2595 decreffi
1376 2556 1442 2583 vin-

163 2597 396 2635 diriasfivumlum
411 2597 588 2635 servitutem,
611 2595 640 2624 h.
656 2606 680 2625 e.
705 2603 738 2625 ut
752 2594 929 2638 Virginiam
946 2596 1083 2627 abducat
1100 2597 1124 2627 is
1141 2597 1195 2637 qui
1217 2597 1339 2628 servam
1356 2597 1441 2628 suam

165 2639 224 2672 effe
238 2641 459 2672 contenderat.
508 2640 562 2681 (4)
586 2640 634 2671 M.
652 2639 815 2678 Claudius,
838 2639 893 2682 qui
909 2640 1064 2683 virginem
1080 2640 1113 2673 in
1134 2642 1317 2674 servitutem
1333 2641 1442 2673 affere-

1379 2685 1442 2721 bat.
