1853 3158
390 275 672 320 LIBER
729 273 1239 315 v11.CAP.x111.
1330 273 1331 277 ¹
1634 274 1684 324 83

174 409 345 448 remque
366 395 539 434 edixerat
560 404 738 445 poenam,
770 390 796 429 fi
829 390 919 444 quis
947 390 1092 445 injuffu
1124 390 1165 429 in
1186 389 1341 430 hostem
1362 402 1463 444 pug-

175 455 309 493 naffet.
370 451 538 498 Milites,
567 445 671 502 aegre
702 448 742 487 id
770 449 982 501 patientes,
1013 446 1145 502 primo
1167 449 1208 487 in
1230 447 1464 488 stationibus
1482 457 1604 498 Ingrata
1620 457 1674 487 mi-

175 510 394 566 vigiliisque
415 509 517 548 inter
538 506 574 546 se
595 505 835 545 di&atorem
856 505 1104 547 sermonibus
1125 520 1312 560 carpere3
1345 506 1468 545 inter·
1482 502 1586 533 litibus.

177 569 275 607 dum
304 570 436 608 Patres
468 564 737 605 communiter
767 563 987 616 increpare,
1018 561 1130 616 quod
1166 578 1248 603 non
1276 563 1468 618 jussissent

177 640 249 679 per
265 624 442 665 consules
463 622 547 677 geri
566 621 730 661 bellum.
793 621 963 660 Eleeium
992 622 1052 676 effi
1081 623 1255 660 eximium
1276 624 1468 674 imperato-

180 699 270 731 rem,
301 683 446 722 unicum
467 681 607 731 ducem,
637 681 700 733 qui
721 678 816 718 nihil
832 680 956 731 agenti
959 678 1035 732 fibi
1054 678 1096 717 de
1113 679 1195 718 coelo
1214 679 1467 719 devolaturam

178 742 217 779 in
221 739 348 795 finum
370 739 563 778 viHoriam
597 737 744 791 cerfi’at.
805 735 958 775 Eadem
993 735 1138 774 deinde
1174 735 1260 775 haec
1293 737 1469 777 interdiu.

179 797 399 851 propalam,
432 810 476 836 ac
496 795 691 835 ferociora
717 793 797 845 his,
824 793 1004 848 ja&are;
1021 793 1066 848 β’
1085 794 1218 848 injzffc
1239 795 1470 846 imperatoris

177 864 244 894 aut
263 854 514 905 dimicaturos,
543 861 611 892 aut
628 853 774 907 agmine
794 852 952 890 Romam
981 852 1108 890 ituros.
1169 851 1471 904 Immiscerique

179 911 373 952 militibus
395 911 671 951 centuriones:
702 923 775 949 nec
798 909 840 948 in
867 911 930 962 (9)
952 908 1110 948 circulis
1139 907 1263 947 modo
1284 908 1474 959 fremere,

179 969 245 1010 sed
262 971 346 1024 jam
368 970 408 1008 in
426 971 514 1023 (10)
531 967 736 1022 principiis
754 981 798 1006 ac
818 972 843 1019 †
858 966 1045 1020 praetorio
1067 966 1108 1005 in
1125 980 1253 1005 unum
1270 966 1472 1006 sermones

179 1027 392 1077 confundi,
423 1036 542 1079 atque
565 1025 605 1064 in
626 1024 833 1065 concionis
854 1024 1175 1078 magnitudinem
1191 1024 1366 1064 crescere
1389 1034 1474 1063 tur-

180 1084 247 1134 ba,
282 1087 319 1124 Sc
352 1083 559 1124 vociferari
580 1096 629 1122 ex
650 1082 838 1122 omnibus
860 1082 973 1130 locis,
1005 1090 1046 1121 ut
1066 1082 1236 1134 extemplo
1256 1083 1308 1122 ad
1322 1082 1475 1121 α’ἰὲῗαΐο-

180 1157 257 1181 rem
277 1143 421 1181 iretur.-
453 1142 565 1180 verba
590 1151 660 1194 pro
689 1139 1005 1195 exercitufizceret
1027 1139 1108 1179 Sex.
1133 1137 1300 1190 Tullius,
1331 1148 1372 1179 ut
1392 1141 1476 1179 vir·-

179 1208 257 1238 tute
275 1200 353 1252 ejus
369 1199 520 1252 dignum
542 1199 631 1253 effet.

236 1257 350 1296 XIII.
382 1254 611 1310 Septimum
644 1257 706 1310 (1)
726 1252 905 1308 primum
924 1254 1052 1309 pilum
1069 1255 1153 1310 jam
1173 1254 1335 1295 Tullius
1355 1256 1482 1296 duce-

179 1313 272 1362 bat3
304 1328 436 1366 neque
457 1324 541 1354 erat
562 1314 603 1353 in
620 1313 815 1364 exercitu,
848 1312 917 1366 qui
933 1313 1097 1366 quidem
1114 1312 1309 1366 pedestria
1330 1313 1478 1368 stipen-

181 1372 246 1412 dia
287 1371 450 1420 feciffet‚
480 1372 540 1411 vir
578 1368 698 1412 fafi'cis
733 1370 918 1411 nobilior.
951 1371 1000 1422 is,
1035 1371 1266 1426 praecedens
1302 1371 1478 1411 militurn

180 1443 345 1483 agmen,
376 1430 425 1468 ad
442 1428 616 1468 tribunal
634 1428 790 1482 pergit3
822 1428 1064 1482 mirantique
1084 1427 1266 1481 Sulpicio
1288 1442 1369 1468 non
1394 1439 1479 1469 tur-

181 1486 276 1526 bam
311 1486 453 1540 magis,
490 1485 613 1539 quarn
647 1486 774 1526 turbae
809 1486 1032 1540 principem
1067 1485 1270 1538 Tullium,
1301 1486 1478 1540 imperiis
1498 1492 1562 1522 Sex·
1579 1491 1667 1522 Tullii

183 1543 546 1584 obedientissimum
567 1544 754 1593 militem,
777 1545 837 1598 (2)
861 1543 1017 1593 Scilicet,
1037 1543 1209 1594 α’ἰὲῗαΐον,
1230 1544 1377 1597 inquit,
1398 1561 1480 1585 con·
1495 1539 1702 1610 “dd{⁶‘²⁰¹‘3l⁷,‘”¹

184 1602 394 1641 demnatum
402 1603 446 1656 se
466 1603 659 1655 universus
679 1603 856 1640 exercitus
871 1618 894 1640 a
914 1610 950 1640 te
963 1602 1122 1654 ignaviae
1142 1611 1264 1650 ratus,
1301 1603 1352 1643 ξε*
1363 1602 1478 1657 prope
1497 1589 1688 1659 ΞΖΖῙΞΟΞῖ-ξζ·

184 1661 388 1712 ignominiae
407 1660 517 1713 causti
535 1659 741 1714 destitutum
761 1661 823 1712 (3)
828 1657 912 1712 fine
930 1660 1066 1708 armis,
1087 1660 1212 1698 oravit
1227 1674 1297 1710 me,
1317 1669 1360 1699 ut
1365 1661 1480 1714 suam

183 1717 329 1770 cazefizm
347 1716 448 1769 apud
464 1726 499 1755 te
517 1731 673 1769 agerem.
736 1716 936 1768 Equidem,
936 1715 1057 1770 sicubi
1075 1717 1144 1755 loco
1158 1716 1301 1771 cffcm,
1315 1716 1359 1770 st
1374 1716 1487 1773 terga*

183 1774 272 1813 data
292 1773 389 1828 hosti,
404 1772 678 1829 stflgnasoede
704 1774 830 1828 amzffiz
862 1774 965 1827 objici
984 1774 1082 1813 nobis
1094 1773 1244 1829 pffnt,
1275 1784 1397 1815 tamen
1418 1777 1481 1817 hoc

183 1848 207 1871 a
227 1841 262 1870 te
281 1833 475 1883 impetrari
492 1847 631 1884 aequum
651 1832 839 1886 cerfi’rem,
861 1841 903 1870 ut
923 1847 984 1871 nos
1004 1833 1146 1870 virtute
1164 1832 1308 1884 culpam
1324 1834 1482 1889 nestram

184 1891 380 1942 corrigere,
415 1889 466 1929 ΕΘ*
482 1889 618 1928 abolere
622 1889 772 1943 flagitii
796 1891 1005 1929 memoriam
1026 1890 1126 1928 novd
1141 1889 1268 1942 glorid
1280 1895 1480 1943 patereris.

186 1947 318 1986 Etiam
339 1947 391 1985 ad
415 1947 559 1985 Alliam
574 1948 672 2003 fusae
706 1947 857 2000 legiones
887 1947 1050 1994 eandem,
1081 1962 1192 2000 quam
1204 1957 1276 2000 per
1299 1959 1481 2001 pavorem

186 2006 400 2058 amiserant,
423 2006 608 2057 patriam,
631 2004 800 2060 profi’fflae
813 2004 929 2060 pqstea
958 2005 1003 2043 ab
1027 2005 1067 2043 V
1062 2006 1143 2059 ejis,
1174 2006 1316 2044 virtute
1336 2019 1483 2060 recupe-

187 2078 331 2101 ravere.
366 2063 477 2111 nobis,
508 2062 636 2101 Descm
656 2063 889 2115 benignitate,
902 2063 1087 2118 felicitate
1103 2063 1175 2103 tud
1185 2063 1381 2117 populique
1402 2065 1481 2105 Ro-

1363 2137 1482 2174 mam,

189 2235 296 2266 millus
312 2237 351 2267 de
368 2235 492 2268 Gallica
506 2245 601 2279 gente
617 2236 694 2268 dicit
715 2236 811 2279 supra
834 2237 854 2268 l.
869 2247 899 2277 5.
915 2249 941 2270 c.
958 2248 1011 2276 44.
1055 2238 1111 2280 (9)
1135 2239 1170 2269 In
1187 2238 1321 2271 coetibus
1337 2240 1480 2273 militurn

189 2279 300 2320 paffim
316 2281 400 2311 inter
417 2282 445 2312 se
463 2281 726 2322 colloquentium.
772 2285 848 2324 (ιο)
872 2285 1022 2324 Principia
1044 2283 1225 2314 vocabatur
1249 2284 1339 2317 locus
1363 2287 1481 2318 castro-

190 2336 264 2355 rum
280 2324 336 2355 ubi
357 2325 541 2368 principum
557 2326 707 2364 tentoria,
728 2326 884 2365 tribunal,
907 2328 937 2358 ⁶&
954 2328 1040 2370 signa
1055 2328 1208 2359 militaria
1224 2338 1337 2368 erant3
1359 2331 1393 2361 in
1410 2342 1478 2372 quo

187 2370 312 2410 semper
328 2379 441 2410 magna
455 2370 632 2402 multitudo
647 2371 843 2403 versabatur.
889 2374 1038 2414 Principia
1058 2374 1089 2403 ἃ
1100 2376 1262 2415 praetorium
1279 2374 1376 2406 etiam
1392 2375 1480 2407 infra

185 2414 405 2500 junguntur}
423 2415 472 2445 28.
488 2426 514 2446 c.
531 2425 550 2447 2
551 2426 582 2454 5.
600 2419 628 2447 in
639 2419 788 2458 principiis
797 2420 992 2459 praetorioque,
1007 2419 1196 2459 ubifirmones
1212 2421 1286 2450 inter
1289 2421 1325 2460 se
1325 2422 1480 2460 serentium

187 2461 300 2489 circulos
316 2461 375 2488 vidi
397 2466 449 2489 ent.

233 2522 269 2552 C.
290 2530 342 2559 13.
362 2520 418 2561 (1)
439 2521 534 2551 Tunc
550 2520 719 2562 septimiim
733 2523 752 2562 †
763 2525 854 2564 primi
859 2525 918 2565 pili
931 2527 1050 2555 centurio
1065 2532 1147 2556 erat.
1163 2525 1219 2568 (2)
1234 2525 1265 2557 h.
1280 2537 1307 2558 e.
1322 2527 1412 2567 quod
1425 2538 1478 2560 me

186 2576 261 2596 eum
278 2566 338 2596 hoc
355 2565 494 2596 militum
510 2567 634 2606 agmine
650 2567 691 2597 ad
707 2567 850 2598 tribunal
866 2576 960 2599 tuum
983 2569 1101 2601 veniffe
1125 2570 1225 2608 vides,
1246 2571 1313 2612 ejus
1335 2571 1381 2602 rei
1406 2572 1477 2605 haec

173 2613 283 2651 scilicet
297 2610 390 2640 causa
406 2610 460 2640 est.
506 2611 560 2651 (3)
583 2610 711 2642 Alludit
735 2612 776 2642 ad
797 2612 936 2643 militare
957 2625 1059 2655 poenae
1074 2625 1184 2656 genus,
1205 2627 1272 2656 quo
1286 2616 1307 2647 ii
1326 2616 1381 2658 qui
1403 2617 1478 2649 loco

187 2654 350 2691 cesserant,
373 2653 557 2696 ignominiae
582 2654 676 2686 causa
702 2656 850 2687 discinffi
875 2658 1060 2690 &inermes
1077 2659 1156 2691 stare
1172 2660 1371 2701 aliquamdiu
1385 2662 1478 2703 jube-

184 2698 316 2731 bantur.
362 2700 450 2730 Infra
467 2699 487 2730 l.
506 2709 556 2739 27.
572 2710 597 2730 c.
619 2710 668 2740 13.
683 2704 845 2732 centuriones
862 2705 1074 2745 manipulorum,
1093 2707 1300 2749 quorumſsgna
1312 2707 1479 2750 amfflfue·

805 2748 834 2775 G
861 2756 880 2779 2
1402 2757 1480 2788 rant,
