1853 3158
136 290 219 339 310

143 1103 282 1147 Papirius
293 1104 346 1135 mi-

141 1153 203 1181 lites
227 1151 323 1182 horta-

144 1203 152 1225 .-‘
157 1208 203 1227 nr.

812 279 1182 323 T.L1V11

357 398 487 454 vagati
514 397 725 438 Samnium
762 396 959 447 consules,
990 394 1164 438 maxime
1198 394 1442 450 depopulato
1470 395 1532 450 (2)
1550 393 1653 442 >Ati-

357 471 449 498 nate
480 470 590 510 agro,
622 455 821 495 Carvilius
842 456 891 495 ad
916 454 1167 505 Cominium,
1196 454 1382 508 Papirius
1397 453 1447 493 ad
1479 452 1652 505 Aquilo-

357 515 468 555 niam
501 513 588 567 (ubi
618 512 772 554 summa
805 512 863 552 rei
891 512 1135 553 Samnitium
1167 515 1268 567 erat)
1301 510 1494 567 pervenit.
1515 512 1578 564 (3)
1598 508 1654 549 ibi

357 571 591 626 aliquandiu
627 584 700 610 nec
737 570 926 610 ceffatum
961 569 1008 610 ab
1036 570 1155 611 armis
1195 569 1267 619 est,
1308 582 1440 622 neque
1475 567 1657 623 gnaviter

358 640 610 685 pugnatum:
659 628 882 669 lacefl'endo
924 628 1095 682 quietos,
1142 626 1408 669 refistentibus
1458 626 1655 673 cedendo,

358 686 726 739 comminandoque
758 685 900 741 magis,
944 685 1066 740 quam
1099 685 1310 726 inferendo
1348 698 1542 739 pugnam,
1573 683 1658 723 dies

357 745 653 787 absumebatur.
706 744 815 798 quod
868 758 996 797 quum
1049 744 1312 797 inciperetur,
1360 741 1658 782 remitteretur-

358 817 454 858 que‚
484 802 668 843 omniurn
707 815 842 842 rerum
870 801 990 841 etiam
1027 814 1240 854 parvarum
1273 809 1440 840 eventus
1478 798 1659 853 profere-

359 861 477 902 batur
511 861 553 900 in
588 860 685 900 dies.
747 860 887 903 Altera
921 859 1107 899 Romana
1143 857 1268 898 castra
1308 856 1451 912 viginti
1486 856 1659 896 millium

361 919 486 973 spatio
523 917 714 958 aberant:
748 919 785 956 &
817 919 876 970 (4)
898 916 1068 957 absentis
1095 917 1260 970 collegae
1281 915 1442 956 consilia
1470 913 1660 954 omnibus

360 976 547 1032 gerendis
583 975 802 1014 intererant
837 973 983 1014 rebus:
1019 974 1291 1027 intentiorque
1328 972 1546 1021 Carvilius,
1577 985 1660 1024 quo

361 1035 514 1090 majore
547 1031 775 1072 discrimine
802 1044 864 1070 res
885 1030 1127 1082 vertebatur,
1158 1032 1199 1070 in
1223 1030 1505 1084 Aquiloniam,
1536 1028 1662 1082 quam

362 1093 413 1132 acl
449 1089 702 1137 Cominium,
733 1089 843 1141 quod
875 1087 1092 1138 obfidebat,
1123 1098 1220 1129 erat.
1281 1088 1329 1128 L.
1347 1087 1547 1147 Papirius,
1575 1086 1662 1142 jam

363 1163 434 1204 per
465 1146 601 1187 omnia
632 1146 680 1185 ad
717 1145 994 1185 dimicandum
1027 1145 1120 1185 satis
1149 1155 1326 1198 paratus,
1372 1145 1569 1187 nuncium
1610 1144 1661 1185 ad

363 1207 559 1260 collegam
584 1204 708 1243 mittit
726 1219 737 1251 ς
753 1202 829 1258 fibi
849 1204 887 1241 in
907 1204 1028 1242 animo
1048 1203 1122 1258 effe,
1148 1203 1281 1258 postero
1299 1205 1369 1251 die,
1385 1202 1426 1257 st
1449 1213 1519 1257 per
1537 1203 1614 1257 aus
1628 1203 1660 1240 i-

362 1267 419 1306 cia
439 1265 577 1311 liceret,
607 1262 797 1316 co7fiigere
815 1276 897 1301 cum
917 1260 1017 1316 haste.
1085 1261 1188 1313 Opus
1209 1261 1283 1316 ff,
1319 1261 1370 1302 Εἴ
1393 1260 1512 1308 illum,
1544 1275 1663 1313 quan-

363 1324 407 1363 τά
428 1321 595 1362 maximc‘i
616 1321 658 1358 vi
682 1319 804 1374 poffi’t,
839 1318 1046 1358 Cominium
1080 1328 1300 1372 oppugnare,
1332 1333 1375 1357 ne
1404 1317 1496 1371 quid
1512 1321 1535 1370 †
1555 1317 1662 1356 laxa-

364 1382 477 1422 menti
481 1378 537 1434 stt
554 1378 778 1418 Samnitibus
797 1375 1011 1431 adsuffdia
1027 1375 1266 1430 Aquiloniam
1288 1375 1478 1418 mittenda,
1538 1373 1663 1415 Diem

364 1439 415 1478 ad
444 1435 781 1492 proficiscendum
810 1434 982 1474 nuncius
1010 1433 1174 1474 habuit:
1206 1433 1326 1474 nocte
1357 1432 1491 1483 rediit,
1522 1445 1667 1485 appro÷

365 1497 459 1536 bare
495 1495 690 1548 collegam
723 1492 903 1532 consulta
937 1494 996 1546 (5)
1029 1491 1220 1533 referens„
1281 1491 1480 1544 Papirius,
1515 1489 1668 1530 nuncio

368 1553 498 1603 misso,
529 1551 730 1604 extemplo
761 1550 999 1590 concionem
1038 1548 1207 1598 habuit3
1240 1550 1367 1588 multa
1402 1549 1451 1588 de
1486 1547 1677 1602 universo-

369 1625 515 1666 genere
545 1609 653 1658 belli,
685 1609 811 1647 multa
842 1608 890 1646 de
924 1606 1107 1661 praesenti
1128 1606 1304 1647 hostium
1326 1615 1535 1664 apparatu,
1565 1603 1667 1652 van‘a

371 1669 497 1724 magis
519 1667 664 1721 specie,
696 1665 818 1718 quam
840 1664 993 1705 efficaci
1013 1666 1061 1704 ad
1090 1674 1295 1713 eventum,
1326 1663 1514 1704 difl'eruit.
1579 1662 1668 1703 Non

371 1729 466 1767 enim
486 1726 613 1781 cristas
640 1725 797 1763 vulnera
815 1723 949 1779 fizcere
962 1745 975 1769 ;
1014 1724 1066 1765 {5⁴
1077 1732 1149 1776 per
1158 1724 1263 1776 picta
1283 1731 1392 1778 atque
1409 1730 1547 1762 aurata
1553 1722 1665 1776 stuta

370 1784 526 1841 tranfire
554 1784 765 1822 Romanum
790 1782 912 1834 pilum
931 1799 942 1820 .·
979 1780 1030 1822 ἐτ’
1049 1780 1203 1820 candore
1221 1782 1433 1820 tunicarum
1454 1779 1666 1839 fulgentem

370 1845 498 1890 aciem,
530 1842 590 1882 ubi
610 1855 667 1879 res
674 1840 787 1896 ferro
802 1847 974 1893 geratur,
1005 1840 1207 1879 cruentari.
1269 1839 1438 1878 Auream
1456 1838 1538 1876 olim
1558 1846 1667 1890 atque

371 1908 582 1954 argenteam
606 1898 827 1937 Samnitium
848 1898 960 1936 aciem
980 1913 1003 1935 a
1029 1905 1186 1949 parente
1207 1897 1276 1950 fico
1305 1896 1477 1936 occidione
1493 1895 1637 1949 occisam
1653 1913 1664 1934 .-

360 1959 546 2011 spoliaque
580 1972 621 1995 ea
654 1955 848 2010 honestiora
873 1956 1007 1994 viHori
1039 1954 1138 2008 hosti,
1169 1955 1281 2007 qucim
1300 1953 1380 2009 zffs
1398 1968 1521 2001 arma,
1538 1952 1611 2008 fici
1637 1969 1666 1997 e,

376 2017 524 2056 Datum
545 2015 607 2055 hoc
621 2013 756 2069 forsan
778 2013 914 2052 nomini
950 2012 1149 2065 mniliaeque
1173 2012 1268 2066 sztae,
1300 2020 1342 2050 ut
1361 2009 1541 2050 adversim
1561 2026 1667 2049 max*

373 2075 462 2113 imos
481 2081 628 2112 conatus
651 2071 873 2110 Samnitium
893 2078 1152 2122 opponerentur
1181 2069 1286 2108 duces
1299 2091 1314 2115 ,·
1334 2069 1520 2123 spoliaque
1548 2083 1588 2107 ea
1611 2084 1668 2106 rea

360 2132 529 2188 ferrent,
560 2145 635 2183 quae
649 2127 802 2182 insignia
824 2129 885 2181 (6)
908 2127 1064 2179 publicis
1083 2128 1191 2166 etiam
1212 2127 1292 2168 locis
1315 2127 1524 2171 decorandis
1552 2126 1667 2182 effint.

377 2190 476 2228 Deos
496 2186 716 2226 immortales
731 2185 840 2240 adeste
856 2192 1007 2238 propter
1025 2185 1126 2223 toties
1147 2185 1265 2236 petita
1272 2184 1438 2239 foedera,
1460 2185 1560 2223 toties
1581 2193 1671 2238 rup-

375 2256 414 2288 ra
430 2264 442 2286 .·
473 2257 567 2293 tum,
582 2244 624 2297 st
655 2259 726 2295 qna
752 2243 958 2296 conjeHura
989 2243 1119 2281 mentis
1140 2242 1275 2281 divinae
1291 2241 1362 2296 fit,
1393 2242 1486 2281 nulli
1507 2256 1668 2295 nuquam

376 2304 551 2354 exercitui
572 2301 643 2358 fui
669 2317 686 2342 e
717 2300 928 2357 infestiores,
959 2299 1072 2356 quom
1111 2301 1188 2354 qui,
1235 2299 1388 2355 nefando
1413 2301 1522 2354 sacro
1554 2303 1670 2338 mixta

1486 2357 1670 2397 hominum

380 2477 482 2518 Alpes
507 2475 541 2506 in
571 2473 778 2505 Vestinorum
806 2472 956 2505 confinio.
1001 2474 1057 2514 (2)
1080 2472 1182 2504 Atina
1210 2472 1403 2504 Volscorum
1434 2472 1507 2511 fuit,
1529 2473 1583 2506 sed
1611 2473 1673 2504 hoc

380 2531 526 2562 nmp0re
542 2520 575 2550 in
592 2520 746 2560 potestate
763 2518 954 2549 Samnitium
970 2518 1061 2549 fuiss'e
1084 2518 1221 2549 videtur.
1266 2517 1379 2548 Livius
1395 2517 1573 2560 improprie
1587 2520 1673 2549 Sam-

381 2567 425 2597 nii
439 2565 568 2596 nomine
582 2564 722 2605 appellat
746 2564 826 2600 loca,
849 2574 918 2604 quae
934 2562 1088 2594 Samnites
1105 2571 1195 2594 extra
1209 2562 1373 2594 Samnium
1386 2563 1477 2594 suum
1487 2563 1520 2593 vi
1533 2563 1585 2594 vel
1600 2573 1673 2605 per-

379 2611 472 2642 suasu
496 2609 529 2640 in
552 2610 639 2639 suam
656 2610 848 2650 redegerunt
870 2608 1067 2648 potestatem.
1112 2608 1168 2649 (3)
1190 2610 1237 2642 Eo
1251 2609 1333 2645 loco,
1355 2607 1410 2648 qui
1428 2607 1583 2649 posterior
1609 2617 1674 2638 me-

381 2662 525 2686 moratus
548 2654 600 2689 est,
623 2664 738 2695 nempe
756 2654 795 2684 ad
812 2653 1033 2694 Aquiloniam.
1080 2654 1135 2694 (4)
1157 2653 1293 2685 Absenti
1321 2653 1450 2694 collegae
1476 2651 1584 2685 omnia
1599 2662 1675 2683 con-

381 2700 448 2730 filia
464 2698 668 2741 impertiebat
690 2697 850 2740 Papirius,
897 2698 951 2739 (5)
975 2698 1023 2728 Sic
1050 2697 1135 2729 infra
1149 2698 1168 2728 l.
1187 2707 1236 2737 25.
1250 2709 1275 2729 c.
1294 2697 1344 2728 16.
1358 2698 1394 2728 ab
1409 2700 1513 2728 occultis
1529 2699 1678 2727 cavendum

379 2745 530 2786 ¹ffvm‘rzilms
546 2744 726 2785 consultgsque.
749 2743 839 2784 Virg.
859 2742 879 2774 i.
893 2744 920 2774 ό.
944 2743 1019 2775 ΖΕΒ,
1035 2752 1066 2775 V.
1086 2752 1157 2783 151.
1181 2744 1257 2783 Dum
1273 2742 1391 2793 corffulta
1401 2746 1488 2786 petis,
1533 2741 1589 2783 (6)
1604 2740 1678 2772 Vid.

1577 2785 1671 2827 supra
