1853 3158
330 378 424 461 T.
483 383 747 462 LIVII
834 385 1388 466 PATAVINI

430 628 739 684 LIBER
799 629 1280 688 TERTIUS⁶

1523 955 1560 984 U.
1579 965 1603 984 c.
1622 954 1694 992 287*

211 1015 245 1054 1·.
279 986 509 1060 ANTIO
531 1027 663 1071 capto,
684 1017 751 1057 Ti.
777 1018 971 1060 AEmilius
997 1022 1033 1059 δε
1068 1020 1141 1078 Q
1157 1015 1304 1060 Fabius
1321 1018 1501 1059 consules
1518 1001 1720 1074 {wxibcjffiiss

211 1072 327 1112 fiunt.
388 1075 469 1114 Hic
491 1086 575 1114 erat
593 1075 739 1115 Fabius
772 1076 972 1134 Qintus‚
995 1080 1057 1132 (Ι)
1079 1078 1149 1131 qui
1169 1092 1274 1117 unus
1294 1077 1501 1117 exstin&ae
1519 1089 1562 1119 lio
1580 1090 1616 1118 11.
1632 1090 1683 1131 Q

204 1131 259 1168 -ad
280 1131 512 1172 Cremeram
533 1133 643 1187 genti
675 1133 934 1186 superfuerat.
995 1136 1086 1187 Jam
1127 1136 1257 1189 priore
1293 1134 1502 1174 consulatu
1522 1133 1618 1165 Fabio
1636 1132 1715 1164 Coss‘,

211 1187 404 1229 AEmilius
432 1191 553 1229 dandi
571 1191 653 1245 agri
676 1191 780 1244 plebi
802 1191 932 1231 fuerat
949 1192 1103 1232 aurstor.
1164 1193 1306 1246 Itaque
1328 1191 1501 1232 secundo

211 1259 373 1298 quoque
395 1247 602 1287 consulatu
634 1249 720 1303 ejus
744 1253 784 1289 ὃς
820 1252 880 1303 (2)
920 1250 1063 1304 agrarii
1102 1250 1138 1290 se
1180 1250 1220 1289 in
1260 1250 1367 1303 spem
1404 1250 1503 1304 legis

202 1314 432 1354 erexerant,
453 1308 492 1345 &
515 1305 664 1345 tribuni
681 1320 781 1354 rem,
802 1317 941 1346 contra
962 1307 1143 1347 consules
1165 1307 1264 1361 saepe
1290 1316 1502 1358 tentatam,

203 1361 391 1414 adjutore
414 1363 553 1415 utique
576 1363 754 1413 consule,
787 1363 958 1403 obtineri
981 1366 1086 1418 poffe
1126 1365 1216 1414 rati,
1254 1364 1470 1417 suscipiunt
1489 1381 1501 1411 ;

214 1419 251 1455 3<
276 1419 413 1457 consul
428 1420 613 1459 manebat
630 1421 670 1458 in
692 1420 885 1460 sententia
906 1421 985 1460 sua.
1045 1422 1277 1461 Poffeffores
1301 1424 1337 1461 8<
1358 1436 1503 1476 magna

211 1488 301 1526 pars
323 1477 503 1525 Patrum,
519 1479 580 1531 (3)
602 1477 825 1517 tribuniciis
847 1478 884 1517 se
909 1479 1063 1533 ja&are
1093 1479 1319 1519 actionibus
1356 1479 1504 1532 princi-

210 1546 303 1584 pem
324 1532 507 1582 civitatis‚
531 1538 571 1574 &
589 1535 793 1588 largiendo
811 1536 860 1575 de
877 1537 1005 1575 alieno
1028 1538 1261 1590 popularem
1297 1535 1383 1575 fieri
1404 1550 1503 1589 que-

209 1600 356 1638 rentes,
375 1591 496 1629 totius
517 1591 707 1631 invidiam
725 1593 780 1631 rei
798 1607 819 1631 a
840 1593 1010 1632 tribunis
1038 1594 1078 1632 in
1114 1593 1318 1633 consulem
1351 1603 1502 1632 averte-

209 1657 310 1685 rant.
374 1648 504 1687 Atrox
536 1658 739 1688 certarnen
762 1650 912 1699 aderat,
933 1651 973 1689 ni
991 1650 1136 1690 Fabius
1173 1650 1334 1690 confilio
1368 1652 1501 1689 neutri

209 1704 316 1756 parti
332 1705 476 1744 acerbo
497 1719 582 1744 rem
603 1707 829 1760 expediffet.
876 1707 923 1746 T.
950 1707 1128 1763 Quinfiii
1142 1708 1254 1747 dufiu
1279 1709 1330 1748 εἷς’
1349 1709 1502 1761 euspicio

207 1763 295 1814 agri
309 1764 405 1814 capti
412 1765 538 1815 priore
556 1779 650 1802 anno
668 1765 899 1818 aliquantum
935 1782 957 1804 a
1001 1765 1039 1804 V
1035 1766 1133 1821 Offsis
1169 1766 1229 1821 effi
1247 1784 1257 1804 :
1320 1766 1499 1815 Antium,

200 1821 461 1873 propinquam,
491 1830 740 1873 opportunam,
765 1823 816 1863 {25'
837 1825 1064 1862 maritimam
1084 1824 1223 1873 urbem,
1241 1823 1411 1862 coloniam
1439 1823 1500 1861 de-

207 1876 291 1915 duci
305 1879 394 1932 poffi’
411 1896 423 1916 :
455 1878 507 1917 ita
509 1878 595 1933 sine
609 1880 763 1932 querelis
777 1881 1137 1936 poſji’ſjbrurnplebern
1154 1883 1192 1920 in
1212 1896 1320 1934 agros
1340 1882 1498 1929 ituram,

206 1935 394 1974 civitatem
427 1937 466 1974 in
496 1937 682 1977 concordi-ci
708 1937 809 1992 fore.
871 1938 973 1978 Haec
1010 1938 1202 1978 sententia
1233 1948 1396 1991 accepta
1427 1937 1496 1977 est.
1517 1963 1631 1992 Antium
1644 1965 1710 1994 [οἶσθ

206 1991 459 2033 Triumviros
481 2007 575 2047 agro
598 1995 729 2034 dando
747 2004 854 2034 creat
876 1998 937 2049 (4)
952 1995 1004 2035 T.
1035 1996 1297 2053 Qintffium,
1321 1998 1373 2035 A.
1404 1996 1498 2035 Vir-
1516 2010 1712 2039 maleam-nur.

206 2049 380 2102 ginium,
397 2050 442 2089 P.
461 2051 640 2091 Furium.
660 2052 749 2106 jussi
771 2054 935 2092 nomina
964 2054 1074 2104 dare,
1107 2054 1176 2107 qui
1216 2068 1358 2108 agrum
1395 2054 1497 2093 acci-

207 2121 299 2160 pere
321 2109 480 2148 vellent.
541 2109 652 2149 Fecit
673 2110 803 2149 statim
818 2113 879 2163 (ut
898 2110 960 2164 fit)
980 2110 1183 2151 fastidium
1206 2111 1345 2164 copia3
1378 2109 1497 2150 adeo·
1606 2119 1630 2165 ἧς

208 2179 286 2217 que
309 2167 425 2218 pauci
449 2166 610 2205 nomina
633 2168 795 2219 dedere,
830 2179 873 2207 ut
906 2169 955 2208 ad
996 2170 1240 2222 explendum
1281 2183 1497 2208 numerum

208 2223 340 2261 coloni
390 2224 525 2264 Volsci
578 2225 843 2266 adderentur:
893 2236 1023 2266 cetera
1074 2227 1292 2266 multitudo
1337 2225 1496 2279 poscere

210 2279 355 2320 Romae
373 2296 513 2335 agrum
548 2283 680 2331 malle,
703 2281 826 2336 quam
849 2283 940 2324 alibi
977 2285 1170 2338 accipere.
1233 2284 1360 2337 AEqui
1395 2298 1416 2323 a
1442 2284 1515 2340 Q

255 2397 291 2426 C.
306 2405 332 2426 1.
356 2397 496 2437 (1)Vid.
512 2406 578 2429 not.
598 2407 625 2439 7.
641 2401 681 2430 ad
705 2411 729 2431 c.
747 2410 797 2439 50.
814 2400 833 2431 l.
851 2410 878 2433 2.
904 2401 1018 2433 Clades
1042 2401 1097 2432 illa
1121 2400 1276 2432 decennio
1300 2400 1401 2431 solnm
1422 2407 1498 2430 ante

208 2441 275 2480 ejus
289 2442 489 2473 consulatum
506 2443 631 2480 accidit,
650 2446 680 2475 ὃς
698 2453 766 2476 tum
785 2454 871 2487 prope
898 2448 1025 2487 puberem
1048 2454 1152 2476 aetatem
1185 2446 1254 2476 fuit.
1300 2446 1359 2476 Sed
1388 2445 1419 2474 Sc
1449 2446 1500 2474 M.

208 2485 375 2516 Valerium
389 2488 533 2517 Corvum
546 2487 657 2529 viginti
675 2498 738 2520 tres
762 2501 863 2521 anuos
879 2499 991 2521 natum
1005 2491 1205 2522 consulatum
1222 2488 1400 2526 obtinuisse,
1424 2500 1498 2520 auc-

209 2534 261 2560 'tor
278 2530 320 2560 est
334 2531 455 2568 Livius,
471 2531 555 2562 infra
572 2531 590 2563 l.
607 2542 632 2571 7.
643 2545 668 2564 c.
687 2534 735 2565 26.
761 2535 816 2574 (2)
834 2537 986 2566 Fautores
1010 2535 1086 2577 legis
1099 2535 1238 2577 agrariae.
1252 2534 1291 2565 fic
1307 2534 1392 2565 infra
1408 2533 1427 2564 l.
1447 2543 1496 2571 27.

207 2585 234 2605 c.
253 2584 302 2606 21.
321 2576 351 2605 8<
376 2575 443 2606 Cic.
464 2576 555 2607 Catil.
572 2588 600 2614 4.
617 2589 642 2608 c.
668 2588 694 2610 z.
740 2580 1001 2620 (3)Tribuniciis
1018 2580 1198 2611 aetionibus
1212 2580 1361 2616 favendo,
1386 2589 1497 2609 auram

209 2619 398 2660 popularem
415 2630 544 2661 captare
563 2633 635 2652 eum
657 2622 711 2663 qui
730 2623 908 2665 principem
936 2625 1043 2655 locum
1071 2625 1104 2657 in
1133 2625 1263 2656 civitate
1295 2631 1428 2655 teneret.
1456 2622 1495 2653 sic

209 2663 275 2694 Cic.
287 2665 383 2696 Catil.
396 2676 424 2703 4.
437 2676 463 2696 c-
478 2675 508 2705 5.
554 2668 608 2709 (4)
626 2668 790 2700 Creandos
803 2677 893 2701 curat
909 2670 1038 2701 Consul.

1372 2742 1495 2785 Fabio
