1905 3168
222 1063 248 1114 Τ

820 255 871 296 T.
934 255 1190 297 LIVII

360 371 416 409 les
438 369 545 418 estet,
577 376 708 408 coetus
725 367 964 417 noeturnos,
996 383 1086 422 pars
1101 368 1306 422 Esquiliis,
1339 383 1429 423 pars
1458 368 1498 408 in
1525 371 1657 411 Aven-

358 428 459 476 tino,
490 426 647 475 facere3
680 440 730 465 ne
752 428 814 480 (ι)
835 426 876 465 in
897 425 987 466 foro
1010 426 1146 466 subitis
1167 428 1382 481 trepidaret
1408 429 1592 477 consiliis,
1616 432 1657 469 δε

358 485 494 524 onmia
515 494 665 524 temere
680 498 724 523 ac
746 481 916 523 fortuito
940 495 1086 539 ageret.
1148 485 1247 524 Eam
1265 499 1348 524 rem
1371 485 1552 525 consules
1566 486 1657 536 rati,

360 552 403 582 ut
419 552 517 591 erat,
549 541 827 596 perniciosam,
859 543 908 581 ad
921 542 1059 582 Patres
1077 541 1286 583 deferunt:
1318 543 1383 582 sed
1401 544 1572 582 delatam
1595 547 1657 598 (2)

358 600 564 642 consulere
587 600 726 640 ordine
758 614 840 639 non
862 599 987 639 licuit.
1011 598 1111 639 adeo
1132 598 1382 640 tumultuose
1414 611 1579 655 excepta
1599 602 1656 643 est

358 657 601 698 clamoribus
619 658 798 711 undique
817 661 858 699 &
876 657 1151 712 indignatione
1168 660 1354 707 Patrum,
1387 658 1426 706 fi,
1450 660 1558 711 quod
1581 659 1657 698 im-

357 716 468 769 perio
490 716 687 756 consulari
713 715 1013 769 ex[equendum
1035 718 1097 769 (3)
1117 716 1226 765 estet,
1248 715 1438 755 invidiam
1452 718 1538 771 ejus
1561 731 1657 757 con-

358 774 461 814 sules
491 775 542 814 ad
563 773 744 814 senatum
765 774 989 828 rejicerent.
1051 772 1272 829 Profifz‘hst
1290 774 1393 829 affut
1413 775 1451 812 in
1473 776 1658 827 republicd

359 832 608 888 magistratus,
631 833 773 872 nullum
780 833 966 887 ficturum
974 831 1046 887 fici
1073 847 1089 869 e
1110 831 1251 881 Romae,
1266 830 1339 885 stfi
1352 831 1554 884 publicum,
1575 848 1656 872 con·—

357 891 494 929 cilz’um.
558 890 674 930 Nunc
693 892 732 929 in
751 890 846 929 mille
866 891 991 928 curias
1010 889 1249 943 contionesque
1266 888 1405 942 (quum
1426 890 1501 928 alia
1522 891 1561 928 in
1583 890 1656 944 Eſs-

357 948 498 1001 qzziliis,
528 949 604 987 alia
635 950 673 987 in
702 948 890 987 Aventino
895 946 1005 1000 flant
1035 947 1210 1004 concilia)
1232 947 1422 1001 diſjvetsam
1448 947 1499 988 {55³
1513 946 1657 1002 dffpa—

356 1015 434 1044 tam
454 1007 516 1061 effe
537 1006 805 1058 rempublicmn.
834 1006 979 1057 Unum,
1002 1005 1181 1054 Hercule,
1204 1006 1346 1054 virum,
1369 1004 1438 1059 (id
1456 1004 1538 1063 (4)
1558 1008 1653 1045 enim

348 1064 437 1116 plus
457 1055 530 1120 ff,
553 1064 665 1117 quZIm
681 1064 880 1120 cmficlem)
897 1063 1017 1117 qualis
1037 1063 1112 1116 Ap.
1133 1063 1312 1102 Claudius
1318 1063 1463 1118 fuerit,
1485 1073 1656 1103 momento

355 1124 524 1175 temporis
554 1122 790 1181 dist-›ffmcm
826 1122 904 1161 illos
934 1130 1044 1161 coetus
1064 1121 1191 1176 suff.
1253 1120 1437 1174 Correpti
1475 1121 1656 1162 consules

355 1194 498 1233 quum,
531 1181 627 1233 quid
659 1194 754 1234 ergo
785 1179 822 1218 se
854 1179 985 1219 facere
1006 1180 1170 1230 vellent,
1203 1179 1319 1233 (nihil
1355 1178 1463 1219 enim
1497 1179 1657 1234 segnius

355 1237 577 1285 molliusve,
611 1236 734 1291 quarn
747 1237 933 1277 Patribus
947 1238 1115 1291 placeat,
1148 1237 1657 1291 adturos)percun&aren-‘

356 1305 437 1344 tur,
458 1296 695 1345 decernunt,
727 1304 772 1334 ut
803 1296 1008 1335 deleEtum
1031 1294 1154 1348 quam
1184 1295 1425 1335 acerrimum
1456 1294 1655 1335 habeant:

354 1353 437 1392 otio
466 1352 643 1393 lascivire
665 1352 837 1407 plebem.
872 1354 1044 1392 Dimiffo
1067 1353 1220 1402 senatu,
1252 1352 1433 1393 consules
1467 1353 1507 1391 in
1529 1352 1656 1392 tribu-

354 1411 420 1449 nal
442 1410 673 1450 ascendunt.
703 1411 828 1451 citant
844 1411 1085 1450 nominatim
1109 1411 1303 1465 juniores.
1340 1411 1484 1467 Qum
1504 1412 1552 1450 ad
1581 1425 1654 1451 no-

353 1483 447 1508 rnen
479 1483 600 1508 nemo
630 1468 903 1522 responderet,
935 1468 1177 1508 circumfusa
1194 1468 1413 1508 multitudo
1430 1468 1471 1507 in
1493 1469 1655 1508 concio-

352 1527 414 1566 nis
446 1528 615 1567 modum
646 1541 807 1581 negare,
844 1527 960 1567 Ultra)
991 1527 1105 1580 decipi
1130 1527 1267 1580 plebem
1280 1526 1383 1582 poſje.
1446 1526 1653 1580 Nunquam

354 1600 468 1624 mlum
489 1586 639 1624 militem
665 1585 866 1636 habituros,
899 1587 938 1624 ni
960 1584 1042 1643 (5)
1056 1585 1296 1640 prastaretur
1313 1583 1413 1639 fides
1426 1585 1585 1637 publica.
1608 1586 1654 1623 li-

351 1644 524 1684 bertatem
542 1644 735 1697 unicuique
746 1642 858 1696 prins
879 1643 1098 1686 reddendam
1119 1644 1193 1698 effi’,
1225 1642 1338 1696 quhm
1363 1659 1471 1682 arma
1498 1643 1623 1682 danda
1640 1661 1652 1682 :
1700 1690 1703 1692 v

352 1709 393 1739 ut
414 1711 486 1754 pro
508 1703 644 1754 patric?
670 1701 888 1755 civibusque,
915 1716 982 1740 non
1000 1711 1070 1754 pro
1090 1701 1258 1748 dominis,
1273 1710 1451 1755 pugnent.
1495 1701 1654 1742 Consu-

351 1760 423 1808 les,
456 1760 552 1812 quid
570 1760 806 1798 mandatum
823 1759 916 1798 effet
935 1775 957 1798 a
977 1758 1132 1810 senatu,
1165 1758 1377 1799 videbant:
1409 1758 1474 1798 sed
1496 1773 1654 1809 eorum,

352 1817 421 1869 qui
448 1817 552 1856 intra
574 1817 743 1870 parietes
769 1817 891 1856 curiae
927 1816 1113 1857 ferociter
1141 1817 1416 1869 loquerentur,
1448 1817 1652 1856 neminem

352 1875 494 1924 adeffe,
526 1875 686 1915 invidiae
708 1875 788 1915 suae
817 1874 1080 1931 participem:
1115 1877 1152 1915 δε
1177 1875 1392 1928 apparebat
1413 1884 1524 1914 atrox
1558 1889 1654 1915 cum

352 1932 466 1986 plebe
499 1942 715 1973 certamen.
775 1931 895 1972 Prius
927 1933 1077 1986 itaque,
1109 1931 1232 1986 quam
1263 1934 1404 1973 ultima
1424 1933 1653 1987 experiren-

353 2003 433 2039 tur,
467 1990 647 2031 senatum
669 1991 816 2030 iterum
831 1991 1036 2032 consulere
1059 1991 1223 2045 placuit.
1245 2000 1334 2031 tum
1349 1988 1446 2031 vero
1469 1992 1519 2031 ad
1541 1990 1653 2031 sellas

353 2048 563 2089 consulum
586 2050 646 2102 (6)
668 2047 792 2103 prope
826 2050 1087 2089 convolavere
1124 2049 1317 2090 minimus
1353 2049 1520 2102 quisque
1554 2059 1651 2088 natu

353 2107 536 2155 Patrum,
569 2106 752 2147 abdicare
774 2107 1026 2147 consulatum
1043 2106 1245 2162 jubentes,
1280 2110 1321 2158 &e
1354 2108 1554 2161 deponere
1575 2107 1652 2146 im-

354 2165 528 2220 perium,
560 2166 608 2205 ad
627 2166 735 2218 quod
758 2166 956 2205 tuendum
970 2165 1128 2205 animus
1150 2166 1305 2206 deeffet.

399 2284 435 2313 C.
453 2281 505 2313 28.
532 2282 587 2323 (1)
611 2284 661 2314 Ne
683 2293 784 2323 quum
808 2283 841 2313 in
858 2285 967 2314 forum
984 2281 1172 2314 conveniret
1190 2282 1290 2324 plebs,
1313 2281 1433 2314 incerta
1453 2282 1628 2323 trepidaret
1645 2297 1653 2317 ς

354 2327 422 2360 aliis
439 2327 501 2358 alia
513 2327 641 2359 consilia
654 2339 670 2359 e
688 2339 722 2358 re
738 2328 813 2358 nat&
827 2327 1040 2368 sequentibus.
1085 2328 1140 2368 (2)
1164 2327 1184 2357 i.
1203 2339 1228 2359 e.
1239 2328 1278 2358 de
1292 2338 1326 2359 re
1339 2327 1443 2358 delatfi
1457 2335 1563 2369 patres
1576 2338 1653 2358 con-

355 2373 456 2404 sulere
478 2383 545 2403 non
570 2372 669 2404 licuit.
694 2373 743 2405 Sic
767 2373 868 2404 Plaut.
887 2375 977 2404 Men.
995 2384 1026 2409 4.
1047 2383 1074 2411 3.
1092 2373 1143 2404 26.
1158 2375 1287 2414 corfidam
1311 2374 1381 2403 hanc
1405 2386 1461 2403 rem
1487 2376 1594 2403 amicos.
1618 2373 1652 2403 δε

355 2418 421 2449 Cic.
436 2420 506 2448 Att.
526 2427 553 2456 7.
571 2428 622 2449 20.
638 2430 683 2448 nec
699 2426 724 2449 te
739 2421 770 2448 id
781 2420 889 2459 corfitlo.
934 2418 990 2459 (5)
1015 2417 1263 2449 Vindicandum.
1308 2418 1364 2460 (4)
1388 2418 1418 2448 h.
1440 2429 1466 2449 e.
1487 2417 1651 2459 ingenium

354 2462 445 2493 virile
459 2463 531 2504 plus
547 2462 607 2495 effe
618 2466 715 2504 quam
732 2463 898 2495 consulare
909 2460 1090 2504 imperium.
1136 2464 1191 2504 (5)
1215 2463 1257 2494 Ni
1273 2462 1317 2500 id,
1341 2463 1429 2504 quod
1446 2462 1507 2493 fide
1521 2462 1652 2503 publica

353 2507 541 2548 promiffum
557 2516 637 2544 erat,
663 2508 875 2551 praestaretur.
920 2508 976 2549 (6)
1001 2509 1241 2550 Propemodum
1269 2509 1310 2539 ad
1325 2507 1407 2549 ipsas
1435 2507 1523 2539 sellas
1540 2507 1652 2538 consu-

353 2554 421 2583 lum
442 2553 656 2584 convolavere
671 2553 813 2594 juniores
830 2562 971 2595 patrum,
993 2561 1030 2584 ut
1047 2553 1164 2594 quibus
1181 2553 1305 2585 calebat
1333 2551 1466 2595 sanguis.
1511 2552 1579 2583 Alii
1597 2553 1652 2583 ha-

354 2598 430 2629 bent
442 2605 571 2641 propere.
598 2598 749 2642 [Mallem
765 2598 986 2642 interpretari,
1002 2599 1092 2642 prope?
1106 2599 1160 2631 und
1171 2612 1255 2631 omncs
1272 2598 1476 2630 advolavere.
1502 2597 1550 2639 E.]
1619 2598 1623 2602 “

1271 2699 1426 2749 XXIX.
1460 2697 1648 2754 Utraque
