1905 3168
139 300 190 342 52

150 1005 188 1034 U.
207 1013 235 1033 c.
253 1010 328 1033 121.

150 1051 191 1078 A.
205 1049 240 1078 C.
258 1047 276 1077 6
282 1057 298 1085 3
306 1057 319 1076 1
328 1069 336 1076 .

148 1094 192 1122 L.
212 1093 339 1132 ‘Tarqui-

151 1139 210 1166 nius
224 1138 341 1166 Romam

149 1184 235 1212 venit,

156 1499 225 1539 Ejus
236 1508 322 1538 genus

158 1544 197 1575 δ’
202 1544 286 1582 fita.

821 284 873 326 T,
935 285 1192 327 LIVII

361 408 546 439 mentum
581 412 604 437 a
635 397 883 451 planioribus
918 399 1028 439 aditu
1061 401 1175 449 locis,
1210 398 1315 440 Anci
1336 397 1440 454 regis
1458 410 1562 452 opus
1593 396 1663 439 est,

361 456 522 511 Ingenti
555 455 805 494 incremento
833 454 952 496 rebus
973 457 1118 505 audiis,
1150 471 1277 509 quum
1313 456 1356 496 in
1388 454 1499 496 tanta
1533 456 1672 495 multi-

361 514 503 552 tudine
539 511 769 561 hominum,
813 512 1040 552 discrimine
1080 514 1189 554 reete
1227 528 1277 553 an
1321 527 1532 566 perperam
1568 511 1669 553 faeti

363 569 548 617 confuso,
580 568 760 609 facinora
781 570 1025 609 clandestina
1058 569 1216 619 fierent,
1248 584 1383 610 carcer
1403 571 1453 610 ad
1474 580 1669 610 terrorem

364 626 622 666 increscentis
643 626 820 665 audaciae
837 628 968 666 media
989 626 1101 675 urbe,
1124 627 1340 667 imminens
1361 626 1469 677 foro,
1500 625 1674 667 aedifica-

365 693 493 723 catur
554 683 644 722 Nec
667 683 761 722 urbs
778 682 938 722 tantum
965 685 1042 724 hoc
1064 698 1157 738 rege
1180 684 1319 734 crevit,
1350 683 1416 722 sed
1437 684 1558 723 etiam
1581 695 1677 737 ager

366 740 559 804 finesque.
621 740 729 779 Silva
769 741 907 780 Maefia
942 741 1185 795 Vejentibus
1226 742 1428 793 adempta,
1460 740 1584 793 usque
1626 739 1676 779 ad

367 811 476 836 nroeue
500 797 715 850 imperium
747 798 965 849 prolatum,
1000 800 1037 837 &
1074 798 1115 836 in
1144 811 1212 836 ore
1242 796 1402 836 Tiberis
1434 796 1547 836 Ostia
1583 796 1679 836 urbs

369 855 555 894 condita·
547 883 557 901 ,
591 853 722 892 salinae
745 854 851 893 circa
874 854 1020 893 facitae:
1051 851 1293 908 egregieque
1316 852 1434 893 rebus
1466 852 1571 893 bello
1593 853 1679 908 ges-

369 913 437 962 tis,
468 912 564 951 aedis
586 910 697 962 Jovis
719 911 886 950 Feretrii
908 910 1164 964 amplificata.

429 969 631 1008 XXXIV.
694 968 814 1007 Anco
854 977 1064 1022 regnante,
1096 969 1300 1017 Lucumo,
1334 967 1395 1007 vir
1426 966 1598 1021 impiger
1635 978 1681 1006 ac

371 1026 519 1066 divitiis
552 1034 712 1079 potens,
745 1024 924 1064 Romam
955 1025 1250 1079 commigravit,
1282 1024 1471 1077 cupidine
1507 1022 1685 1063 maxime

372 1098 416 1123 ac
444 1083 510 1136 spe
532 1082 669 1136 magni
690 1081 870 1130 honoris,
903 1082 1020 1136 cujus
1041 1082 1287 1135 adipiscendi
1315 1081 1552 1133 Tarquiniis
1569 1083 1682 1134 (nam

373 1141 427 1180 ibi
450 1154 613 1193 quoque
650 1139 861 1192 peregrina
899 1139 1016 1192 stirpe
1050 1139 1247 1179 oriundus
1279 1141 1380 1192 erat)
1403 1138 1576 1178 facultas
1598 1149 1681 1176 non

373 1197 517 1237 fuerat.
578 1195 789 1236 Damarati
806 1196 1009 1236 Corinthii
1031 1195 1137 1236 filius
1154 1206 1264 1244 erat3
1288 1196 1375 1249 qui,
1396 1195 1448 1235 ob
1469 1194 1685 1235 seditiones

375 1256 497 1294 domo
515 1253 728 1308 profugus,
761 1268 887 1305 quum
904 1253 1139 1306 Tarquiniis
1157 1253 1260 1293 forte
1279 1252 1528 1303 consediffet,
1559 1265 1686 1292 uxore

375 1312 430 1351 ibi
463 1311 600 1359 dueta,
633 1312 734 1349 duos
756 1309 860 1351 filios
882 1311 1035 1364 genuit.
1096 1310 1277 1350 Nomina
1307 1309 1370 1350 his
1403 1310 1592 1349 Lucumo
1628 1318 1687 1348 at-

379 1382 458 1421 que
493 1368 632 1408 Aruns
664 1366 844 1406 fuerunt.
906 1368 1094 1406 Lucumo
1118 1366 1315 1420 superfuit
1336 1366 1454 1419 patri,
1485 1366 1687 1406 bonorum

376 1425 561 1464 omnium
582 1424 739 1463 haeres:
772 1424 911 1463 Aruns
933 1424 1042 1476 prior
1064 1423 1188 1476 quam
1209 1433 1321 1476 pater
1343 1424 1530 1472 moritur,
1562 1436 1687 1463 uxore

377 1483 540 1537 gravida
579 1481 733 1520 reneka.
798 1480 887 1520 Nec
921 1480 991 1520 diu
1027 1490 1163 1520 manet
1199 1480 1393 1534 superstes
1434 1479 1518 1518 filio
1554 1488 1692 1533 pater:

377 1540 448 1593 qui
470 1552 613 1592 quum,
646 1538 836 1591 ignorans
857 1551 1008 1576 nurum
1038 1546 1222 1577 ventrem
1258 1537 1381 1589 ferre,
1412 1537 1628 1576 immemor
1649 1536 1692 1575 in

378 1597 559 1637 testando
595 1595 753 1648 nepotis
786 1595 1015 1643 decessisset,
1046 1609 1191 1659 puer03
1219 1595 1306 1648 post
1342 1594 1404 1634 avi
1442 1604 1616 1633 mortem
1651 1593 1693 1632 in

378 1655 532 1693 nullam
569 1652 716 1692 sortem
736 1652 939 1691 bonorum
960 1661 1070 1700 nato,
1102 1651 1150 1691 ab
1182 1651 1317 1705 inopia
1345 1651 1491 1706 Egerio
1518 1651 1694 1690 inditum

380 1724 544 1751 nomen.
606 1709 840 1749 Lucumoni
875 1707 1033 1760 contra,
1065 1709 1249 1748 omnium
1286 1708 1437 1749 haeredi
1476 1705 1695 1756 bonorum,

383 1782 513 1832 quum
535 1767 715 1806 divitiae'
701 1781 786 1821 jam
809 1766 964 1806 animos
986 1765 1180 1814 facerent,
1213 1766 1324 1805 auxit
1352 1764 1506 1805 (1υᾶ3
1497 1779 1539 1804 1n
1557 1765 1695 1804 matri-

384 1826 570 1865 monium
600 1823 822 1876 Tanaquil,
855 1823 1011 1862 summo
1043 1825 1134 1863 loco
1155 1831 1263 1873 nata,
1298 1825 1335 1863 8<
1371 1836 1462 1875 quae
1494 1825 1557 1876 (1)
1584 1821 1695 1861 haud

385 1881 533 1923 facile
526 1882 587 1930 lis,
619 1881 660 1920 in
682 1880 828 1934 quibus
851 1890 943 1919 nata
971 1890 1072 1932 erat,
1103 1880 1319 1919 humiliora
1340 1880 1494 1919 smeret.
1556 1881 1618 1932 (2)
1638 1878 1697 1918 Ea

387 1953 515 1993 quum
554 1938 611 1977 illi
652 1938 854 1990 nupsisset,
887 1937 1164 1991 spernentibus
1197 1936 1374 1977 Etruscis
1410 1936 1697 1976 Lucumonem

387 1998 521 2038 exsule
561 1995 714 2036 advena
748 2003 898 2045 ortum,
945 1994 1050 2035 ferre
1092 1993 1374 2048 indignitatem
1414 2007 1497 2033 non
1537 1992 1696 2045 potuit·,

1495 2048 1700 2103 oblitaque

439 2189 476 2219 C.
494 2197 544 2226 34.
557 2184 648 2224 (1)i.
666 2197 693 2216 e.
718 2185 806 2216 haud
823 2183 914 2215 facile
933 2183 1048 2215 smeret
1066 2183 1288 2215 conditionem
1304 2183 1392 2214 suam
1409 2182 1479 2224 post
1495 2181 1625 2222 nuptias
1637 2181 1698 2213 hu-

395 2232 555 2263 miliorem
572 2230 643 2267 ess'e,
665 2241 701 2261 ea
725 2230 758 2260 in
776 2229 839 2270 quii
855 2236 932 2260 nata
944 2237 1021 2260 erat.
1067 2229 1125 2269 (2)
1150 2229 1245 2258 Hanc
1262 2227 1436 2259 leetionem
1453 2226 1577 2263 reduxi,
1599 2236 1698 2267 quam

396 2277 522 2308 codices
547 2273 758 2315 manuscripti
776 2277 843 2304 fere
860 2284 983 2310 ornnes,
1005 2272 1149 2313 editique
1172 2272 1270 2303 etiam
1290 2279 1366 2303 ante
1386 2272 1593 2308 Rhenanum‚
1616 2281 1698 2312 prae-

395 2324 519 2352 ierunt.
559 2321 587 2349 Is
604 2319 711 2360 primo
728 2319 836 2349 locum
854 2325 980 2348 tentare
991 2316 1097 2358 coepit,
1110 2328 1171 2358 pro
1183 2329 1264 2358 quum
1280 2318 1325 2346 illi
1340 2314 1465 2359 nupfiffit
1480 2315 1587 2356 legens
1618 2327 1701 2356 quum

396 2366 534 2407 vnupfff
525 2371 562 2395 t
610 2363 678 2394 Alii
706 2362 823 2394 deinde
851 2361 949 2393 secuti
978 2362 1051 2392 sunt
1068 2362 1176 2392 locum
1193 2368 1312 2391 temere
1329 2367 1489 2392 vexantes
1537 2359 1701 2390 Postremo

397 2409 597 2440 dofflffimus
622 2407 820 2444 Gronovius,
842 2407 1063 2447 conjee‘turam
1087 2407 1141 2447 (ut
1167 2405 1233 2445 ipse
1261 2404 1358 2445 dicit)
1379 2412 1470 2436 extra
1486 2404 1589 2435 aleam
1606 2403 1702 2445 praes-

398 2462 482 2490 tans,
503 2452 616 2490 edidit,
637 2454 786 2482 humiliora
799 2452 891 2492 suere
890 2458 909 2480 t
934 2464 965 2480 ea
989 2463 1047 2491 quae
1074 2451 1209 2492 inmtffiſji
1209 2457 1234 2479 t.
1281 2450 1475 2490 Spernentibus
1501 2449 1562 2480 ὅτε.
1607 2449 1704 2478 Hanc

399 2499 621 2538 conjet‘turam
647 2494 836 2537 posteriores
863 2494 897 2524 in
922 2502 1046 2525 textum
1072 2500 1276 2535 receperunt,
1297 2494 1383 2524 inter
1400 2504 1482 2534 quos
1509 2491 1702 2523 numerandi

399 2544 448 2572 Dr
451 2540 688 2572 akenborchius
708 2541 738 2570 8<
752 2538 956 2575 Crevierius;
972 2549 1100 2579 parum,
1110 2546 1145 2568 ut
1157 2538 1236 2568 mihi
1253 2538 1394 2574 videtur,
1403 2536 1580 2579 integritati
1597 2535 1704 2567 textus

402 2586 531 2617 Liviani
548 2585 758 2615 consulentes.
804 2582 871 2613 Ubi
899 2583 1025 2613 codices
1046 2582 1263 2619 consentiunt,
1285 2590 1316 2613 et
1342 2582 1448 2613 sensus
1472 2581 1534 2612 loci
1551 2580 1624 2611 satis
1641 2581 1704 2611 cla-

404 2642 458 2662 rus
484 2630 537 2667 est,
559 2637 590 2660 et
619 2628 741 2659 locutio
757 2625 896 2658 sermoni
914 2626 1033 2657 Latino
1048 2637 1148 2667 congr
1152 2637 1211 2663 ua3
1234 2634 1305 2657 tum
1330 2633 1457 2657 textum
1479 2624 1610 2656 minim&
1634 2635 1706 2655 mo-

403 2676 547 2706 vendum
574 2673 704 2709 censeo;
728 2682 774 2711 ne?
800 2670 932 2711 quidem
963 2671 985 2701 fi
1013 2671 1201 2711 conjectura
1237 2669 1467 2701 verisimillima
1506 2670 1708 2710 proferatur.

406 2717 601 2761 Hujut'modi
628 2725 736 2749 autem
763 2726 831 2747 non
856 2715 986 2748 videtur
1002 2717 1098 2759 (pace
1123 2714 1283 2748 Gronovii
1305 2713 1458 2755 dixerim)
1473 2724 1570 2756 quam
1595 2711 1649 2743 ille
1665 2714 1706 2743 ad

1625 2757 1711 2790 hunc

1897 387 1902 398 b

1897 407 1901 451 l

1897 463 1905 491 ε,
