1905 3168
173 272 256 325 >136
863 265 1228 307 T.L1v11

389 383 486 436 pati,
502 396 563 420 nec
583 380 647 419 tibi
661 380 808 432 turpius
827 377 940 431 quhm
957 377 1048 417 mihi
1068 379 1246 433 mistrius,
1255 378 1391 435 pqfficm
1409 395 1421 417 .·
1452 392 1528 425 nec,
1550 376 1634 434 (4)
1647 382 1691 417 ut·

380 439 458 494 fim
481 439 699 493 miserrima,
717 435 932 492 diustztura
941 436 1042 490 ficm.
1103 436 1167 475 De
1186 436 1243 476 his
1262 437 1402 475 videris
1419 454 1431 475 :
1449 450 1549 489 quos,
1549 434 1591 489 si
1600 445 1688 487 per-

393 499 468 550 gis,
489 504 556 537 aut
588 497 790 545 immatura
822 509 931 542 mors,
951 503 1018 534 aut
1037 494 1142 548 longa
1164 494 1335 549 firvitus
1376 501 1509 533 manet.
1569 493 1690 536 Uxor

397 554 543 593 deinde
565 567 609 592 ac
632 551 744 591 liberi
765 551 962 605 amplexi:
993 551 1186 605 fletusque
1209 551 1257 591 ab
1278 552 1389 591 omni
1411 548 1527 590 turb'a
1548 550 1691 588 mul-ie-

397 625 489 651 rum
503 620 630 660 ortus,
649 612 688 650 ἃ
711 609 974 663 comploratio
993 609 1051 648 sui
1082 610 1316 663 patriaeque‚
1349 609 1503 663 fregere
1529 607 1691 646 tandem

397 670 543 708 virum.
561 668 797 721 complexus
818 667 910 706 inde
928 667 1017 707 suos
1038 667 1229 707 dimittit:
1260 666 1340 720 ipse
1361 677 1467 706 retro
1504 665 1552 705 ab
1594 664 1692 704 urbe

396 726 524 766 castra
542 726 680 765 movit.
743 724 944 765 Abduffis
966 724 1108 764 deinde
1140 723 1364 778 legionibus
1391 737 1439 762 ex
1480 737 1575 777 agro
1606 723 1694 761 Ro-

399 798 538 833 mano,
558 781 706 822 invidi&
722 782 778 822 rei
798 782 1022 836 oppressum
1040 782 1177 835 periffe
1190 782 1360 820 'tradunt
1378 797 1389 829 ;
1422 781 1487 819 alii
1508 781 1585 819 alio
1599 781 1692 819 leto.

398 843 506 895 apud
524 841 692 880 Fabium
709 842 787 893 (5),
801 837 919 894 longe
933 838 1247 892 antiquissimum
1264 838 1488 886 auctorem,
1503 837 1626 891 usque
1645 838 1695 876 ad

400 899 649 940 senectutem
669 897 802 936 vixiss'e
830 898 1005 936 eundem
1027 897 1200 935 invenio.
1262 895 1407 935 Refert
1438 892 1558 944 certe,
1590 894 1694 934 hanc

270 963 295 1009 †
400 957 501 1010 saepe
518 971 611 996 eum
634 955 774 994 exacta
801 963 919 994 aetate
939 954 1136 1008 usurpasse
1171 967 1330 1004 vocem,
1361 947 1492 993 Mulio
1532 953 1699 1007 miſser-ius

388 1016 473 1070 fini
492 1013 652 1068 exfilium
672 1013 744 1068 effi.
805 1008 901 1055 Non
919 1012 1303 1051 invideruntlaudes
1334 1010 1422 1051 suas
1458 1009 1696 1053 mulieribus

400 1073 475 1111 viri
496 1071 688 1124 Romani.
709 1070 811 1109 adeo
829 1070 908 1110 fine
929 1069 1221 1109 obtre&atione
1253 1069 1390 1123 gloriae
1418 1069 1558 1113 alienae
1591 1067 1698 1107 viv'e-

399 1130 533 1169 batur.
594 1128 868 1168 Monumento
886 1142 1048 1180 quoque
1082 1128 1191 1180 quod.
1220 1127 1329 1177 efflet,
1363 1127 1561 1179 templum
1600 1125 1699 1164 For-

402 1198 512 1226 tunae
551 1185 745 1226 Muliebri
767 1185 1012 1225 aedificatum
1047 1185 1358 1237 dedicatumque
1391 1183 1460 1223 est.
1522 1183 1698 1222 Rediere

402 1245 547 1284 deinde
561 1243 715 1291 Volsci,
737 1243 939 1298 adjunfflzis
963 1243 1124 1296 AEquis,
1142 1243 1183 1282 in
1198 1256 1340 1297 agrum
1363 1242 1611 1281 Romanum.
1634 1240 1705 1280 secl*

405 1302 533 1354 AEqni
553 1301 713 1341 Attium
729 1301 899 1340 Tullum
916 1300 1026 1340 haud
1048 1302 1152 1340 ultra
1165 1302 1291 1340 tulere
1307 1300 1465 1339 ducem.
1526 1299 1636 1338 Hinc
1649 1312 1697 1337 ex

403 1359 639 1405 certamine,
656 1358 795 1397 Volsci
816 1358 994 1410 AEquine
1016 1359 1300 1411 imperatorem
1339 1357 1560 1411 conjun&o
1589 1370 1700 1395 exer-

404 1417 502 1456 citui
525 1417 680 1464 darent,
702 1415 858 1466 seditio,
888 1416 1031 1454 deinde
1063 1424 1175 1454 atrox
1210 1415 1400 1468 proelium
1430 1424 1578 1453 ortum.
1641 1413 1701 1452 Ibi

406 1475 567 1513 fortuna
600 1473 739 1527 populi
778 1473 956 1513 Romani
990 1474 1092 1512 duos
1130 1472 1306 1512 hostium
1345 1472 1558 1519 exercitus,
1593 1470 1701 1510 haud

186 1563 217 1591 ἰ,
244 1572 267 1589 Γ.
287 1559 360 1596 267.
406 1530 542 1571 minus
582 1526 804 1584 pernicioso
848 1529 971 1583 quam
1005 1531 1200 1584 pertinaci
1250 1529 1466 1570 certamine
1513 1528 1700 1577 confecit.

182 1585 273 1638 Asc,
291 1587 366 1641 435·
407 1590 601 1630 Consules
631 1589 684 1628 T.
717 1589 892 1629 Sicinius
923 1592 962 1629 &r
998 1589 1047 1629 C.
1092 1588 1309 1640 Aquillius.
1347 1587 1498 1627 Sicinio
1549 1586 1703 1634 Volsci,

182 1649 364 1699 ·1·.sicir3iq‚
411 1648 593 1701 Aquillio
612 1646 782 1687 Hernici
797 1645 907 1700 (nam
931 1646 957 1685 ii
978 1660 1139 1699 quoque
1155 1646 1195 1684 in
1213 1646 1333 1685 armis
1354 1648 1484 1698 erant)
1498 1645 1703 1698 provincia

183 1695 388 1770 ⁹³,**1'†s‘l⁰¹ss'⁰'
407 1707 553 1746 evenit.
615 1705 675 1744 Eo
696 1718 801 1744 anno
822 1704 992 1744 Hernici
1014 1703 1187 1743 devicli:
1219 1705 1280 1757 (6)
1303 1717 1395 1743 cum
1412 1702 1570 1742 Volscis
1587 1717 1704 1756 aequo

186 1747 236 1772 ⁹⁰
263 1764 269 1769 ·
410 1765 544 1804 Marte
567 1763 775 1802 disceffum
791 1763 861 1802 est.

188 1844 229 1872 U.
246 1853 271 1873 c.
290 1840 362 1873 268.
466 1822 578 1862 XLI.
608 1821 680 1875 Sp.
698 1820 852 1861 Caffius
868 1821 1011 1860 deinde
1030 1823 1066 1860 ἃ
1082 1820 1279 1859 Proculus
1295 1819 1507 1873 Virginius
1525 1818 1706 1858 consules

187 1889 285 1962 „meg
302 1887 375 1961 4134.
409 1880 521 1920 facti.
549 1893 644 1919 cum
677 1878 867 1918 Hernicis
901 1877 1038 1917 foedus
1074 1878 1228 1917 iCtum:
1261 1877 1343 1931 agri
1366 1879 1428 1931 (1)
1450 1887 1581 1931 partes
1614 1877 1707 1915 duae

190 1937 241 1967 ho.
288 1936 315 1962 ai
332 1943 363 1962 10

188 1979 349 2054 ῌξῖξὲῗὲ
410 2011 478 2036 rus
500 1994 637 2035 consul
658 1993 809 2034 Caffius
826 2003 923 2033 erat.
986 1993 1215 2048 Adjiciebat
1235 1992 1329 2032 huic
1347 1992 1506 2032 muneri
1534 1991 1618 2046 agri
1639 1993 1710 2030 ali-

189 2065 270 2098 Coss,
412 2064 625 2107 quantum,
658 2066 780 2105 quem
808 2051 1017 2104 publicum
1039 2050 1221 2104 poffideri
1243 2065 1264 2089 a
1285 2051 1449 2103 privatis
1470 2049 1708 2090 criminahae

413 2122 491 2152 tur.
524 2112 569 2150 Id
588 2111 737 2149 multos
758 2110 921 2162 quidem
938 2109 1122 2158 Patrum,
1145 2108 1248 2162 ipsos
1270 2109 1510 2161 pofl'efl'ores‚
1531 2107 1710 2160 periculo

413 2183 549 2209 rerum
573 2168 732 2208 suarum
752 2166 935 2207 terrebat.
960 2166 1024 2206 sed
1043 2169 1082 2207 δε
1106 2169 1168 2220 (2)
1189 2165 1348 2219 publica
1366 2165 1549 2206 Patribus
1571 2164 1720 2204 sollici-'

415 2228 513 2266 tudo
540 2227 681 2275 inerat,
713 2225 923 2280 largitione
945 2224 1148 2264 consulem
1166 2223 1405 2277 periculosas
1425 2222 1597 2262 libertati
1614 2236 1718 2275 opes

1546 2280 1720 2320 struere.'

418 2402 539 2434 etiamsi
552 2400 726 2432 miserrima
744 2399 810 2436 lim,
832 2399 887 2430 diu
902 2401 1012 2430 futura
1028 2398 1140 2430 misera
1153 2399 1278 2436 sum,ut
1293 2409 1364 2438 quae
1388 2398 1431 2428 ob
1455 2397 1614 2432 &nechim
1627 2396 1714 2428 haud

421 2448 534 2488 procul
550 2458 569 2477 a
581 2453 685 2476 morte
702 2444 807 2475 abslm.
853 2447 899 2475 At
917 2445 956 2475 de
972 2444 1081 2475 liberis
1097 2444 1171 2480 tuis,
1187 2444 1242 2484 qui
1270 2442 1323 2475 hic
1349 2443 1379 2474 se
1404 2442 1512 2473 sistunt
1543 2441 1614 2479 tibi,
1642 2441 1715 2473 vide

420 2491 499 2531 qnid
513 2503 594 2532 agas.
640 2492 733 2521 Unus
761 2490 860 2520 codex
884 2489 1130 2530 manuscriptus,
1156 2489 1180 2519 is
1212 2490 1291 2519 vero
1317 2487 1486 2524 recentior,
1512 2488 1642 2527 praefert
1670 2499 1716 2516 nec

420 2539 471 2565 rbi
486 2539 605 2576 turpius,
621 2546 678 2566 nec
691 2536 757 2565 mihi
771 2537 892 2574 miserius
908 2551 914 2568 ;
939 2534 1028 2575 cujus
1046 2533 1192 2565 ledtionis
1215 2532 1344 2574 vestigia
1360 2532 1456 2563 etiarn
1487 2531 1520 2562 in
1544 2530 1612 2561 aliis
1635 2532 1717 2561 duo-

425 2581 483 2611 bus
497 2588 663 2621 apparent.
708 2579 764 2621 (4)
779 2579 870 2610 Licet
882 2578 946 2609 sim.
987 2579 1042 2619 (5)
1058 2580 1108 2610 De
1119 2589 1184 2619 quo
1200 2578 1264 2609 vid.
1277 2578 1372 2619 supra
1385 2577 1404 2607 l.
1418 2586 1444 2607 1.
1460 2587 1484 2607 c.
1496 2586 1549 2614 44.
1597 2576 1652 2616 (6)
1666 2575 1717 2605 Est

423 2625 566 2666 clliptica
576 2625 709 2662 locutio,
724 2635 838 2666 pro,ex
849 2627 947 2666 praelio
963 2638 1022 2654 cnm
1043 2627 1099 2655 Vol
1106 2628 1153 2654 cis.

470 2688 496 2718 C
523 2697 574 2724 41.
591 2687 645 2727 (1)
661 2686 742 2729 Agri
759 2687 846 2718 bello
863 2686 948 2727 capti
973 2687 1045 2717 duae
1065 2686 1168 2718 tertiae
1185 2694 1292 2728 partes
1319 2686 1497 2726 ademptae3
1520 2682 1615 2714 tertia
1632 2683 1718 2713 Her·

427 2732 503 2763 nicis
521 2732 657 2769 reddita,
672 2733 760 2773 quod
776 2743 850 2763 mox
868 2731 971 2763 Caffio
984 2731 1155 2772 objicietur
1172 2743 1189 2763 a
1206 2731 1333 2773 collegi.
1351 2744 1355 2748 ⁴
1382 2730 1437 2771 (2)
1465 2730 1576 2760 Metus
1594 2728 1624 2758 &
1642 2738 1719 2758 cura

1657 2783 1719 2814 ΡΠ)

409 1939 621 1990 ademptae.
645 1936 738 1975 inde
759 1935 972 1975 dimidium
994 1935 1164 1983 Latinis,
1198 1935 1412 1976 dimidium
1434 1934 1539 1988 plebi
1561 1923 1715 1973 (ὶίνίἷιι-Α
