1853 3158
102 251 179 296 184

95 398 134 425 U.
151 406 176 425 c.
199 403 270 435 294.

94 443 133 470 A.
153 442 187 471 C.
205 440 278 478 458.

95 487 132 514 (3.
152 484 300 521 claudit),

95 531 128 559 P.
142 530 273 560 Valerio

96 577 130 605 Η.
152 573 231 606 Coss‘.

95 1299 251 1328 Herdonius

95 1345 259 1384 Capildlium

92 1396 207 1429 occupat.

776 247 828 288 T.
888 247 1141 289 LIVII

320 365 606 417 permulcendo
646 362 936 416 tra&and0que
970 363 1313 404 mansuefecerant
1344 367 1404 420 (7)
1437 365 1609 419 plebem»

319 421 398 460 His
419 435 489 474 per
506 430 636 461 toturn
659 435 810 460 annum
830 421 980 461 artibus
1000 423 1062 461 lex
1082 422 1187 462 elusa
1206 422 1276 462 est.

377 479 471 519 XV.
507 477 726 532 Accipiunt
739 478 939 518 civitatem
956 479 1213 533 placidiorem
1230 478 1410 520 consules
1423 479 1470 520 C.
1489 480 1610 521 Clau-

319 536 422 585 dius,
457 536 579 590 Appii
608 536 729 585 filius,
763 539 804 577 &
829 538 872 577 Ρ.
895 537 1082 577 Valerius
1103 537 1321 578 Publicola.
1382 538 1496 577 Nihil
1516 540 1609 578 novi

317 606 446 634 novus
480 606 609 634 annus
631 595 828 635 attulerat.
858 594 955 649 legis
990 594 1166 634 ferendae
1185 598 1247 649 (1)
1268 606 1335 635 aut
1368 596 1610 648 accipiendae

316 666 412 692 cura
445 652 645 691 civitatem
677 651 848 692 tenebat.
911 655 972 706 (2)
1003 653 1216 709 Qantum
1243 653 1423 706 juniores
1444 654 1610 693 Patrum

316 709 422 763 plebi
445 710 481 749 se
496 709 622 764 magis
636 709 899 758 insinuabant,
930 724 978 749 eo
995 708 1128 749 acrius
1145 708 1284 749 contra
1305 710 1453 751 tribuni
1473 712 1612 750 tende-

317 768 428 815 bant,
461 778 504 806 ut
519 767 623 821 plebi
642 767 843 820 suspectos
856 781 932 806 eos
953 767 1203 806 criminando
1223 766 1412 807 facerent.
1476 770 1612 823 Corgju-

319 827 494 864 rationem
519 825 685 881 faHam,
717 824 896 879 Kaesonem
933 825 1056 863 Romae
1075 825 1160 879 cff’:
1192 824 1519 879 inte7ficiend0rum
1540 827 1612 865 tri-

318 885 511 934 bunorum,
542 883 766 922 trucidamlae
786 883 900 935 plebis
920 880 1057 936 cmfilia
1076 883 1182 920 inita.
1246 882 1295 921 Id
1325 885 1455 937 negotii
1483 884 1612 923 datum

317 942 361 979 ab
383 939 587 994 finioribus
618 941 798 986 Pati-um,
830 948 871 978 ut
885 940 1072 993 juventus
1107 940 1342 978 tribuniciam
1370 941 1574 994 potestatem
1595 957 1614 980 e

317 999 502 1050 republica?
536 998 688 1047 tolleret,
705 997 908 1052 formaque
941 996 1061 1035 eadem
1096 998 1262 1036 civitatis
1296 998 1388 1053 fffet,
1419 1015 1494 1051 qua?
1527 1007 1614 1038 ante

319 1056 474 1095 Sacrum
488 1064 639 1094 montem
659 1054 1024 1110 occztpatumfiterat.
1084 1053 1135 1092 Et
1156 1053 1204 1093 ab
1225 1054 1382 1095 Volscis
1407 1058 1445 1095 &
1465 1056 1612 1109 AEquis

316 1113 464 1152 statum
481 1114 565 1167 jam
586 1127 630 1151 ac
648 1111 772 1165 prope
795 1111 969 1151 sollenne
990 1111 1031 1150 in
1053 1112 1226 1166 fingulos
1247 1126 1373 1152 annos
1391 1112 1542 1152 bellum
1563 1114 1614 1152 ti-

317 1170 524 1210 mebatur:
561 1169 802 1223 propiusque
838 1169 945 1209 aliud
983 1183 1135 1208 novum
1171 1170 1340 1220 malum,
1371 1169 1613 1224 necopinato

317 1237 516 1267 exortum.
578 1227 742 1266 Exsules
759 1227 955 1280 servique,
987 1228 1036 1266 ad
1063 1236 1239 1280 quatuor
1254 1228 1378 1267 millia
1397 1227 1612 1268 hominum

318 1288 359 1326 δι’
381 1284 590 1339 quingenti
622 1287 701 1339 (3),
733 1285 834 1339 duce
862 1286 942 1338 Ap.
963 1284 1175 1324 Herdonio
1194 1284 1359 1334 Sabino,
1390 1286 1511 1326 nocte
1533 1287 1614 1327 Ca·-

315 1343 503 1396 pitolium
525 1352 644 1394 atque
665 1356 798 1381 arcem
819 1356 1079 1395 occupavere.
1130 1342 1354 1382 Confestim
1378 1345 1440 1397 (4)
1460 1344 1501 1382 in
1521 1358 1611 1383 arce

316 1400 425 1440 faeta
460 1401 588 1439 caedes
609 1413 765 1448 eorum,
797 1399 866 1452 qui
887 1400 1095 1454 conjurare
1118 1402 1159 1440 δι’
1192 1400 1304 1439 simul
1331 1415 1471 1454 capere
1504 1415 1613 1440 arma

315 1459 540 1498 noluerant.
563 1457 629 1496 alii
648 1457 751 1496 inter
772 1458 995 1496 tumultum
1011 1456 1234 1510 praecipites
1255 1472 1400 1510 pavore
1421 1458 1462 1497 in
1477 1457 1614 1497 forum

315 1517 515 1555 devolant.
538 1516 701 1554 alternae
720 1529 854 1563 voces,
886 1514 954 1554 Ad
973 1530 1095 1562 arma,
1129 1517 1169 1555 &
1196 1514 1322 1570 IIqstes
1343 1517 1381 1554 itz
1410 1517 1614 1570 urbesunt,

313 1573 591 1613 audiebantur.
654 1571 847 1612 Consules
878 1575 919 1613 δε
952 1584 1104 1611 armare
1138 1571 1313 1625 plebem,
1346 1576 1385 1613 &
1418 1573 1614 1613 inermem

311 1631 395 1685 pati
416 1630 623 1670 timebant.
685 1630 848 1679 Incerti,
879 1630 988 1682 quod
1007 1630 1159 1668 malum
1181 1630 1453 1683 repentinum,
1485 1641 1616 1670 exter·
1649 1665 1652 1668 .

313 1703 412 1727 num
435 1703 485 1727 an
507 1688 757 1737 intestinum,
790 1686 837 1726 ab
866 1687 959 1726 odi'o
983 1686 1124 1740 plebis,
1156 1701 1207 1726 an
1228 1687 1276 1727 ab
1308 1688 1434 1727 servili
1457 1687 1614 1739 fraude,

313 1746 454 1786 urbem
492 1746 697 1793 invafiffet,
730 1744 919 1784 sedabant
951 1746 1166 1794 tumultus,
1202 1744 1374 1785 sedando
1407 1745 1610 1785 interdum

313 1804 540 1844 movebant.
564 1817 636 1843 nec
665 1802 774 1842 enim
796 1812 952 1855 poterat
978 1802 1119 1855 pavida
1143 1806 1181 1843 &
1206 1803 1456 1843 consternata
1477 1804 1614 1843 multi-

314 1863 412 1901 tudo
434 1861 517 1916 regi
540 1860 721 1914 imperio.
782 1860 896 1899 Dant
917 1870 1051 1899 tamen
1074 1874 1197 1908 arma,
1229 1871 1311 1899 n'on
1343 1859 1492 1915 vulgo;
1525 1871 1612 1901 tan-

312 1918 403 1958 tum
421 1930 480 1969 ut,
514 1919 666 1958 incerto
700 1917 829 1968 hoste,
860 1918 1086 1970 praefidium
1117 1917 1206 1957 satis
1243 1917 1370 1957 fidum
1408 1919 1456 1958 ad
1478 1920 1612 1958 onmia

312 1978 418 2020 effet.
479 1976 649 2016 Solliciti
674 1976 874 2028 reliquum
897 1975 1044 2024 noetis,
1065 1975 1302 2028 incertique,
1324 1976 1393 2028 qui
1410 1975 1613 2026 homines,

314 2044 488 2087 quantus
509 2048 701 2073 numerus
722 2032 898 2072 hostium
914 2033 1022 2083 efi'et,
1044 2033 1084 2070 in
1107 2032 1341 2073 stationibus
1358 2033 1612 2087 disponendis

314 2094 364 2131 ad
396 2102 623 2146 opportuna
645 2094 707 2145 (5)
728 2090 860 2130 omnis
893 2088 1001 2131 urbis
1033 2091 1135 2139 loca,
1166 2105 1294 2145 egere.
1355 2091 1447 2131 Lux
1469 2092 1613 2131 deinde

1457 2160 1613 2202 aperuit

315 2265 493 2299 ditionibus
509 2261 720 2298 existentibus.
747 2267 786 2297 fic
799 2264 883 2297 infra
901 2277 926 2297 c.
943 2276 994 2304 40.
1010 2265 1040 2296 ἃ
1058 2265 1077 2295 l.
1094 2276 1122 2303 4.
1138 2276 1163 2296 c.
1180 2274 1232 2305 43.
1265 2265 1319 2307 (7)
1342 2266 1466 2307 Nempe
1480 2265 1613 2307 juvenes

317 2321 453 2355 patricu.

363 2378 397 2407 C.
418 2385 466 2412 15.
490 2375 545 2416 (Ι)
567 2374 708 2405 Tribuni
730 2374 830 2416 legem
844 2375 987 2414 ferebant,
1014 2374 1120 2415 plebes
1148 2374 1303 2415 accipiebat.
1349 2372 1404 2415 (2)
1427 2373 1446 2403 i.
1463 2384 1488 2404 e.
1506 2381 1614 2415 quanto.

316 2421 357 2451 sic
374 2421 459 2451 inssi]
475 2420 495 2449 l.
509 2431 560 2456 44.
577 2431 602 2450 c.
621 2428 647 2457 7.
663 2427 791 2459 quantum
802 2422 957 2460 procederet
973 2420 1139 2460 l011gi235....eo
1156 2422 1282 2460 majorem
1301 2418 1360 2449 &a
1391 2418 1540 2449 Similiter
1557 2419 1615 2449 eti-

316 2477 369 2496 am
393 2473 634 2506 componuntur
661 2471 786 2504 quantum
804 2464 834 2493 δε
858 2471 942 2499 tanto,
968 2463 1040 2494 licet
1064 2463 1180 2503 cuique
1197 2474 1307 2494 carum
1334 2474 1451 2494 vocum
1475 2464 1614 2494 addatur

318 2509 576 2550 coniparativ1153
599 2517 635 2540 ut
652 2509 739 2549 apud
755 2508 898 2539 nostrum
922 2508 1006 2538 infra
1028 2509 1048 2538 l.
1068 2518 1098 2546 5.
1119 2519 1143 2538 c.
1163 2518 1212 2538 10.
1222 2516 1258 2551 Aet
1276 2507 1395 2538 Sallust.
1411 2507 1444 2537 in
1460 2508 1611 2549 Jugurth.

318 2566 344 2586 c.
363 2555 415 2592 85.
433 2562 563 2595 quantum
579 2557 641 2583 vita
658 2556 766 2583 illorum
788 2556 964 2594 prcrrlarior‚
985 2560 1061 2583 tanto
1084 2554 1179 2582 horum
1194 2555 1320 2593 sawt-dict
1335 2554 1512 2595 ιῘίιιςνζιῖιῐςβόν.
1563 2555 1616 2592 (3)

320 2601 384 2630 Pro
406 2603 568 2640 quingentos.
584 2599 628 2629 ita
652 2598 764 2628 Livius
789 2597 877 2638 loqui
895 2606 988 2628 amat.
1033 2598 1087 2638 (Δ)
1113 2598 1234 2628 lncolas
1252 2597 1402 2639 Capitolii
1421 2604 1517 2637 atque
1534 2596 1614 2627 arcis

320 2644 436 2684 potius.
459 2648 558 2684 quam
574 2643 786 2679 excubitores,
807 2643 900 2673 caesos
923 2642 1090 2673 verisimile
1103 2642 1152 2672 est.
1198 2644 1246 2673 Ita
1261 2642 1347 2673 enim
1363 2649 1471 2672 narrat
1489 2641 1613 2684 Diony-

318 2689 397 2726 sius3
423 2689 453 2718 ⁴&
472 2689 539 2719 haec
551 2689 622 2719 loca
638 2687 757 2718 civium
773 2687 965 2718 habitationi
992 2686 1163 2718 inserviiss‘e
1177 2687 1297 2718 constat
1323 2697 1361 2717 ex
1388 2685 1505 2723 nostro,
1527 2685 1610 2716 insi-21

319 2734 339 2764 l.
355 2744 384 2773 5.
402 2746 427 2765 c.
443 2743 495 2773 50.
514 2734 545 2764 ἃ
567 2734 586 2764 1.
608 2732 636 2764 6.
653 2743 678 2764 c.
697 2741 746 2765 20.
792 2733 848 2774 (5)
871 2731 890 2763 i.
906 2744 933 2765 e.
953 2743 1010 2775 per
1027 2739 1129 2763 totam
1151 2732 1274 2764 urbem.
1290 2732 1329 2763 fic
1343 2731 1426 2763 infra
1443 2730 1462 2761 k
1480 2742 1507 2771 5.
1525 2742 1549 2761 c.
1563 2740 1603 2767 42

1562 2778 1611 2816 st„
