1853 3158
385 261 667 304 LIBER
727 260 1042 303 IILCAP.
1103 263 1176 303 XI.
1599 279 1673 320 179

170 378 236 434 tiri
248 379 352 434 jussi,
366 378 475 418 alteri
497 386 541 415 ut
560 374 714 426 Volsci,
734 376 845 415 alteri
877 386 921 415 ut
942 376 1069 430 AEqui
1109 377 1312 431 provincia
1346 378 1450 419 effet.

168 437 343 479 Tribuni
359 449 492 476 coram
506 434 547 472 in
562 433 651 472 foro
666 433 892 486 personare,
905 434 1085 473 Fabulam
1099 435 1315 489 compofitam
1340 436 1453 490 Volsci
1474 441 1653 489 Contentjone:

169 495 265 546 belli,
296 494 475 533 Hernicos
493 491 683 544 adportes
704 493 765 545 (9)
778 499 943 543 paratos.
953 494 1040 545 jam
1072 508 1114 531 ne
1144 495 1284 532 virtute
1309 495 1451 546 quidem
1470 484 1614 526 d⁹⁷‘⁵⁶s'''⁹‘²⁷·

162 553 286 604 premi
305 551 502 591 libertatem
527 549 652 601 populi
684 548 858 596 Romani,
880 548 952 601 fid
986 559 1066 588 arte
1095 550 1202 589 eludi.
1246 553 1334 605 (10)
1348 553 1452 604 qaia,

167 608 337 648 occidione
351 605 466 660 prope
484 607 603 660 occffos
626 606 760 659 Volscos
803 606 854 646 &
885 605 1033 658 AEquos
1073 623 1214 646 movere
1227 608 1306 661 sits}
1326 610 1453 662 sponte

166 682 275 711 arma
281 666 383 721 poffi’,
391 666 478 718 jam
487 663 587 718 fides
598 665 741 712 abierit,
758 678 864 701 novos
876 662 984 717 hostes
998 666 1122 716 quaeri.
1139 665 1307 704 coloniam
1309 665 1453 719 fidam,

161 724 422 777 propinquam,
441 722 614 777 infamem
621 720 726 776 fieri.
744 720 871 759 bellum
893 722 1049 759 innoxiis
1069 722 1286 761 Antiatibus
1325 724 1451 772 indici,

164 782 248 834 geri
267 795 347 819 cum
358 780 458 832 plebe
479 779 666 819 Romana‘.
689 794 815 832 quam,
831 786 1015 816 oneratam
1036 781 1169 828 armis,
1190 795 1232 817 ex
1257 781 1342 818 urbe
1354 791 1453 833 prce-

167 839 270 890 cipiti
287 839 432 891 agmine
447 838 570 875 aeluri
585 838 701 891 cffint,
732 835 844 889 exfilio
861 835 913 877 {52³
933 836 1145 889 relegatione
1164 838 1301 875 civium
1337 838 1454 891 ulfiisss

168 903 283 934 centes
293 896 468 934 tribanos.
531 894 603 942 Sic,
624 896 662 947 (1
677 896 714 947 1)
728 909 770 931 ne
785 893 875 946 quid
890 893 996 932 aliud
1012 897 1134 932 anum
1146 902 1292 947 putent,
1315 896 1454 933 viciam

167 953 278 1006 legem
292 953 354 1007 ff
366 974 379 997 ,·
402 951 479 1006 ngst,
500 951 586 990 dnm
607 953 644 989 in
666 952 803 1004 integro
817 966 874 989 res
877 949 949 1004 stt,
984 951 1069 990 dum
1097 951 1205 1002 domi,
1226 951 1312 990 dum
1342 954 1456 1005 togati

154 1009 250 1064 fint,
262 1017 432 1059 caveant,
455 1024 498 1047 ne
502 1007 692 1064 pffffione
713 1009 813 1048 urbis
824 1009 1029 1061 pellantur,
1047 1024 1090 1047 ne
1104 1010 1243 1063 jugum
1262 1010 1454 1062 accipiant.

171 1067 212 1106 Si
228 1066 446 1122 animusflt,
467 1082 535 1105 non
555 1066 672 1122 defore
691 1066 884 1106 auxilium.
907 1067 1097 1121 consentire
1130 1066 1247 1105 oinnes
1279 1067 1454 1106 tribunos.

168 1124 310 1163 nullum
329 1133 504 1164 terrorem
524 1132 726 1172 externum,
749 1124 890 1163 nullum
904 1124 1110 1176 periculum
1131 1125 1202 1179 effe.
1266 1126 1302 1178 (1
1314 1127 1355 1178 2)
1383 1124 1458 1163 Ca-

169 1181 255 1237 viffl’
274 1181 374 1222 Deos
381 1183 507 1236 priore
526 1197 634 1231 anno,
656 1190 696 1221 ut
725 1179 805 1220 tuto
834 1182 982 1227 libertas
1011 1181 1154 1238 defendi
1174 1182 1293 1237 pfft.
1355 1181 1457 1222 Haec

170 1238 335 1279 tribuni.

225 1296 299 1336 XI.
333 1297 391 1336 At
411 1310 459 1336 ex
492 1305 603 1350 parte
639 1295 763 1336 alterii
795 1296 976 1336 consules
998 1296 1038 1336 in
1060 1295 1279 1350 conspeetu
1300 1309 1460 1347 eorum,

167 1354 302 1408 positis
324 1353 439 1402 sellis,
471 1354 676 1394 deleffi‘tum
708 1353 919 1393 habebant.
957 1353 1007 1393 eo
1043 1355 1263 1393 decurrunt
1294 1353 1462 1407 tribuni,

169 1411 488 1463 concionemque
509 1411 644 1451 secum
677 1410 854 1450 trahunt.
878 1411 987 1450 citati
1016 1411 1149 1464 pauci,
1180 1412 1289 1450 velut
1309 1410 1366 1449 rei
1394 1425 1463 1450 ex-

199 1468 377 1508 eriundae
396 1469 539 1508 causa:
573 1470 611 1508 &
635 1468 766 1507 statim
787 1468 846 1507 vis
867 1478 1003 1508 coorta
1026 1471 1100 1522 (1).
1162 1468 1463 1525 Qemcunque

168 1483 289 1565 finitor
305 1525 410 1580 jussu
441 1525 613 1566 consulis
634 1524 913 1579 prehendifl'et‚
945 1525 1129 1565 tribunus
1162 1526 1267 1564 mitti
1282 1525 1463 1580 jubebat.

169 1596 301 1636 neque
323 1583 438 1622 suum
472 1583 617 1635 cuique
642 1584 709 1637 jus
730 1583 898 1621 modum
931 1582 1117 1631 faciebat,
1149 1582 1214 1622 sed
1231 1583 1376 1622 virium
1398 1582 1465 1636 spe

172 1643 211 1681 &
235 1654 358 1679 manu
379 1639 644 1679 obtinendum
679 1648 777 1686 erat,
811 1640 919 1692 quod
951 1640 1178 1682 intenderes
1201 1642 1274 1693 (2).
1308 1639 1466 1697 Qem-

169 1698 389 1739 admodum
411 1697 448 1736 se
465 1696 614 1736 tribuni
630 1696 821 1751 gessiss‘ent
858 1697 897 1736 in
929 1696 1180 1749 prohibendo
1201 1696 1379 1748 delectu,
1416 1697 1466 1736 fic

169 1756 306 1795 Patres
323 1755 364 1793 in
386 1755 486 1809 lege,
518 1768 609 1807 quae
634 1768 704 1807 per
725 1768 865 1794 omnes
887 1757 948 1808 (3)
971 1754 1190 1794 comitiales
1212 1755 1296 1793 dies
1313 1753 1468 1793 fereba—

170 1821 252 1861 tur,
282 1812 536 1865 impediend‘sst
552 1811 754 1865 gerebant.
817 1811 984 1850 Initium
1001 1822 1085 1851 erat
1100 1811 1210 1859 rixae,
1243 1825 1370 1864 quum
1391 1811 1468 1851 dis-

170 1870 311 1910 cedere
335 1872 393 1923 (4)
416 1869 611 1923 populum
635 1868 827 1923 juffissent
857 1868 1023 1917 tribuni,
1054 1867 1164 1922 quod
1186 1870 1323 1909 Patres
1347 1870 1407 1922 (5)
1430 1868 1468 1908 se

171 1926 395 1968 submoveri
415 1926 523 1967 haud
545 1926 734 1966 sinebant.
752 1940 826 1967 nec
848 1926 931 1967 fere
949 1926 1120 1967 seniores
1142 1926 1199 1965 rei
1220 1927 1466 1974 interet211t3

1309 1983 1468 2037 *quippe

171 2099 416 2142 intelligendum
431 2100 481 2132 est.
528 2102 542 2141 (
547 2101 583 2143 9)
595 2102 698 2131 Voces
704 2101 838 2140 fabulam
857 2100 888 2130 Sc
899 2108 998 2141 partes
1012 2111 1028 2130 a
1042 2099 1126 2130 ludis
1143 2099 1271 2130 scenicis
1293 2100 1468 2140 desumptae

174 2145 257 2182 sunt,
272 2145 305 2176 in
319 2145 435 2186 quibus
449 2145 557 2176 histrio
570 2145 690 2176 dicitur
707 2153 814 2186 partes
831 2156 933 2186 agere.
981 2144 1058 2186 (10)
1072 2144 1157 2187 Qia
1172 2145 1237 2185 jam
1254 2144 1349 2185 plane
1367 2144 1470 2178 incre,

173 2189 272 2221 dibile
288 2198 356 2221 erat
373 2190 503 2221 Volscos
517 2191 578 2221 &c.
610 2189 731 2221 idcirco
745 2201 846 2220 novos
868 2190 969 2220 hostes
986 2189 1088 2229 quaeri
1112 2189 1270 2220 Antiates.
1317 2190 1393 2229 (11)
1419 2191 1469 2220 Ne

176 2235 263 2274 quod
279 2234 367 2265 aliud
384 2234 549 2266 confilium
563 2234 654 2266 fuisse
671 2234 822 2265 Patribus
840 2235 870 2265 δε
888 2234 1071 2268 consulibus
1088 2241 1214 2275 putent.
1258 2235 1336 2274 (12)
1346 2233 1470 2264 Volscis

176 2288 292 2320 nempe
305 2279 484 2320 AEquisque
499 2279 602 2312 victis.

223 2341 258 2371 C.
277 2351 326 2371 11.
348 2342 403 2384 (1)
427 2342 591 2373 Iudicatur
607 2342 668 2373 hoc
685 2341 786 2372 vex-bo
803 2351 912 2372 omnes
925 2340 1016 2372 simul
1033 2341 1073 2372 ad
1089 2341 1156 2371 vim
1167 2341 1367 2373 inferendam
1379 2351 1471 2373 exor-

178 2392 228 2416 tos
245 2384 312 2416 effe.
358 2386 412 2426 (2)
434 2386 454 2417 i.
476 2399 502 2418 e.
528 2387 616 2427 quod
632 2386 766 2427 quisque
780 2385 968 2417 intenderet.
985 2386 1025 2417 fic
1036 2386 1132 2427 supra
1145 2386 1164 2416 l.
1183 2395 1210 2418 2.
1232 2398 1256 2417 c.
1272 2396 1321 2425 35.
1338 2388 1369 2416 ὃς
1383 2397 1407 2417 c.
1419 2396 1471 2425 43.

176 2430 232 2470 (3)
256 2430 382 2472 Qibus
399 2431 528 2462 comitia
544 2431 654 2462 haberi
680 2437 840 2472 poterant,
863 2429 925 2461 five
942 2442 1015 2462 cum
1032 2431 1155 2473 populo
1175 2431 1224 2472 agi
1252 2431 1376 2462 licebat.
1403 2431 1470 2463 vid.

178 2474 306 2516 supral.
326 2485 386 2505 1.c.
406 2485 454 2516 19.
500 2477 574 2518 Fasti
590 2476 656 2507 dies
679 2475 810 2516 proprie
827 2474 917 2512 dieti,
939 2483 1031 2506 erant
1048 2475 1164 2515 quibus
1189 2476 1315 2506 tantum
1332 2476 1399 2517 lege
1421 2476 1472 2517 agi

178 2518 279 2560 poss‘et
297 2520 384 2560 apud
398 2527 571 2561 praetorem
586 2521 637 2551 vel
657 2519 799 2561 judices;
822 2520 854 2549 ὅτ
871 2519 905 2550 hi
917 2530 983 2550 non
1000 2528 1091 2552 erant
1108 2523 1262 2551 comitiales.
1309 2522 1369 2551 Sed
1382 2521 1412 2550 δε
1430 2535 1472 2551 co-

178 2565 330 2594 mitialibus
348 2564 415 2606 lege
440 2565 489 2606 agi
511 2565 638 2602 licebat,
660 2565 682 2595 fi
706 2566 803 2595 modo
820 2575 894 2595 cum
910 2565 1034 2607 populo
1057 2576 1124 2596 non
1140 2573 1296 2607 ageretur.
1341 2566 1395 2606 (4)
1419 2566 1474 2596 Ad

180 2608 329 2650 suffragia
346 2611 486 2640 ferenda.
532 2611 567 2640 In
584 2610 708 2650 septum
732 2610 906 2650 quoddam,
927 2610 1016 2650 quod
1027 2613 1098 2640 ovile
1122 2610 1299 2647 dicebatur,
1322 2620 1474 2650 unaquae-

180 2663 244 2692 que
269 2653 372 2684 tribus
388 2664 426 2684 ex
454 2654 578 2691 ordine,
600 2661 698 2695 prout
720 2654 908 2691 vocabatur,
930 2665 987 2695 per
1010 2662 1134 2696 pontes,
1156 2654 1219 2686 five
1235 2655 1378 2696 angustas
1406 2654 1474 2685 vias

181 2696 335 2738 intrabat,
360 2706 395 2732 ut
409 2698 595 2742 suffragium
610 2699 710 2736 daret.
756 2699 810 2742 (5)
827 2698 990 2736 Nimirum
1005 2699 1153 2740 obstinati
1166 2700 1200 2739 in
1216 2700 1328 2733 eodem
1345 2698 1473 2775 xffsggio

800 2744 832 2778 N
850 2752 868 2777 2
1293 2754 1351 2788 per
1378 2754 1394 2774 a
1419 2749 1474 2777 ant
