1853 3158
309 271 342 312 L
374 271 390 311 Ι
422 271 454 312 Β
485 270 517 312 E
548 271 587 312 R
625 268 719 309 ·1X.
782 266 816 309 C
848 268 885 308 A
917 269 961 311 P.
1022 269 1174 311 XLIV.
1515 281 1590 323 25¹

100 386 188 425 satis
215 385 291 424 tuti
326 386 402 426 loci
433 384 548 425 viffiis
569 383 638 427 est,
663 386 701 423 ὃς
725 385 772 423 de
788 383 913 439 jugiS,
944 395 1033 437 quae
1052 392 1252 438 ceperant,
1284 383 1378 423 fun·

100 445 278 491 duntur3
325 445 488 498 jamque
542 442 622 480 una
675 455 772 480 voce
819 454 959 482 omnes
994 456 1133 496 pacem
1176 442 1375 495 petebant.

98 501 224 549 Turn,
257 500 377 539 trium
403 499 596 537 mensium
621 497 825 537 frumento
848 499 1057 551 imperato,
1092 503 1128 539 &
1152 513 1286 538 annuo
1313 499 1378 538 sti-

99 558 263 611 pendio,
295 571 338 597 ac
360 556 518 610 lingulis
540 556 580 594 in
609 555 777 594 militem
797 556 960 606 tunicis,
991 558 1040 596 ad
1069 556 1247 596 senatum
1270 557 1379 609 pacis

98 624 277 654 oratores
306 614 416 653 miffi.
477 612 688 652 Cornelius
709 613 749 650 in
766 613 930 652 Samnio
958 613 1137 653 relidius.
1198 615 1378 654 Marcius

98 674 147 711 de
165 671 351 712 Hernicis
366 670 617 724 triumphans
638 670 678 708 in
691 669 830 709 urbem
844 671 987 719 rediit3
1019 672 1224 723 statuaque
1241 671 1379 725 eques·

100 730 169 769 tris
191 730 232 768 in
259 728 347 769 foro
367 730 524 767 decreta
552 728 623 779 est,
654 742 742 780 quae
775 736 864 766 ante
895 729 1091 779 templum
1113 728 1286 768 Castoris
1308 743 1379 782 po—

101 787 168 826 sita
189 786 258 826 est.
317 786 591 825 Hernicorum
627 785 753 824 tribus
776 784 949 837 populiS‚
984 785 1213 836 Alatrinati,
1247 786 1378 825 Veru-

96 845 204 895 lano,
236 843 499 894 Ferentinati,
531 842 730 896 (11)quia
746 843 986 889 maluerunt,
1017 842 1137 894 quam
1160 843 1377 893 civitatem,

99 901 178 942 suae
211 902 317 955 leges
338 903 427 954 (12)
449 901 637 940 redditae:
668 899 996 951 connubiumque
1021 901 1108 952 (13)
1132 900 1234 938 inter
1263 901 1380 952 ipsos,

97 959 207 1010 quod
228 959 459 1011 aliquandiu
481 957 550 996 soli
570 957 842 996 Hernicorum
863 956 1107 1007 habuerunt,
1138 957 1379 1010 permissum.

101 1016 340 1070 Anagninis,
390 1015 540 1068 quique
585 1028 692 1053 arma
729 1014 926 1054 Romanis
962 1014 1192 1062 intulerant,
1243 1014 1381 1067 civi-tas

99 1074 177 1113 sine
200 1072 373 1127 suffragii
395 1072 542 1111 latione
563 1073 652 1111 data
671 1087 678 1111 :
709 1072 878 1111 concilia
910 1071 1188 1124 connubioque
1218 1074 1381 1125 ademp-

99 1139 162 1169 ta:
198 1132 234 1169 &
271 1132 360 1182 (14)
391 1128 700 1183 magistratibus,
732 1138 996 1181 praeterquam
1031 1128 1230 1168 sacrorum
1266 1144 1381 1169 cura-

99 1187 222 1235 tione,
255 1186 529 1226 interdifimm.
588 1187 742 1226 Eodem
764 1200 869 1225 anno
890 1187 995 1226 aedes
1010 1186 1159 1226 Salutis
1180 1201 1202 1226 a
1235 1188 1283 1228 C.
1307 1188 1380 1240 Ju-

98 1245 168 1284 nio
199 1244 383 1284 Bubulco
415 1244 576 1283 censore
596 1245 724 1283 locata
745 1243 817 1292 est,
849 1258 971 1296 quarn
988 1244 1125 1283 consul
1141 1243 1244 1283 bello
1266 1244 1381 1284 Sam-

97 1302 245 1341 nitium
271 1310 444 1341 voverat.
483 1301 531 1341 ab
566 1302 708 1341 eodem
740 1302 972 1355 collegaque
1006 1303 1093 1356 ejus
1118 1302 1179 1341 M.
1216 1303 1380 1342 Valerio

99 1360 284 1399 Maximo
313 1359 386 1398 viae
420 1373 491 1412 per
521 1373 637 1413 agros
670 1357 828 1411 publ-ica
864 1359 1039 1413 impensa
1061 1359 1193 1399 fafflae.
1215 1360 1266 1398 Et
1287 1374 1380 1399 cum

97 1416 494 1471 Karthaginiensibus
529 1417 671 1456 eodem
704 1430 808 1455 anno
830 1416 965 1456 foedus
1001 1419 1091 1470 (15)
1125 1415 1243 1460 tertio
1266 1432 1382 1457 reno·
1421 1445 1517 1474 farm,
1539 1446 1565 1474 1¹„
1570 1447 1593 1475 1--

98 1483 259 1514 vatum:
290 1473 505 1528 legatisque
544 1488 698 1522 eorum,
731 1473 800 1527 qui
835 1475 884 1513 ad
919 1474 958 1513 id
979 1485 1185 1526 venerant,
1216 1476 1383 1515 comiter
1399 1491 1468 1530 e'fi’s
1481 1457 1572 1531 2132?-

100 1545 267 1571 munera
288 1532 409 1570 miffa.

158 1588 312 1628 XLIV.
345 1588 600 1629 Di&atorem
622 1588 726 1627 idem
750 1603 877 1628 annus
903 1587 1043 1628 habuit
1078 1589 1124 1630 P.
1145 1590 1379 1633 Cornelium
1403 1618 1438 1646 P.
1454 1619 1593 1648 Carnem

97 1646 345 1699 Scipionem,
376 1660 470 1685 cum
501 1645 689 1699 magistro
721 1647 903 1698 equitum
936 1647 982 1685 P.
1004 1647 1135 1686 Decio
1159 1648 1295 1687 Mure.
1333 1648 1382 1687 ab
1400 1642 1545 1691 dicaam.

98 1703 162 1752 iis,
193 1713 355 1757 propter
387 1717 478 1756 quae
514 1703 634 1743 creati
656 1713 782 1751 erant,
814 1704 974 1744 comitia
995 1704 1215 1743 consularia
1235 1705 1383 1754 habita,
1403 1727 1443 1755 U.
1455 1736 1479 1755 c.
1497 1726 1570 1762 443,

98 1760 192 1814 quia
215 1769 357 1800 neuter
376 1760 584 1800 consulum
607 1770 790 1813 potuerat
811 1761 914 1801 bello
931 1761 1069 1801 abefl'e.
1133 1763 1267 1803 Creati
1289 1777 1384 1802 con·v
1402 1772 1444 1799 A.
1459 1771 1492 1800 C.
1507 1780 1581 1809 304·

100 1818 201 1857 sules
234 1818 284 1858 L.
310 1817 556 1866 Postumius,
586 1818 652 1856 Ti.
686 1818 911 1859 Minucius.
970 1819 1059 1858 Hos
1094 1820 1274 1860 consules
1295 1821 1384 1860 Piso
1404 1815 1569 1868 L3Pqslu-

99 1874 311 1933 QFabio
354 1878 395 1916 &
433 1875 479 1916 Ρ.
515 1875 646 1915 Decio
681 1875 856 1931 suggerit
877 1879 952 1930 (1),
982 1875 1144 1916 biennio
1180 1888 1384 1931 exempto,
1403 1861 1555 1936 {01¹3}ssss

1304 1951 1384 1989 quo
1404 1948 1485 1980 Coss.

90 2052 157 2092 spes
173 2051 405 2090 aliquemfallere
420 2048 540 2080 dicitur
560 2051 647 2090 apud
667 2049 732 2081 Cic.
748 2050 766 2080 l.
784 2060 810 2081 1.
828 2051 867 2081 ad
885 2052 957 2081 fam.
975 2053 1032 2092 Ep.
1051 2062 1078 2091 3.
1124 2053 1201 2093 (11)
1227 2052 1311 2095 Qia
1337 2053 1385 2085 su-

102 2094 128 2124 is
150 2093 271 2135 legibus
294 2094 404 2124 vivere
422 2094 617 2131 maluerunt,
641 2094 737 2135 quam
760 2095 843 2126 cives
862 2096 999 2126 Romani
1013 2096 1089 2126 fieri.
1135 2099 1181 2127 Ex
1199 2097 1259 2128 hoc
1277 2105 1386 2129 autem

104 2138 175 2169 loco
200 2146 346 2178 apparet,
368 2138 446 2168 olim
471 2149 523 2169 eos
556 2139 611 2179 qui
645 2139 809 2170 civitatem
842 2142 1022 2171 Romanam
1050 2141 1262 2182 accipiebant,
1287 2142 1385 2174 etiam

102 2183 183 2223 leges
200 2183 360 2212 Romanas
377 2181 441 2212 una
463 2193 536 2213 cum
563 2183 693 2214 civitate
711 2183 880 2225 accepiss'e:
905 2186 992 2225 quod
1009 2196 1072 2215 non
1092 2186 1197 2226 postea
1214 2186 1386 2219 obtinuisse

103 2227 136 2257 in
154 2226 336 2267 municipiis
349 2226 482 2263 constat3
506 2227 559 2257 sed
572 2229 703 2267 quando
719 2229 925 2259 immutatum
943 2240 1057 2270 parum
1073 2230 1184 2271 liquet.
1222 2233 1299 2272 (12)
1311 2232 1345 2263 h.
1359 2244 1385 2263 e.

102 2270 231 2302 reliffibss.
276 2270 427 2301 Similiter
454 2271 550 2312 supra
574 2272 592 2301 l.
611 2272 637 2303 8.
654 2283 679 2302 c.
702 2282 754 2310 14.
800 2276 961 2305 Lanuvinis
976 2278 1077 2305 civitas
1093 2278 1168 2311 data,
1182 2278 1385 2318 sacraquesua

103 2318 217 2345 reddita.
245 2316 320 2346 Caes.
338 2315 357 2345 l.
378 2324 404 2353 7.
430 2316 504 2345 Bell.
523 2317 603 2346 Gall.
624 2328 650 2346 c.
676 2317 730 2354 76.
747 2325 802 2359 pro
818 2320 911 2358 quibus
930 2322 1034 2350 meritis
1051 2323 1192 2350 civitatem
1216 2324 1270 2361 ejus
1287 2324 1385 2351 immu-

101 2373 160 2390 nem
176 2360 364 2402 cffijzffrnt;
381 2363 452 2400 jura
467 2362 583 2401 legesque
604 2364 766 2391 reddiderat.
813 2364 890 2402 (13)
913 2364 986 2394 Vid.
1006 2364 1099 2404 suprsi
1117 2373 1183 2395 not.
1196 2374 1225 2402 5.
1242 2365 1282 2395 ad
1294 2376 1319 2396 c.
1335 2375 1384 2404 14.

102 2405 121 2435 l,
140 2405 170 2436 8.
218 2405 294 2445 (14)
318 2406 357 2434 Et
374 2404 583 2435 interdictum
608 2405 650 2435 est
666 2405 702 2435 iis
719 2405 774 2446 qui
792 2407 1007 2448 magistratum
1024 2410 1111 2449 apud
1127 2409 1317 2450 Anagninos
1333 2421 1384 2452 ge-

103 2456 222 2484 rerent,
248 2459 287 2479 ne
304 2448 475 2488 quicquam
489 2449 607 2490 negotii
630 2449 751 2490 publici
779 2459 919 2491 agerent,
954 2460 1071 2492 praeter
1098 2454 1262 2484 sacrorum
1292 2465 1385 2486 cura-

103 2494 234 2524 tionem.
279 2494 356 2533 (15)
378 2492 457 2523 Tria
485 2495 604 2524 foedera
636 2496 858 2525 Romanorum
876 2507 948 2526 cum
974 2497 1292 2538 Karthaginiensibus
1309 2508 1385 2532 ante

105 2537 226 2568 Punica.
249 2538 333 2568 bella
350 2545 505 2567 memorat
523 2538 637 2580 Polyb.
654 2539 672 2568 l.
691 2549 718 2578 3.
765 2540 909 2571 Primum
927 2543 1024 2571 refert
1044 2543 1084 2572 ad
1108 2543 1248 2582 primum
1271 2544 1384 2575 consti-

102 2590 181 2613 tutae
198 2582 231 2612 in
254 2583 334 2612 urbe
360 2581 463 2612 Roma
476 2581 634 2614 libertatis
651 2594 784 2614 annum.
831 2586 1013 2616 Secundum
1030 2597 1095 2626 quo
1118 2595 1265 2627 tempore
1281 2587 1383 2620 idtum

102 2627 211 2663 suerit,
233 2637 298 2656 non
311 2628 418 2657 docet.
462 2627 611 2657 Tertium
629 2628 745 2670 Pyrrhi
762 2628 847 2659 bello
860 2630 981 2660 factum
999 2631 1087 2661 fuiss'e
1103 2630 1224 2662 scribit.
1270 2630 1386 2664 [ἡνίας

102 2671 196 2702 unius
207 2673 334 2702 tantum
355 2671 500 2702 antehoc
514 2679 641 2713 tempus
658 2672 785 2703 foederis
801 2674 958 2712 meminit,
981 2675 1076 2715 supra
1092 2676 1109 2705 1.
1131 2685 1157 2714 7.
1174 2687 1200 2706 c.
1223 2686 1272 2716 27.

147 2735 184 2769 C,
211 2744 266 2771 44,
290 2733 344 2775 (ι)
369 2735 429 2765 Eos
454 2733 558 2765 statim
579 2734 648 2776 post
665 2735 798 2767 Fabium
826 2736 857 2767 ἃς
887 2737 1021 2769 Decium
1040 2737 1177 2779 subjicit.
1224 2739 1272 2770 Sic
1289 2740 1385 2779 supra

1311 2784 1333 2814 l.
1352 2793 1384 2815 2.
