1905 3168
187 293 262 331 106
856 281 1219 324 T.LIVII

390 398 561 450 pupulum
584 395 881 450 Romanum,sed
898 397 936 434 in
956 396 1118 435 libertate
1130 396 1201 451 effi.
1264 395 1322 434 Ita
1339 394 1468 434 induxi
1494 410 1511 433 e
1530 394 1568 432 in
1595 396 1693 432 αφά--

399 470 515 504 mum,
532 454 680 508 hqstibns
692 452 828 506 potstas,
850 453 962 506 quhm
983 454 1139 506 regibus,
1154 461 1281 506 portas
1299 453 1516 508 patefacere.
1576 451 1676 490 Eam

398 513 458 566 {ffi'
471 512 691 550 voluntatem
712 512 883 559 omnium,
906 519 947 549 ut
961 512 1024 564 qui
1043 510 1201 549 libertati
1215 512 1285 548 crit
1306 512 1343 548 in
1364 510 1430 550 illa*
1460 510 1545 548 urbe
1565 508 1677 562 finis,

398 569 491 607 iclcm
513 567 660 621 urbistt.
687 568 861 616 Proinde,
868 567 910 622 st
910 568 1064 622 stzlvztm
1077 569 1138 623 (ffi
1150 567 1255 606 vellet
1269 567 1442 615 Romam,
1460 567 1691 618 ulpaliatur,

399 626 549 665 liberam
564 627 637 680 ff,
656 640 771 664 orare.
789 625 878 664 Rex
892 626 1130 664 verecundi&
1144 625 1290 672 νὶξὶυε,
1315 623 1478 678 Qeamz'o
1489 624 1528 663 id
1541 631 1679 662 certum

400 692 507 736 atque
526 683 734 738 offirmtum
754 683 814 737 fst,
836 682 980 735 inquit,
1003 698 1112 735 neque
1131 697 1190 735 ego
1209 681 1400 720 obtundam
1408 682 1541 735 saepius
1561 681 1680 719 eadem

401 742 636 793 nequicquam
661 741 793 793 agendo
810 758 821 778 .·
855 755 916 778 nec
942 739 1163 792 Tarquinios
1171 739 1237 792 spa¹
1254 738 1401 789 auxilii,
1430 739 1523 791 quod
1540 738 1681 777 nullum

400 799 440 836 ἰν]
470 813 523 836 me
540 798 830 853 est‚frzstral10r.
854 797 984 835 Alium
1005 796 1178 849 hinc‚seu
1197 796 1279 834 bello
1296 805 1380 847 opus
1395 795 1525 850 cst,seu
1554 797 1682 848 quiete,

400 854 514 908 &filio
531 863 696 908 quaeraemt
724 855 852 903 locum,
875 869 917 891 ne
932 853 1022 906 quid
1040 868 1154 891 meam
1175 853 1348 907 vobffcum
1361 862 1487 903 pacem
1506 853 1682 906 dg'stineat.

401 911 536 951 Diffis
553 911 660 951 facta
676 912 863 951 amiciora
881 910 1037 964 adjecit.
1055 909 1233 948 obfidum
1249 910 1357 961 quod
1371 909 1569 961 reliquum
1583 917 1684 958 erat,

187 991 352 1030 ‘nn-quinia
403 969 589 1008 reddidit.
608 983 747 1024 agrum
764 969 998 1022 Veientem,
1016 966 1171 1006 foedere
1198 968 1247 1006 ad
1261 967 1491 1018 Janiculum
1514 966 1596 1006 icito
1618 967 1687 1004 ad-

186 1035 367 1074 ffifss-aelsmrin
402 1036 602 1079 emptum,
626 1025 805 1065 restituit.
865 1025 1126 1077 Tarquinius,
1149 1024 1214 1077 spe
1236 1024 1345 1063 omni
1367 1022 1519 1062 reditus
1550 1023 1686 1073 incisa,

182 1081 300 1121 ‘fisum
317 1079 382 1108 ‘²⁰¹²-
402 1083 623 1122 exsulatum
646 1084 694 1122 ad
715 1096 906 1137 generum
941 1082 1172 1121 Mamilium
1213 1081 1432 1120 oetavium
1462 1080 1687 1122 Tusculum

403 1140 510 1180 abiit.
572 1141 768 1180 Romanis
790 1155 865 1193 pax
897 1139 976 1179 fida
1005 1139 1058 1178 ita
1080 1153 1173 1179 cum
1188 1138 1361 1178 Porsena
1377 1138 1466 1177 fuit.

186 1217 262 1245 tte.
277 1223 348 1254 249-
461 1197 576 1237 XVI.
596 1197 788 1237 Consules
810 1198 871 1236 M.
888 1197 1090 1245 Valerius,
1110 1199 1154 1237 P.
1181 1196 1421 1236 Postumius.
1482 1196 1542 1235 Eo
1578 1209 1684 1234 anno

185 1263 225 1290 A.
240 1261 274 1289 C.
291 1268 367 1297 503·
403 1254 503 1294 bene
516 1267 740 1309 pugnatum
757 1269 849 1294 cum
864 1254 1020 1295 Sabinis
1036 1270 1044 1294 ε
1062 1254 1240 1294 consules
1254 1253 1565 1307 triumpharunt.
1597 1254 1690 1292 Ma-

185 1302 386 1379 ἓΊΡζῇῙξὲζῗο
400 1313 487 1367 jore
505 1313 596 1351 inde
614 1314 718 1352 mole
734 1312 871 1352 Sabini
886 1312 1037 1351 bellum
1058 1311 1261 1365 parabant.
1277 1309 1465 1351 adversus
1479 1325 1562 1358 eos,
1576 1313 1616 1351 δε
1638 1324 1689 1350 ne

187 1393 273 1424 Coss.
405 1369 501 1421 quid
523 1369 635 1408 fimul
652 1369 700 1408 ab
719 1370 897 1408 Tusculo
912 1370 1052 1422 (unde,
1066 1369 1132 1408 etfi
1150 1382 1230 1408 non
1247 1380 1444 1421 apertum,
1461 1368 1691 1421 suspectum

188 1460 218 1488 U
246 1468 261 1487 c
289 1464 361 1493 250.
405 1436 539 1465 tamen
559 1426 710 1466 bellum
726 1429 844 1480 erat‚)
861 1426 1057 1479 repentini
1078 1425 1245 1478 periculi
1274 1426 1459 1473 oriretur,
1490 1427 1535 1465 P.
1567 1426 1690 1464 Vale-

187 1479 274 1533 AJC‘.
291 1509 364 1537 502·
405 1484 488 1523 rius
506 1482 710 1536 quartum,
740 1484 791 1522 T.
811 1483 1024 1523 Lucretius
1038 1483 1184 1522 iterum
1203 1481 1384 1522 consules
1406 1482 1517 1521 faeti.
1577 1481 1692 1522 Sedi-

188 1550 222 1578 P.
235 1544 365 1576 Valerio
405 1541 477 1589 tio,
499 1541 602 1580 inter
617 1541 709 1580 belli
731 1541 916 1594 pacisque
939 1540 1123 1580 au&ores
1139 1549 1225 1580 orta
1253 1539 1294 1578 in
1319 1539 1490 1588 Sabinis,
1512 1540 1692 1592 aliquan-

188 1591 377 1667 ΞΥέῘξξ-Ιῗυ·
406 1607 493 1637 tum
515 1598 606 1637 inde
627 1598 772 1637 virium
794 1598 993 1638 transtulit
1024 1598 1073 1636 ad
1106 1597 1327 1636 Romanos.
1359 1611 1534 1650 namque
1566 1598 1690 1637 Attus

189 1681 273 1711 Coss.
408 1655 589 1703 Clausus,
610 1656 674 1695 cui
695 1655 829 1708 postea
848 1656 926 1708 Ap.
950 1654 1120 1694 Claudio
1141 1654 1219 1693 fuit
1241 1654 1387 1693 Romae
1407 1669 1569 1702 nomen,
1596 1669 1694 1698 cum,

187 1728 273 1756 Anm
294 1724 374 1753 Clau·
408 1712 516 1766 pacis
536 1712 616 1765 ipse
639 1712 781 1752 ‘metor
798 1727 819 1751 a
841 1715 902 1765 (1)
924 1711 1195 1751 turbatoribus
1218 1711 1311 1750 belli
1333 1721 1593 1765 premeretur,
1615 1726 1688 1752 nec

176 1771 353 1820 fiis-Roman
406 1784 477 1823 par
493 1769 659 1808 fafifioni
676 1770 782 1818 efiet,
800 1769 847 1813 ab
870 1769 1045 1822 Regillo,
1065 1769 1208 1822 magn&
1236 1768 1442 1808 clientium
1479 1769 1689 1809 comitatus

187 1816 344 1855 sswzfflgtt.
407 1841 547 1876 manu,
580 1827 755 1866 Romam
781 1825 1010 1880 transfugit.
1089 1826 1167 1865 His
1212 1825 1350 1866 civitas
1381 1827 1471 1865 data
1517 1839 1688 1879 agerque

408 1894 515 1925 trans
535 1884 748 1924 Anienem.
767 1894 879 1924 vetus
902 1885 962 1937 (2)
990 1883 1159 1925 Claudia
1200 1883 1341 1935 tribus,
1381 1883 1520 1924 additis
1553 1883 1687 1936 postea

1574 1954 1687 1984 novffi

407 2082 461 2108 tur
477 2077 542 2118 ejus
556 2076 665 2117 quod'
656 2087 720 2129 jam
731 2076 887 2113 dixerant,
905 2090 922 2106 n
924 2077 977 2119 isi'
967 2090 994 2106 m
1004 2078 1152 2118 permczem
1151 2079 1234 2118 suam
1240 2079 1271 2118 f
1273 2079 1344 2107 mles
1357 2077 1403 2119 ff
1415 2077 1480 2106 vell
1479 2082 1537 2105 mt:
1557 2074 1588 2105 δε
1605 2074 1688 2105 ratio

409 2121 589 2162 hujusmodi
607 2121 667 2152 est:
686 2125 713 2151 in
731 2135 820 2162 regno,
835 2122 866 2152 h.
879 2133 904 2152 e.
921 2121 978 2151 sub
991 2132 1073 2163 rege,
1088 2136 1137 2152 non
1153 2123 1200 2164 ‹ffe
1209 2124 1340 2164 populum
1353 2124 1510 2156 Romnum,
1524 2120 1553 2150 h.
1570 2131 1596 2150 e.
1617 2120 1689 2150 nul-

408 2166 476 2196 lum
488 2165 632 2202 esse,s1ve
649 2165 792 2196 nullius
784 2177 818 2196 in
830 2165 995 2207 republica
1011 2166 1183 2206 ponderis;
1196 2174 1227 2197 at
1244 2177 1310 2196 non
1323 2166 1386 2196 fic
1377 2175 1408 2194 ιη
1421 2163 1520 2194 libera
1537 2163 1686 2194 civitate:

409 2210 443 2240 in
454 2210 489 2241 etl
505 2211 552 2252 ‘'ffi'
558 2212 684 2252 populum
697 2213 858 2247 Romanum,
884 2210 914 2240 h.
941 2221 968 2241 e.
1002 2210 1061 2240 esse
1092 2210 1231 2251 aliquam
1259 2208 1391 2241 civitatis
1404 2216 1550 2258 partem.
1600 2208 1688 2253 Qid

408 2255 522 2295 reliqui
539 2254 729 2295 interpretes
741 2256 781 2285 de
798 2255 858 2285 hoc
876 2255 947 2285 loco
963 2253 1259 2291 senserint‚nescio·
1252 2279 1260 2292 ,
1283 2255 1346 2285 alto
1361 2252 1446 2284 enim
1469 2252 1592 2283 filentio
1614 2264 1688 2284 eum

408 2298 689 2340 praetermiserunt.
702 2299 762 2329 hoc
780 2299 881 2329 solum
892 2299 955 2329 scio
971 2300 1059 2339 quod
1075 2310 1133 2340 per
1149 2300 1216 2330 haec
1233 2300 1330 2330 verba
1351 2308 1417 2328 non
1446 2297 1688 2338 intelligendum

407 2343 492 2374 estid
509 2344 596 2383 quod
613 2343 719 2384 primo
735 2343 855 2374 intuitu
869 2354 935 2384 prae
953 2344 982 2374 se
1006 2345 1088 2374 ferre
1105 2343 1266 2379 videntur,
1284 2354 1406 2384 nempe,
1421 2344 1552 2383 populum
1584 2344 1689 2372 Roma-

407 2402 467 2418 num
477 2389 589 2418 liberum
600 2388 647 2429 affe
658 2391 762 2418 exafiis
778 2390 892 2429 regibus.
910 2390 982 2418 Hoc
994 2388 1149 2428 quidnam
1159 2391 1242 2419 foret
1255 2388 1311 2418 nisi
1322 2388 1452 2419 doctum
1464 2386 1601 2417 docere?
1612 2388 1690 2417 Mo-

407 2433 493 2463 done
510 2433 570 2463 hoc
582 2433 711 2462 demum
728 2432 853 2463 rescivit
871 2432 1031 2463 Porsena?
1047 2433 1193 2463 Alteram
1206 2440 1312 2463 tamen
1333 2430 1629 2472 interpretationem
1654 2431 1689 2462 in

408 2475 550 2508 inedium
562 2476 751 2517 relinquam,
767 2488 837 2517 quae
850 2476 978 2508 fortasse
994 2478 1025 2507 &
1043 2476 1150 2508 verior
1167 2477 1219 2515 est,
1233 2478 1263 2507 &
1279 2476 1464 2518 quibusdam
1477 2475 1574 2517 magis
1585 2476 1689 2517 placer

408 2520 465 2553 bit.
512 2521 649 2551 Porsena
664 2524 693 2551 de
709 2524 847 2551 reducendo
859 2525 887 2551 in
903 2535 1011 2563 regnum
1027 2522 1177 2562 ‘Tarqut'nio
1190 2530 1294 2563 egerat
1308 2535 1314 2552 z
1347 2520 1438 2562 legati
1465 2520 1604 2551 Romani
1627 2520 1690 2551 res-

409 2566 565 2606 pondent,
577 2568 680 2606 regiam
691 2567 844 2609 potestatem
862 2568 973 2596 Romae
987 2566 1053 2607 jam
1072 2565 1162 2597 fuiffe
1178 2566 1347 2603 abolitam,
1371 2564 1594 2606 Romanosque
1621 2576 1689 2605 non
1879 2567 1881 2605 ἶ

409 2610 508 2639 modo
528 2610 723 2651 Tarquinium,
734 2611 787 2641 sed
803 2621 842 2640 ne
859 2610 992 2641 omnino
1005 2610 1136 2651 quidem
1151 2624 1249 2653 regem,
1265 2617 1456 2651 recepturoq.
1467 2611 1501 2640 E.

455 2673 490 2702 C.
509 2670 557 2702 16.
581 2672 635 2713 (1)
651 2671 725 2702 Ab
717 2671 754 2702 iis
767 2672 822 2712 qui
839 2683 896 2713 per
913 2673 1023 2704 turbas
1036 2684 1071 2704 ac
1086 2673 1243 2704 violentas
1260 2673 1398 2704 affiones
1414 2671 1533 2702 bellum
1549 2670 1688 2702 concita-

409 2715 498 2747 bant.
551 2717 605 2758 (2)
630 2716 805 2749 Verisimile
831 2717 874 2749 est
906 2717 1072 2752 Claudiam
1097 2716 1217 2750 tribum
1243 2728 1308 2750 non
1330 2717 1392 2748 hoc
1415 2716 1517 2749 statim
1545 2723 1688 2756 tempore

1518 2762 1687 2792 formatam
