1853 3158
364 253 400 294 L
432 253 451 293 I
482 252 515 293 B
546 250 580 292 E
611 249 653 291 R
713 249 790 291 IV.
850 249 886 291 C
921 251 958 291 A
990 248 1039 290 P.·
1097 246 1250 289 XLIII.
1588 252 1671 295 315

148 365 311 407 fortuna
332 365 479 419 AEquis
501 363 675 412 indulsit,
706 363 776 416 qui
798 362 1030 418 ambiguam
1051 361 1263 402 vidioriam
1284 357 1459 399 Volsco-

148 437 239 462 rum
257 437 330 476 pro
360 422 428 462 su&o
448 421 620 474 amplexi
653 420 826 459 fuerant.
1274 433 1279 436 ’

207 479 360 520 XLIII.
421 478 612 519 Proximo
644 491 750 516 anno
780 480 843 530 (ι)
888 476 944 515 N.
985 476 1110 524 Fabio
1145 475 1369 520 Vibulano,
1398 471 1452 509 T.
1473 484 1514 513 U.
1538 494 1563 514 c.
1590 493 1663 523 334·

149 536 364 593 Qimstio,
395 534 615 588 Capitolini
649 533 749 584 filio,
780 533 1011 586 Capitolino
1047 531 1292 578 consulibus,
1324 527 1453 568 ductu
1475 530 1515 558 A.
1533 529 1662 581 95¹8·

148 593 277 642 Fabii,
307 593 373 633 cui
394 591 496 631 sorte
531 605 576 630 ea
598 590 802 644 provincia
823 598 1025 638 evenerat,
1057 587 1157 626 nihil
1179 588 1348 641 dignum
1370 598 1455 624 me·-
1475 573 1630 648 Nialgff,
1641 575 1681 605 T.

149 662 308 693 moratu
325 647 475 688 aestum.
500 661 628 701 quum
649 647 848 700 trepidam
868 644 1029 684 tantum
1050 643 1305 684 ostendifl'ent
1326 642 1453 682 aciem
1474 617 1564 694 ἓὲἕι
1601 627 1633 648 ¹⁰

153 706 296 760 AEqui,
312 706 419 758 turpi
436 704 531 759 fuga
549 705 792 753 funduntur,
813 702 924 742 haud
941 716 1087 755 magno
1101 700 1273 740 consulis
1296 700 1452 738 decore.

153 765 287 816 itaque
321 762 552 815 triumphus
587 771 770 815 negatur.
832 757 1026 799 Ceterum
1072 757 1122 800 ob
1153 757 1457 809 Sempronianae

153 821 276 861 cladis
293 821 463 863 levatam
480 819 762 874 ignominiam,
795 826 839 856 ut
854 830 976 855 ovans
991 815 1130 854 urbem
1154 814 1333 862 intraret,
1364 826 1460 851 con·-

154 878 302 917 ceffum
319 877 388 916 est.
427 876 787 933 Qemadmodum
808 874 959 912 bellum
976 873 1147 919 minore,
1171 869 1294 923 quam
1317 869 1463 908 timue-

154 946 260 984 rant,
291 934 549 973 dimicatione
571 942 654 971 erat
676 931 921 984 perfeetum,
952 930 1001 969 fic
1018 930 1060 967 in
1078 928 1175 967 urbe
1197 941 1245 966 ex
1268 926 1463 978 tranquil-

154 992 193 1030 lo
215 991 452 1042 necopinata
474 990 598 1029 moles
622 989 909 1028 discordiarum
943 987 1046 1025 inter
1068 985 1226 1038 plebem
1248 997 1294 1024 ac
1325 983 1464 1022 Patres

152 1058 289 1087 exorta
304 1048 374 1095 est,
393 1056 526 1100 coepta
548 1045 596 1085 ab
613 1046 857 1099 duplicando
875 1043 1119 1097 quaestorum
1136 1055 1319 1080 numero.
1343 1054 1465 1092 quam

154 1118 254 1153 rem,
287 1107 363 1157 (ut,
396 1114 540 1156 praeter
556 1105 658 1142 duos
681 1103 854 1142 urbanos
877 1101 1107 1154 quaestores,
1138 1100 1219 1138 duo
1236 1096 1466 1139 consulibus
1504 1120 1505 1123 =

155 1163 205 1201 ad
238 1161 453 1200 ministeria
489 1161 583 1199 belli
619 1158 764 1213 praesto
801 1160 940 1212 effent)
964 1173 984 1197 a
1019 1156 1249 1196 consulibus
1285 1156 1465 1202 relatam,
1488 1161 1657 1202 Duplicatus

157 1233 285 1271 quum
309 1222 349 1258 δι’
366 1218 504 1257 Patres
527 1216 682 1256 summa
704 1231 779 1270 ope
811 1215 1114 1270 approbafl'ent3
1147 1212 1376 1263 consulibus
1398 1212 1468 1250 tri·
1486 1207 1646 1248 quastorum

156 1275 254 1315 buni
277 1275 403 1328 plebis
425 1285 628 1314 certamen
650 1275 889 1323 intulerunt,
912 1283 956 1312 ut
978 1286 1067 1325 pars
1090 1270 1334 1324 quaestorum
1357 1272 1469 1323 (nam
1488 1262 1629 1282 numerus.

157 1333 208 1372 ad
245 1333 286 1371 id
316 1342 476 1385 tempus
508 1331 664 1384 patricii
687 1331 808 1370 creati
831 1333 960 1383 erant)
983 1344 1030 1368 ex
1053 1328 1168 1381 plebe
1192 1327 1318 1366 fieret.
1383 1327 1471 1365 Ad-

157 1387 297 1429 versus
315 1403 437 1441 quam
454 1388 663 1427 actionem
673 1387 807 1441 primo
828 1390 865 1426 8(
885 1386 1067 1426 consules
1094 1388 1129 1424 δε
1153 1384 1293 1423 Patres
1315 1383 1471 1422 summa

160 1459 236 1499 ope
265 1446 387 1484 adnifi
410 1445 517 1485 sunt:
549 1445 808 1484 concedendo
840 1444 1000 1492 deinde,
1033 1451 1091 1490 ut,
1124 1441 1469 1494 quemadmodum

160 1504 202 1542 in
224 1502 394 1542 tribunis
420 1502 617 1541 consulari
647 1501 839 1554 potestate
863 1500 1042 1540 creandis
1061 1500 1116 1537 ufi
1140 1499 1230 1538 sunt
1262 1501 1335 1551 (2),
1367 1497 1472 1536 adae-

158 1560 239 1613 que
261 1560 302 1598 in
325 1559 588 1612 quaestoribus
616 1559 788 1597 liberum
810 1558 902 1597 ess'et
924 1557 1132 1596 arbitrium
1155 1555 1310 1609 populi,
1343 1568 1470 1606 quum

161 1630 304 1670 parum
326 1615 585 1669 proficerent,
616 1624 743 1654 totam
765 1629 850 1653 rem
867 1616 916 1653 de
934 1614 1118 1668 augendo
1128 1612 1379 1665 *quaestorum
1398 1626 1472 1650 nu-

160 1687 272 1712 mero
289 1673 494 1723 omittunt.
558 1672 778 1724 Excipiunt
795 1671 974 1710 omissam
998 1670 1169 1717 tribuni3
1192 1669 1360 1720 aliaeque
1383 1668 1473 1707 sub-

160 1731 270 1781 inde,
303 1730 406 1768 inter
428 1743 526 1782 quas
547 1732 584 1769 ἃ
609 1729 771 1782 agrariae
794 1728 910 1781 legis,
943 1727 1134 1766 seditiosae
1157 1726 1336 1764 afflones
1359 1726 1471 1764 exsis-

161 1797 275 1828 tunt:
307 1796 470 1840 propter
487 1800 588 1838 quos
620 1796 754 1826 motus
787 1800 914 1838 quum
938 1785 1095 1823 senatus
1118 1782 1315 1830 consules,
1348 1783 1471 1834 quam

161 1845 359 1893 tribunos,
390 1844 514 1884 creari
546 1844 698 1892 mallet,
744 1856 876 1896 neque
912 1842 1036 1895 poffet
1073 1855 1142 1893 per
1178 1839 1473 1879 intercessiones

161 1902 396 1942 tribunicias
417 1900 804 1941 senatusconsultum
828 1899 933 1947 fieri;
956 1898 1177 1951 respublica
1200 1912 1220 1935 a
1243 1896 1478 1937 consulibus

164 1960 214 1999 ad
235 1960 527 2013 interregnum,
550 1971 682 2011 neque
705 1958 745 1996 id
766 1957 895 2010 ipsum
920 1959 1031 2009 (nam
1054 1958 1160 1994 co'l're
1195 1958 1254 2007 (3)
1286 1954 1475 2007 patricios

163 2016 314 2056 tribuni
335 2015 616 2069 prohibebant)
640 2015 718 2054 fine
740 2014 957 2054 certamine
981 2012 1149 2066 ingenti,
1181 2011 1296 2050 redit.
1330 2012 1473 2067 Qum

165 2087 255 2127 pars
277 2074 404 2128 major
440 2072 685 2126 insequentis
707 2072 800 2111 anni
823 2085 894 2124 per
924 2084 1049 2110 novos
1080 2069 1264 2108 tribunos
1295 2068 1402 2121 plebi
1434 2071 1471 2108 ἃ

164 2131 317 2183 aliquot
338 2131 556 2184 interreges
586 2128 872 2170 certaminibus
894 2128 1073 2167 extracta
1095 2127 1204 2176 ess'et,
1237 2124 1360 2165 modo
1383 2139 1475 2178 pror-

166 2187 396 2227 bibentibus
414 2187 584 2227 tribunis
601 2187 788 2241 patricios
820 2189 926 2227 co'l're
959 2186 1016 2230 ad.
1033 2184 1287 2238 prodendum
1310 2183 1476 2221 interre-

166 2258 273 2298 gem,
296 2244 418 2284 modo
441 2246 682 2298 interregem
704 2242 1068 2297 interpellantibus,
1091 2255 1140 2280 ne
1164 2239 1477 2287 senatusconsub

168 2312 257 2341 tum
274 2302 322 2340 de
343 2301 516 2341 comitiis
538 2301 813 2341 consularibus
835 2300 1008 2348 faceret3
1032 2297 1234 2353 postremo
1251 2297 1301 2336 L.
1325 2296 1478 2350 Papiri-

171 2373 218 2398 us
260 2358 528 2411 Mugillanus,
553 2358 740 2411 *proditus
777 2358 966 2405 interrex,
999 2355 1229 2410 castigando
1257 2368 1365 2393 nunc
1401 2353 1480 2395 Pa-

170 2425 267 2467 tres,
299 2429 408 2455 nunc
430 2415 611 2455 tribunos
628 2415 753 2468 plebi,
773 2415 949 2468 dastrtam
971 2415 1198 2470 omffzmqtte
1218 2414 1262 2451 ab
1277 2411 1479 2450 hominibus

1201 2468 1478 2521 renqmblicam,

216 2589 253 2619 C.
280 2597 333 2627 43.
348 2586 403 2627 (1)
426 2587 456 2617 h.
474 2597 498 2617 e.
518 2587 711 2624 Numerium
734 2588 823 2627 quod
841 2597 1030 2628 praenomen
1064 2584 1157 2617 iiten*⁴
1177 2587 1214 2616 N
1223 2583 1331 2615 notari
1348 2582 1479 2625 solebat,

171 2633 226 2674 (2)
250 2633 280 2662 h.
297 2644 322 2662 e.
340 2632 615 2671 quemadmouum
626 2631 672 2662 usi
690 2632 761 2661 sunt
779 2631 884 2662 libero
902 2631 1040 2662 arbitrio
1057 2630 1090 2660 in
1110 2631 1167 2660 &c.
1193 2627 1397 2660 Adverbium
1408 2630 1482 2656 adae-

170 2678 220 2720 qu?
243 2676 407 2719 saepissime
436 2677 523 2717 apud
550 2676 703 2707 Plautum
721 2675 874 2707 occurrit.
923 2676 978 2715 (ᾔ.)
1002 2675 1074 2706 Vid.
1104 2684 1170 2706 not.
1188 2684 1216 2713 3.
1240 2674 1280 2704 ad
1299 2681 1392 2707 2120·
1414 2671 1434 2700 l·
1452 2680 1479 2707 ,3-

1368 2714 1477 2755 supra.
