1853 3158
355 285 1233 346 LIBER'V11.CAP.XXV.

210 416 345 457 XXV.
377 415 609 469 Priusquam
631 416 777 457 inirent
805 419 897 458 novi
934 419 1113 461 consules
1145 421 1435 476 magistratum,

151 474 377 528 triumphus
399 490 418 513 a
431 474 600 527 Popillio
615 475 663 513 de
681 475 811 515 Gallis
833 476 946 517 aetus
968 492 1113 533 magno
1136 478 1269 519 favore
1287 481 1411 534 plebis
1427 497 1436 522 ε

153 534 215 585 (1)
236 531 519 583 mussantesque
540 532 643 570 inter
665 532 701 571 se
721 533 962 586 rogitabant,
984 549 1071 575 num
1092 550 1195 589 quem
1209 538 1338 591 plebeii
1356 555 1438 578 con-

138 579 467 642 fidis-paeniteret?
527 589 655 628 Simul
686 587 924 631 dietamrem
945 591 1215 646 increpabant,
1248 596 1317 649 qui
1338 596 1435 650 legis

150 646 315 686 Liciniae
351 646 487 699 spretae
528 647 753 686 mercedem
790 649 850 701 (2)
887 648 1152 700 consulatum,
1183 654 1243 706 (3)
1284 653 1435 706 privata

152 704 379 756 cupiditate,
413 704 533 756 quam
555 703 712 757 publica
735 704 895 758 injuria,
926 705 1155 757 foediorem,
1187 709 1359 762 cepiffet,
1392 721 1436 750 ut

1604 326 1659 365 99

151 761 188 799 se
208 766 232 813 †
250 761 327 813 ipse
350 760 551 801 consulem
573 761 743 801 dietator
760 772 923 802 crearet.
985 764 1131 804 Annus
1153 767 1288 807 multis
1303 768 1435 808 variis·
1455 780 1493 810 U.
1507 791 1532 811 c.;
1549 781 1622 819 406.

149 832 225 870 que
261 818 435 857 motibus
466 819 543 857 fuit
579 819 751 873 infignis.
813 820 923 859 Galli
956 834 1003 859 ex
1028 821 1195 861 Albanis
1215 825 1433 876 montibus,
1454 827 1493 854 A.
1514 827 1549 856 C.
1566 826 1640 864 346⁶

147 875 241 927 quia
262 875 404 915 hiemis
424 877 505 915 vim
527 877 607 930 pati
629 878 903 930 nequiverant,
935 890 1005 931 per
1035 893 1197 933 campos
1218 882 1435 922 maritima-

148 946 226 984 que
258 934 343 973 loca
373 934 462 988 vagi
496 933 800 988 populabantur.
862 936 982 986 Mare
1002 941 1026 988 †
1045 936 1234 977 infestum
1256 939 1434 980 claffibus

148 990 386 1030 Graecorurn
408 1001 505 1039 erat,
535 1006 682 1044 oraque
704 992 829 1033 litoris
853 992 1042 1044 Antiatis,
1059 994 1316 1050 Laurensque
1333 1007 1436 1039 trac-

146 1058 225 1097 tus,
259 1050 300 1088 &
334 1047 491 1088 Tiberis
531 1049 649 1089 ostia:
682 1051 742 1103 (4)
779 1060 822 1089 ut
862 1052 1068 1103 praedones
1104 1053 1307 1103 maritimi,
1340 1070 1434 1096 cum

146 1105 392 1145 terrestribus
419 1106 622 1159 congressi,
653 1108 815 1160 ancipiti
852 1108 1146 1161 semelproelio
1177 1111 1434 1163 decertarint,

143 1161 334 1214 dubiique
374 1163 611 1203 discefferint
652 1164 692 1202 in
734 1165 857 1204 castra
900 1166 1023 1214 Galli,
1066 1167 1202 1207 Graeci
1236 1178 1343 1209 retro
1383 1174 1432 1211 ad

142 1233 277 1270 naves,
310 1222 370 1273 (5)
405 1220 533 1260 vietos
571 1222 621 1269 se,
654 1235 702 1259 an
734 1221 923 1273 vinitores,
953 1234 1151 1276 putarent.
1215 1226 1324 1266 Inter
1358 1227 1433 1269 hos

143 1279 203 1330 (6)
239 1275 356 1331 longe
392 1278 590 1317 maximus
627 1278 774 1317 exstitit
809 1289 949 1328 terror,
981 1282 1149 1321 concilia
1188 1286 1432 1337 populorum

141 1334 378 1374 Latinorum
413 1336 462 1373 ad
495 1336 632 1374 lucum
667 1337 890 1377 Ferentinae
931 1337 1088 1379 habita:
1119 1340 1431 1396 responsumque

140 1389 247 1430 haud
270 1391 502 1445 ambiguum
537 1393 823 1446 imperantibus
859 1395 1005 1435 milites
1042 1397 1239 1438 Romanis
1275 1401 1431 1450 datum,

143 1449 341 1503 algssterent
380 1451 559 1501 imperare
593 1452 655 1501 iis,
698 1467 849 1504 quorum
889 1454 1024 1493 auxilio
1059 1466 1212 1509 egerent.
1273 1456 1432 1499 Latinos

136 1516 206 1557 pro
227 1508 306 1560 sud
344 1507 506 1545 libertate
531 1507 668 1560 potins,
700 1508 810 1562 (subm
838 1520 909 1562 pro
948 1512 1060 1551 alieno
1100 1515 1261 1565 imperio,
1292 1516 1432 1556 laturos

141 1579 261 1602 arma.
321 1565 431 1602 Inter
451 1565 531 1604 duo
565 1566 677 1604 fimul
709 1563 809 1606 bella
840 1577 1017 1616 externa,
1049 1570 1276 1611 defeetione
1309 1573 1430 1613 etiam

144 1620 340 1660 sociorum
371 1621 525 1662 senatus
556 1624 711 1673 anxius,
742 1638 867 1676 quum
889 1636 1066 1665 cerneret
1088 1638 1199 1667 metu
1221 1631 1430 1681 tenendos,

141 1693 242 1730 quos
279 1678 376 1717 fides
407 1693 488 1717 non
522 1680 720 1730 tenuifl'et,
753 1684 811 1734 (7)
848 1683 1060 1722 extendere
1096 1699 1235 1726 omnes
1272 1687 1429 1741 imperii

139 1736 240 1775 vires
254 1736 432 1775 consules
449 1737 608 1777 dele&u
622 1737 807 1777 habendo
822 1738 942 1792 jusfit.
959 1740 1063 1781 civili
1081 1743 1227 1796 quippe
1243 1744 1428 1785 standum

1165 1804 1225 1857 (8)
1247 1804 1428 1843 exercitu

136 1918 298 1941 mentatur
315 1910 423 1942 Flavio
440 1910 574 1942 comitiis
587 1912 808 1944 consularibus
825 1913 980 1956 suffragiis
1003 1916 1116 1957 populi
1133 1918 1287 1960 collegam
1311 1920 1425 1952 datum

138 1955 236 1986 fuisse.
284 1955 427 1997 Sigonius
444 1959 523 1987 vero
538 1959 664 1998 collegam
679 1961 754 1988 dixit
775 1958 1020 1999 interpretatur,
1042 1961 1223 1994 nominavit
1240 1963 1304 1995 fine
1326 1965 1424 1996 comi-

139 2000 199 2031 tiis.
244 2002 284 2030 Et
309 2000 438 2040 quidem
462 2001 509 2031 his
526 2001 661 2032 comitiis
686 2002 793 2033 omnia
811 2009 867 2043 per
893 2005 1067 2036 faetionem
1084 2007 1294 2047 patriciorum
1310 2018 1425 2041 contra

138 2046 219 2086 leges
235 2045 315 2085 gesta
331 2044 420 2076 fuisse
433 2046 504 2076 satis
521 2054 617 2087 patet.
663 2046 721 2088 [At
739 2047 760 2077 si
779 2048 943 2086 Camillus,
966 2050 1013 2080 uti
1030 2050 1175 2092 Sigonius
1192 2053 1307 2091 censet,
1329 2055 1426 2086 colle-

136 2101 208 2131 gam
235 2089 290 2120 fibi
307 2090 491 2131 cooptaffet‚
512 2093 596 2121 certe
613 2091 735 2129 Livius,
758 2093 950 2124 recensendo
976 2105 1050 2126 mox
1074 2106 1146 2136 quae
1163 2097 1253 2138 plebs
1277 2098 1324 2129 illi
1342 2099 1424 2131 vitio

139 2134 318 2173 vertebant,
339 2134 372 2164 id
388 2134 517 2165 minime
534 2136 786 2176 praetermififfet.
810 2136 857 2179 E.]

184 2197 223 2227 C.
241 2205 295 2234 25.
317 2197 372 2238 (1)
396 2194 538 2240 Mtffare,
553 2200 641 2238 aeque
658 2211 694 2230 ac
710 2201 857 2242 mzfftare,
871 2200 984 2233 Livius
1000 2202 1076 2234 alibi
1093 2204 1209 2238 utitur.
1225 2205 1312 2238 infra
1327 2207 1347 2239 l.
1369 2208 1424 2240 280

139 2251 167 2270 c.
187 2249 238 2277 40.
253 2241 275 2269 l.
294 2251 343 2280 33.
360 2253 387 2272 c.
409 2252 461 2281 31.
506 2244 560 2284 (2)
583 2244 644 2274 Per
669 2249 688 2284 †
709 2247 905 2288 appfftiouem.
951 2249 998 2278 Ita
1022 2248 1106 2280 infra
1132 2250 1152 2280 1.
1169 2260 1223 2289 45.
1241 2263 1266 2282 c.
1287 2261 1339 2291 37.
1355 2261 1424 2294 pren

137 2288 204 2314 tium
222 2285 377 2325 reflbfaffli
391 2289 558 2328 triumphum
573 2289 690 2319 haberet.
734 2292 789 2329 (3)
814 2290 990 2322 Foediorem
1013 2293 1055 2323 ob
1082 2293 1250 2336 privatam·
1264 2297 1425 2337 cupidita-⁵

139 2336 216 2365 tem,
238 2339 309 2369 quae
331 2332 369 2360 ei)
383 2331 492 2372 erupit
505 2340 539 2362 ut
557 2332 587 2362 se
603 2332 668 2374 ipse
688 2334 848 2365 consulem
866 2344 999 2374 crearet,
1021 2338 1120 2378 quam
1136 2339 1178 2369 ob
1195 2341 1359 2381 publicam
1375 2342 1422 2372 in?

135 2373 265 2414 juriani,
280 2375 428 2410 creando,
445 2383 557 2406 contra
572 2376 673 2418 legem
690 2378 857 2417 Liciniam,
868 2381 949 2411 duos
965 2382 1117 2423 patricios
1128 2385 1279 2416 consules.
1306 2387 1358 2427 (4)
1374 2388 1424 2424 Ut„

139 2429 200 2459 pro
226 2420 305 2448 ade&
330 2426 378 2449 ut.
424 2419 472 2450 Sic
497 2420 582 2451 infr}
607 2422 628 2451 l.
659 2432 707 2453 10.
733 2434 757 2453 c.
779 2433 828 2454 11.
872 2427 963 2456 Romae
982 2449 990 2457 .
1009 2450 1014 2457 .
1036 2450 1044 2458 0
1061 2430 1148 2471 trgstis
1164 2433 1365 2470 nunciusfuit;
1391 2440 1424 2461 ul*

134 2465 239 2493 Patres
251 2464 407 2504 abjubendo
419 2467 550 2495 difflatore
564 2468 847 2509 coqsuh'sfitbrogandi
861 2473 980 2507 comitia,
1001 2473 1179 2512 exsententic‘i
1195 2478 1355 2516 principum
1371 2477 1423 2506 ha*

133 2508 202 2544 bita,
223 2510 414 2538 deterruerint.
437 2511 473 2538 E.
521 2510 575 2550 (5)
599 2512 741 2542 Pendent
764 2513 813 2542 hae
829 2523 922 2544 voces
938 2525 977 2546 ex
992 2518 1247 2556 praecedentibus
1271 2521 1344 2555 dubii
1368 2524 1423 2561 dis-

133 2553 266 2594 offerint.
312 2553 366 2593 (6)
391 2554 514 2595 Nempe
541 2562 637 2591 motus,
660 2556 777 2595 quibus
802 2557 910 2588 multis
937 2560 1097 2601 variisque
1124 2573 1244 2593 annum
1267 2563 1421 2606 infignem

137 2596 227 2627 fuiffe
243 2598 339 2638 supra
354 2598 414 2628 hoc
428 2609 495 2639 cap.
511 2598 598 2629 dixit.
644 2599 704 2640 [lta
726 2601 1031 2642 Drakenborchiu53
1054 2606 1106 2636 sed
1122 2607 1215 2638 nimis
1231 2608 1324 2650 longe
1341 2610 1420 2640 mihi

133 2640 262 2683 videtur
275 2653 338 2672 vox
349 2650 429 2672 motus
445 2643 553 2674 abesse.
603 2644 738 2674 Mallem
751 2645 986 2689 subintelligere
998 2656 1124 2681 terrores.
1141 2652 1193 2694 E.]
1216 2654 1270 2694 (7)
1285 2655 1376 2685 Unus
1388 2656 1421 2685 Sc

133 2685 216 2722 ,alter
233 2688 332 2719 codex
348 2689 475 2730 estendere
495 2690 645 2729 praesert3
669 2691 755 2729 quod
785 2701 849 2720 non
877 2692 1067 2734 displiceret,
1089 2696 1109 2725 fi
1139 2697 1245 2738 plures
1269 2698 1420 2740 suffraga-

752 2735 782 2764 H.
809 2745 825 2767 ‚z
1294 2751 1416 2773 rentur.

1453 871 1490 899 L.
1503 871 1610 908 Furio,

1453 916 1517 954 Ap.
1535 915 1630 946 Clau⁶

1454 958 1509 990 dio
1524 959 1610 991 Cofl]a
