1853 3158
163 224 241 275 176

147 1458 212 1489 ‚linx
235 1455 274 1486 ‘Te
278 1467 338 1485 ren-

151 1503 222 1530 tillo.

834 222 885 263 T.
945 223 1200 265 LIVII

375 340 424 379 ab
441 339 538 379 urbe
553 337 729 379 hostium
746 337 1017 390 abscederent,
1048 353 1096 378 eo
1113 338 1298 384 solutiore
1334 338 1430 379 eura
1449 337 1490 378 in
1511 337 1665 381 Lucre.

373 398 475 436 tium
489 397 671 437 incidunt
688 396 907 447 consulem,
923 398 1008 453 jam
1022 394 1113 437 ante
1134 396 1347 451 exploratis
1361 395 1568 438 itineribus
1586 397 1665 439 suis

372 455 631 504 instrutstum,
665 457 705 494 δι’
726 455 774 494 ad
797 463 997 494 certamen
1025 455 1238 494 intentum.
1261 455 1403 510 Igitur,
1435 456 1665 508 praeparatis

373 513 531 562 animis,
563 512 772 566 repentino
791 527 936 566 pavore
958 512 1159 566 perculsos
1180 513 1322 561 adorti,
1342 513 1546 565 aliquanto
1566 527 1665 566 pau-

372 571 499 611 ciores
534 570 835 610 multitudinem
867 570 1070 625 ingentem
1112 570 1289 612 fundunt
1325 569 1573 625 fugantque3
1622 573 1663 611 &

372 628 599 682 compulsos
621 629 661 667 in
679 643 792 670 cavas
813 629 950 679 valles,
981 643 1107 680 quum
1138 629 1268 668 exitus
1288 627 1395 668 haud
1417 628 1457 667 in
1479 627 1587 667 facili
1607 627 1665 668 es-

372 686 471 735 sent,
495 685 827 727 circumveniunt.
888 685 948 725 Ibi
964 686 1159 725 Volscum
1177 700 1325 727 nornen
1342 685 1464 744 prope
1487 686 1664 726 deletum

372 744 441 782 est.
464 744 655 785 tredecim
673 744 796 782 millia
821 743 1134 797 quadringentos
1156 743 1402 798 septuaginta
1424 742 1601 783 cecidiffe
1623 743 1665 783 in

371 801 454 841 acie
478 816 521 841 ac
544 801 654 855 suga,
686 801 792 841 mille
815 802 1010 841 ducentos
1043 800 1334 855 quinquaginta
1365 801 1474 841 vivos
1510 811 1666 855 captos,

371 859 478 912 {igna
501 859 640 914 viginti
655 859 804 912 septem
833 858 1017 897 militaria
1045 859 1184 908 relata,
1216 858 1256 897 in
1286 857 1522 911 quibusdam
1543 872 1668 899 anna-

371 917 475 956 libus
494 917 665 957 invenio.
690 916 756 956 ubi
773 917 840 955 etfi
856 916 1061 970 adjectum
1084 916 1233 968 aliquid
1250 921 1419 955 numero
1441 917 1499 967 fit,
1518 930 1665 970 magna

370 971 478 1014 certe
501 975 628 1015 caedes
652 973 741 1012 fuit.
801 973 950 1013 Vic‘er
980 972 1132 1021 consul,
1153 973 1305 1027 ingenti
1332 974 1463 1026 praedfi
1498 973 1665 1028 potitus,

371 1033 511 1071 eadem
530 1033 569 1070 in
588 1032 725 1071 stativa
739 1031 868 1071 rediit.
918 1031 1029 1070 Tum
1047 1030 1228 1070 consules
1242 1031 1366 1070 castra
1387 1032 1640 1086 conjungunt
1656 1046 1665 1075 ς

374 1092 414 1129 δε
435 1089 572 1129 Volsci
596 1089 802 1143 AEquique
824 1088 991 1128 affliE‘tas
1004 1087 1106 1128 vires
1128 1088 1215 1128 suas
1241 1088 1282 1127 in
1303 1102 1430 1127 unum
1445 1090 1664 1133 contulere,

371 1147 509 1186 Tertia
527 1147 591 1185 illa
623 1162 757 1201 pugna
773 1161 821 1186 eo
856 1161 961 1186 anno
995 1145 1085 1185 fuit.
1108 1147 1247 1185 eadem
1269 1146 1432 1186 fortuna
1452 1146 1666 1187 vinitori-am

372 1205 494 1244 dedit.
513 1205 607 1244 fusis
627 1204 822 1253 hostibus,
853 1205 973 1244 etiam
996 1204 1120 1243 castra
1137 1213 1264 1261 capta.

429 1263 502 1301 IX.
534 1262 600 1303 Sic
620 1277 681 1302 res
704 1263 889 1302 Romana
928 1262 968 1300 in
1005 1262 1217 1314 antiquum
1246 1261 1393 1301 statum
1433 1260 1579 1300 rediit:
1610 1261 1669 1301 se-

370 1321 595 1373 cundaeque
612 1320 704 1360 belli
721 1334 782 1360 res
803 1321 1006 1373 externplo
1029 1319 1202 1360 urbanos
1223 1329 1357 1359 motus
1373 1318 1662 1362 excitaverunt.

370 1377 419 1417 C.
436 1378 683 1417 Terentillus
707 1377 806 1417 Arsa
827 1376 1012 1417 tribunus
1033 1377 1158 1430 plebis
1179 1391 1227 1417 eo
1243 1391 1348 1416 anno
1366 1375 1456 1421 fuit,
1489 1376 1537 1425 is,
1566 1391 1664 1416 con-

372 1435 520 1475 sulibus
542 1434 782 1483 absentibus,
799 1445 909 1474 ratus
930 1436 1065 1475 locum
1087 1434 1311 1476 tribuniciis
1342 1433 1568 1476 aetionibus
1596 1434 1665 1473 da-

372 1503 460 1533 tum
477 1507 547 1546 per
560 1493 712 1546 aliquot
729 1493 812 1532 dies
832 1493 1000 1532 Patrum
1022 1491 1246 1545 superbiam
1269 1492 1318 1534 ad
1340 1490 1497 1544 plebem
1530 1491 1666 1531 crimi-

371 1561 503 1599 natus,
525 1550 699 1590 maxime
721 1551 762 1589 in
788 1550 992 1590 consulare
1008 1550 1237 1604 imperium,
1259 1559 1450 1602 tanquam
1473 1549 1661 1598 nimium,

371 1623 445 1649 nec
485 1608 689 1648 tolerabile
722 1608 858 1648 liberae
880 1608 1045 1655 civitati,
1080 1607 1369 1648 invehebatur:
1399 1608 1539 1646 nomine
1568 1608 1664 1647 enim

371 1665 517 1711 tantum
539 1665 661 1706 minus
686 1666 919 1720 invidiosmn‚
941 1681 981 1704 re
1010 1666 1087 1720 ipss}
1112 1663 1229 1718 prope}
1255 1665 1427 1714 atrocius,
1459 1664 1572 1717 quhm
1605 1673 1673 1705 rea,

367 1727 486 1778 giam,
504 1726 575 1780 ff'·
640 1723 791 1779 ‘Quippe
805 1724 891 1763 duos
899 1733 969 1776 pro
983 1739 1051 1763 uno
1066 1723 1204 1762 domino
1218 1731 1389 1775 acceptos,
1407 1722 1663 1774 immoderatd,

370 1782 523 1836 infinit&
546 1783 713 1837 potestate
730 1800 742 1820 .·
774 1783 853 1835 qui,
862 1781 976 1836 spluti
995 1789 1103 1835 atque
1123 1780 1293 1837 fffrenati
1311 1779 1387 1835 ff,
1409 1795 1527 1822 omnes
1548 1789 1664 1820 metus

370 1842 489 1893 legum
510 1843 696 1893 omniaque
703 1840 885 1894 supplicia
906 1847 1091 1878 verterent
1111 1840 1150 1877 in
1163 1839 1313 1891 plebem.
1354 1837 1454 1893 ¹Qut>
1469 1853 1513 1876 ne
1527 1847 1662 1877 aeterna

371 1899 445 1937 illis
465 1897 684 1951 licc’rttiafit,
707 1900 768 1951 (Ι)
789 1898 899 1951 legem
907 1897 951 1951 st
964 1896 1306 1950 promulgaturum,
1338 1904 1379 1935 ut
1406 1897 1564 1949 quinque
1581 1897 1662 1934 viri

370 1965 542 2003 creentur
554 1957 690 2009 legibus
705 1955 747 1994 de
758 1956 904 2007 imperio
919 1955 1097 2008 corfitlczri
1104 1954 1320 2008 scribendis.
1385 1952 1503 2008 ¹>Quod
1508 1953 1664 2006 populus

372 2015 541 2068 insejus
561 2014 712 2061 dederit,
734 2029 768 2052 eo
787 2012 957 2067 cotficlem
989 2027 1140 2051 nurum
1158 2029 1169 2050 :
1203 2027 1270 2051 non
1291 2012 1377 2065 ipfhs
1408 2009 1590 2055 libidinem
1619 2028 1664 2051 ac

371 2073 553 2111 licentiam
562 2072 673 2125 suam
693 2081 763 2123 pro
782 2071 856 2124 lege
885 2070 1082 2109 habituros.
1143 2069 1237 2127 Q&
1266 2069 1519 2123 promulgata
1557 2069 1663 2123 lege,

373 2144 499 2183 quum
522 2130 709 2169 timerent
730 2130 882 2178 Patres,
900 2142 964 2178 ne,
995 2126 1221 2167 absentibus
1243 2126 1487 2175 consulibus,
1515 2126 1661 2181 jugum

372 2188 613 2241 acciperent,
648 2186 804 2226 senatus
826 2201 847 2224 a
869 2184 1063 2239 praefetsto
1093 2184 1201 2224 urbis
1237 2185 1308 2242 Q
1324 2183 1447 2223 Fabio
1468 2193 1633 2223 vocatur
1652 2199 1661 2223 ε

373 2246 442 2298 qui
465 2244 564 2284 adei)
587 2244 773 2284 atrociter
809 2244 850 2282 in
887 2244 1137 2298 rogationem
1169 2243 1419 2294 latoremque
1448 2240 1576 2297 ipsum
1605 2241 1662 2281 est

373 2303 705 2355 i11ve&11s‚(2)ut
727 2301 841 2350 nihil,
864 2302 888 2340 fi
911 2301 1028 2341 ambo
1049 2299 1230 2341 consules
1263 2298 1394 2347 infesti
1431 2299 1662 2345 circumita-2

374 2370 462 2402 rent
483 2360 706 2409 tribunum,
722 2359 910 2408 relietum
931 2359 1133 2406 minarum
1154 2366 1272 2412 atque
1293 2356 1454 2405 terroris
1476 2357 1545 2401 fit:
1581 2355 1664 2411 i'fi‘

1523 2415 1665 2454 aliatum

420 2538 454 2567 C.
473 2545 502 2576 9.
526 2536 580 2576 (1)
603 2536 678 2566 Huc
696 2534 795 2575 usque
815 2533 991 2576 perscripta
1010 2544 1075 2567 non
1093 2541 1183 2565 erant
1195 2532 1268 2574 jura
1284 2531 1393 2563 omnia
1408 2530 1525 2574 quibus
1550 2530 1663 2572 civitas¹

375 2589 558 2622 regeretur3
582 2580 634 2612 sed
650 2578 785 2610 maxima
803 2587 948 2620 exparte
973 2579 1012 2609 ad
1030 2589 1136 2619 regem
1164 2577 1369 2609 consulumve
1392 2575 1566 2607 arbitrium
1592 2575 1663 2606 lites

375 2625 618 2656 dirimebantur.
661 2624 856 2655 Terentilius
873 2623 971 2665 igitur
986 2623 1117 2664 aliquod
1131 2622 1211 2664 juris
1236 2633 1352 2663 corpus
1364 2619 1431 2652 fieri
1441 2620 1582 2658 volebat,
1597 2631 1663 2660 quo

375 2671 407 2700 in
426 2670 574 2701 omnibus
587 2668 731 2711 negotiis,
747 2677 815 2699 tum
834 2667 980 2709 publicis,
995 2676 1065 2699 tum
1076 2666 1220 2709 privatis,
1243 2666 1355 2698 civitas
1368 2672 1521 2696 uteretur.
1544 2665 1601 2705 (2)
1617 2666 1663 2695 Ut

376 2715 456 2747 nihil
469 2713 637 2757 superesset
648 2714 809 2746 minarum
821 2724 856 2745 ac
871 2721 1042 2751 terrorum,
1055 2713 1141 2759 quod
1155 2712 1352 2752 intentarent
1366 2710 1518 2748 consules,
1532 2710 1554 2741 fi
1564 2709 1666 2785 'anfstig

1563 2765 1596 2786 m
1612 2765 1628 2786 e
