1853 3158
254 300 330 330 112

242 1028 399 1057 Wnsuntur

237 1072 371 1102 Samnites
387 1074 415 1101 1⁰72

238 1116 400 1158 Campaniai.

240 1718 360 1746 Cornelii
377 1729 437 1747 con·

224 1763 299 1801 fidis
312 1765 338 1791 in
356 1764 437 1792 Sam-

237 1809 279 1835 2150
286 1810 394 1847 perica-

236 1852 301 1880 lum.

932 288 984 330 Τ.
1044 286 1301 330 LIVII

466 410 562 449 nua,
593 401 847 456 legionibus
837 416 879 442 m
900 403 1073 444 mediam
1094 404 1220 445 aciem
1235 403 1418 459 aperiunt
1433 404 1552 445 viam.
1597 402 1753 451 Primus

465 458 649 498 omnium
671 460 809 500 consul
838 461 990 501 invadit
1017 461 1199 512 hostem;
1235 465 1290 512 gc,
1322 477 1415 502 cum
1437 477 1518 516 quo
1539 462 1642 503 forte
1659 480 1754 506 con-

464 516 556 555 tulit
589 519 651 571 (9)
686 519 873 573 gradum,
919 518 1145 561 obtruncat.
1205 521 1298 561 Hoc
1336 520 1563 574 specstaculo
1603 525 1750 563 accensi

464 573 603 614 dextra
622 574 814 629 laevaque,
846 586 936 616 ante
958 577 995 617 se
1015 577 1195 631 quisque,
1224 579 1531 618 memorandum
1562 579 1752 644 proelium

462 631 584 672 cient.
644 633 760 673 Stant
777 634 898 674 obnifi
916 634 1130 684 Samnites,
1153 650 1384 688 quanquam
1401 637 1514 690 plura
1536 636 1754 691 accipiunt,

462 704 586 742 quam
627 690 819 741 inferunt,
864 693 1039 732 vulnera.
1102 693 1365 745 Aliquamdiu
1400 695 1485 749 jam
1526 703 1751 748 pugnatum

461 757 573 788 erat:
603 758 715 789 atrox
746 751 873 790 caedes
894 751 997 790 circa
1018 751 1124 805 figna
1143 750 1401 802 Samnitium,
1431 751 1528 806 fuga
1549 751 1597 791 ab
1618 757 1642 804 †
1662 753 1753 792 nul-³

460 804 596 845 ladum
616 817 725 860 parte
745 817 841 848 erat.
864 807 964 848 adeo
987 818 1114 848 morte
1137 806 1215 847 sola
1233 807 1339 847 vinci
1357 808 1646 848 destinaverant
1666 809 1752 849 ani-

459 863 549 903 mis.
609 865 748 918 Itaque
781 866 973 914 Romani,
1006 880 1131 918 quum
1166 867 1205 905 δε
1243 865 1365 904 fluere
1387 868 1476 920 (10)
1497 867 1583 921 jam
1604 867 1751 906 lassitu-

458 920 552 960 dine
571 921 674 963 vires
696 922 898 972 sentirent,
932 926 971 964 δι’
1004 923 1082 962 diei
1108 923 1216 962 haud
1236 924 1411 962 multum
1431 923 1655 977 supereffet,
1686 939 1753 964 ac-
1807 962 1819 971 ,

460 979 563 1018 censi
596 980 653 1018 ira
683 981 886 1019 concitant
912 981 981 1020 se
972 995 1012 1020 m
1032 980 1200 1020 hostem
1260 981 1371 1020 Tum
1402 979 1581 1034 primum
1610 981 1749 1022 referri

459 1037 603 1089 pedem
624 1046 743 1090 atque
768 1037 949 1077 inclinari
969 1052 1054 1078 rem
1076 1038 1117 1077 in
1137 1038 1275 1092 fugam
1297 1038 1506 1092 apparuit,
1537 1048 1625 1078 tum
1647 1038 1751 1092 capi,

461 1094 590 1132 occidi
612 1097 649 1146 (1
665 1097 702 1147 1)
723 1093 896 1133 Samnis.
927 1109 1001 1134 nec
1022 1095 1299 1149 superfuiffent
1328 1096 1459 1145 multi,
1490 1097 1531 1136 ni
1562 1111 1642 1136 nox
1665 1097 1749 1136 vic-

460 1151 605 1189 toriam
638 1151 764 1204 magis
787 1153 893 1204 (12),
925 1150 1048 1203 quam
1068 1154 1273 1204 proelium,
1305 1154 1530 1193 diremisset.
1591 1154 1641 1193 Et
1664 1154 1751 1194 Ro-

458 1207 568 1246 mani
589 1206 832 1256 fatebantur,
863 1221 1073 1260 nunquam
1105 1223 1198 1248 cum
1228 1211 1491 1262 pertinaciore
1521 1211 1632 1251 hoste
1654 1226 1752 1251 con-

458 1265 641 1305 flietum:
674 1269 714 1307 δε
736 1264 953 1314 Samnites,
978 1279 1105 1318 quum
1128 1277 1388 1318 quaereretur,
1420 1283 1603 1321 quaenam
1621 1269 1749 1322 prima

457 1323 573 1363 eausa
605 1332 689 1362 tam
723 1322 941 1363 obstinatos
973 1323 1181 1362 movisset
1172 1338 1212 1362 1n
1233 1323 1402 1378 fugam?
1436 1328 1524 1379 (¹3)
1544 1328 1656 1366 oculos
1674 1326 1751 1381 sbi

456 1381 712 1421 Romanorum
741 1381 872 1421 ardere
896 1382 1002 1436 visos,
1034 1379 1207 1431 aiebant,
1239 1382 1446 1436 vcssmosqtte
1465 1384 1592 1422 vultus
1617 1384 1748 1440 &fie-

456 1441 577 1478 remia
597 1455 688 1479 ora:
719 1439 802 1478 inde
824 1439 929 1492 plus,
960 1454 1072 1492 quam
1095 1454 1139 1478 ex
1157 1440 1237 1479 alia
1259 1440 1338 1479 ulla
1359 1455 1411 1487 re,
1442 1442 1594 1479 terroris
1613 1451 1746 1482 ortum.

455 1511 578 1550 quem
612 1506 805 1537 terrorem
826 1511 908 1535 non
928 1511 1074 1551 pugnae
1095 1494 1225 1536 solum
1260 1506 1420 1546 eventu,
1452 1497 1517 1537 sed
1549 1498 1748 1539 nocturna

453 1554 721 1608 profefi‘cione,
752 1554 914 1595 confeffi
946 1554 1048 1594 sunt.
1108 1554 1270 1595 Postero
1306 1555 1370 1594 die
1403 1555 1539 1595 vacuis
1572 1555 1749 1596 hostium

455 1612 591 1653 castris
628 1613 842 1652 Romanus
878 1612 980 1666 potit
968 1627 1056 1652 tur:
1088 1626 1170 1665 quo
1206 1612 1243 1652 se
1278 1612 1410 1654 omnis
1446 1612 1749 1667 Campanorum

455 1671 672 1710 multitudo
689 1669 983 1724 gratulabunda
1003 1670 1159 1709 effudit.

511 1728 714 1768 XXXIV.
745 1726 940 1767 Ceterum
968 1727 1045 1767 hoc
1080 1728 1272 1781 gaudium
1304 1727 1448 1782 magnii
1481 1727 1605 1782 prope
1637 1730 1749 1769 clade

456 1787 497 1826 in
516 1786 681 1826 Samnio
703 1785 903 1825 foedatum
938 1785 1007 1825 est.
1039 1799 1132 1824 nam
1155 1785 1201 1824 ab
1222 1785 1398 1825 Saticula
1418 1785 1626 1839 profectus
1647 1786 1750 1826 Cor-

456 1844 585 1884 nelius
605 1843 743 1883 consul
764 1843 983 1883 exercitum
1000 1840 1158 1882 incaute
1180 1842 1219 1881 in
1242 1843 1398 1891 saltum,
1432 1857 1525 1882 cava
1544 1844 1643 1883 valle
1660 1857 1751 1897 per-

456 1903 584 1950 vium,
620 1897 805 1954 circaque
840 1900 1023 1940 inseffum
1060 1899 1108 1939 ab
1143 1899 1270 1949 hoste,
1301 1900 1486 1939 induxit:
1518 1914 1590 1940 nec
1619 1900 1747 1954 prius,

458 1974 580 2012 quam
601 1959 724 2012 recipi
745 1957 835 1998 tuto
870 1959 976 2011 ligna
998 1972 1078 1996 non
1100 1967 1297 2011 poterant,
1328 1957 1607 1997 imminentem
1630 1973 1716 2012 capi
1706 1959 1751 1997 iti

457 2017 612 2057 hostem
631 2017 742 2057 vidit.
803 2019 864 2070 (1)
896 2017 1010 2056 Dum
1032 2015 1072 2054 id
1091 2029 1213 2055 morae
1234 2014 1481 2056 Samnitibus
1511 2015 1583 2068 est,
1616 2017 1750 2068 quoad

1617 2083 1750 2114 totum

459 2191 541 2223 illud
557 2190 774 2233 virgilianum
792 2189 935 2222 occurrit
959 2191 1029 2220 Haec
1045 2191 1091 2221 ubi
1112 2193 1185 2221 α’ῐὲῗα
1201 2192 1280 2221 aldit.
1323 2189 1379 2232 (9)
1404 2190 1563 2231 ngfbrre‘s
1551 2191 1666 2220 crudum
1688 2200 1751 2231 pro

461 2236 605 2268 cominus
623 2247 775 2277 pugnare.
819 2237 896 2266 Tac.
924 2235 942 2265 l.
970 2245 997 2266 2.
1020 2237 1110 2267 Ann.
1135 2246 1160 2266 c.
1188 2245 1241 2274 32.
1265 2235 1285 2265 l.
1303 2244 1334 2266 2.
1352 2235 1430 2265 Hist.
1447 2246 1473 2265 c.
1496 2243 1551 2272 42.
1598 2234 1697 2264 Simili
1702 2243 1751 2265 ter

460 2295 494 2311 cn
493 2284 569 2319 ·f··r⁷
571 2284 698 2321 den
715 2293 822 2317 manus,
844 2279 940 2311 obvia
953 2280 1034 2310 sunt.
1079 2280 1196 2321 (10)Q
1180 2280 1228 2311 ic
1242 2290 1310 2322 cap.
1326 2290 1420 2320 praec.
1425 2280 1517 2321 fluere
1530 2292 1573 2309 res
1595 2279 1749 2310 dicuntur

464 2326 631 2357 &inflaL
649 2335 700 2363 27.
717 2337 744 2355 c.
771 2333 820 2362 17.
866 2326 942 2366 (11)
967 2327 1014 2355 lta
1041 2324 1126 2354 infr}
1153 2324 1219 2356 1-8.
1242 2335 1267 2355 c.
1293 2325 1348 2363 38.
1371 2328 1434 2354 totis
1455 2327 1522 2365 jam
1537 2326 1619 2364 copiis
1637 2325 1749 2354 Samnis

461 2372 582 2411 urgebat.
613 2371 645 2400 ἃ
676 2369 761 2401 alibx.
806 2369 854 2400 Sic
891 2370 990 2400 etiam
1015 2371 1168 2406 Romanus,
1199 2371 1368 2411 Campanus,
1401 2370 1537 2399 Sidicinus
1554 2379 1627 2409 cap.
1656 2379 1751 2409 praec.

462 2411 566 2446 ,Eiidem
582 2415 704 2456 fortuna*
737 2417 888 2445 Romanum
918 2416 1057 2456 Campano
1080 2417 1203 2444 laturum
1239 2422 1324 2456 opem,
1359 2413 1412 2455 quc'z'
1445 2415 1600 2455 Campanus
1633 2414 1753 2443 Sidicino

460 2463 569 2491 tulerit.
613 2460 691 2501 (12)
713 2460 787 2490 Vid.
807 2467 878 2490 not.
903 2470 932 2497 5.
949 2460 990 2490 ad
1012 2470 1041 2490 c.
1064 2458 1092 2489 8.
1110 2459 1129 2489 1.
1153 2459 1180 2490 6.
1202 2460 1306 2500 supra.
1354 2458 1430 2501 (13)
1452 2458 1535 2488 Illud
1563 2456 1750 2499 responsum

462 2517 529 2537 non
541 2505 603 2536 hoc
618 2512 776 2545 tempore,
796 2503 849 2534 sed
864 2504 934 2544 post
949 2503 1163 2535 calamitatem
1179 2505 1220 2535 ad
1236 2503 1388 2534 Furculas
1413 2502 1572 2534 Caudinas
1596 2501 1750 2532 Romanis

462 2550 598 2587 illatam,
619 2560 720 2590 quum
736 2548 900 2580 dedecoris
917 2548 1068 2580 abolendi
1085 2548 1178 2579 causa
1193 2549 1314 2579 bellum
1329 2547 1571 2583 instauraretur,
1593 2545 1749 2577 Samnites

463 2595 592 2632 dediffe,
614 2595 728 2625 auctor
745 2593 786 2624 cst
804 2593 915 2624 Florus
931 2593 950 2624 l.
964 2604 991 2624 1.
1002 2604 1025 2624 c.
1043 2592 1092 2625 16.
1135 2593 1298 2630 Similiter,
1309 2593 1443 2624 Volscos
1456 2591 1617 2631 sociosque
1633 2591 1750 2621 ardore

463 2639 562 2671 animi
578 2639 750 2670 micantem
766 2640 990 2669 Romanorum
1003 2638 1132 2669 vultum
1147 2640 1233 2669 ferre
1256 2648 1323 2669 non
1344 2636 1492 2679 potuiffe,
1514 2634 1625 2666 Livius
1651 2633 1751 2675 supra

463 2684 594 2716 traditl.
611 2684 642 2715 6.
659 2694 686 2715 c.
704 2693 754 2722 13.

510 2747 545 2779 C.
572 2756 621 2784 34.
647 2745 700 2786 (1)
724 2744 962 2778 eundiantibus
985 2744 1192 2783 Samnitibus,
1214 2745 1246 2776 ἃ·
1273 2741 1518 2787 expectantibus
1543 2741 1621 2773 dum
1640 2739 1752 2815 consul

1645 2793 1678 2815 to
1697 2795 1752 2816 um

733 2821 774 2856 ἢ

1790 3146 1793 3150 -
1836 3106 1853 3158 ὲ]
