1905 3168
190 269 210 308 Q)

221 268 241 295 ἲ.)

187 540 327 580 Ponsfix.

183 1147 370 1189 Ρνοᾶζξὶονωπ

174 1201 270 1234 procur
277 1196 341 1223 atio.

181 1432 250 1473 Pop.
268 1433 386 1462 Romani

179 1480 273 1519 religio
299 1484 325 1506 ct

178 1524 374 1564 tranquillitas.

264 1701 288 1805 κι-ι-

863 254 914 295 Τ.
975 255 1229 298 L1V11

408 365 588 419 nicaeque
624 364 746 419 pie'lae
780 341 930 421 insigne
967 368 1092 419 dedit,
1125 371 1165 410 δε
1188 368 1304 423 super
1339 369 1517 409 tunicam
1539 382 1697 412 aeneum

405 423 559 476 Ρεᾶοτί
591 432 806 478 tegumen:
837 424 1092 478 coelestiaque
1113 440 1237 476 arma,
1273 441 1364 480 quae
1384 430 1446 482 (4)
1466 428 1606 468 ancilia
1629 443 1699 482 ap-

404 481 618 534 pellantur,
649 480 768 530 ferre,
800 495 845 522 ac
871 495 941 535 per
958 482 1128 522 urbem
1119 497 1174 523 ire
1196 494 1383 524 canentes
1405 486 1580 526 carmina
1601 500 1697 526 cum

404 538 589 591 tripudiis
606 537 853 592 sollemnique
869 539 1010 579 saltatu
1027 540 1148 595 juffit.
1209 541 1447 582 Pontificem
1470 545 1532 597 (5)
1552 543 1697 583 deinde

404 595 587 634 Numam
637 596 856 646 Marcium,
922 597 1054 637 Marci
1105 597 1250 647 filium,
1311 613 1360 639 ex
1406 601 1590 640 Patribus
1641 601 1698 640 le-

404 653 476 706 git,
507 653 622 706 eique
645 653 751 694 sacra
782 654 916 694 omnia
949 669 995 694 er
984 654 1142 709 scripta
1177 657 1456 711 exsignataque
1489 658 1696 706 attribuit3

404 710 549 762 quibus
583 711 734 760 hostiis,
766 712 911 765 quibus
933 712 1089 763 diebus,
1121 714 1170 753 ad
1191 729 1283 767 quae
1314 715 1463 768 templa
1499 715 1604 755 sacra
1627 715 1697 754 fie-

403 779 506 817 rent,
529 778 647 822 atque
666 770 801 809 unde
792 785 833 809 1n
854 785 922 810 eos
937 770 1117 824 sumptus
1132 771 1302 825 pecunia
1315 781 1558 826 erogaretur.
1619 773 1698 813 Ce-

403 829 487 865 tera
504 841 665 880 quoque
682 828 817 867 omnia
838 827 997 882 publica
1013 829 1246 883 privataque
1268 829 1375 870 sacra
1394 829 1604 869 Pontificis
1625 830 1697 870 sci-

402 884 431 922 ti
436 898 452 923 s
489 883 682 939 subjecit3
716 894 760 924 ut
793 886 886 925 effet
907 884 989 939 quo
1024 886 1250 926 consultum
1282 886 1417 941 plebes
1437 887 1615 935 veniret;
1647 902 1699 928 ne

393 942 500 994 ¹quid
517 942 671 981 divini
657 943 775 998 juris,
807 944 1048 999 negligendo
1070 944 1220 998 patrios
1239 945 1356 994 ritus,
1386 944 1697 1009 peregrinosque

403 998 669 1049 adsciscendo,
700 1001 940 1041 turbaretur.
978 1016 1051 1042 nec
1085 1002 1266 1042 coelestes
1287 1001 1411 1042 modo
1434 1003 1698 1051 ceremonias,

404 1056 469 1096 sed
486 1057 591 1112 justa
622 1073 784 1112 quoque
805 1058 990 1099 funebria
1017 1060 1310 1113 placandosque
1332 1061 1494 1109 Manes,
1525 1069 1570 1099 ut
1590 1060 1699 1099 idem

404 1115 589 1155 Pontifex
627 1117 841 1165 edoceret3
874 1131 1046 1171 quaeque
1082 1118 1280 1172 prodigia,
1313 1117 1550 1157 fulminibus
1572 1118 1698 1157 aliove

404 1187 485 1225 quo
520 1173 603 1213 visu
636 1174 761 1224 missa,
792 1174 1082 1229 susciperentur
1103 1177 1164 1230 (6)
1185 1186 1304 1229 atque
1327 1185 1562 1215 curarentur
1621 1177 1696 1230 (7).

406 1231 472 1270 Ad
500 1245 545 1270 ea
570 1232 765 1272 elicienda
793 1247 842 1272 ex
863 1232 1067 1272 mentibus
1083 1233 1242 1283 divinis,
1274 1233 1364 1286 Jovi
1381 1233 1509 1273 Elicio
1531 1246 1640 1272 aram
1655 1248 1696 1272 m

404 1289 607 1329 Aventino
621 1290 792 1329 dicavit·
783 1307 794 1339 ;
827 1290 1046 1344 Deumque
1068 1290 1267 1331 consuluit
1292 1291 1433 1346 auguri
1437 1291 1484 1340 is,
1515 1304 1606 1344 quae
1634 1294 1697 1345 (8)

401 1345 646 1399 suscipienda
668 1348 802 1387 essent.

460 1403 576 1442 XXI.
639 1405 706 1444 Ad
730 1404 816 1445 haec
845 1406 1105 1446 consultanda
1133 1409 1482 1460 procurandaque,
1513 1406 1698 1447 multitu-

402 1461 495 1501 dine
516 1462 627 1501 omni
649 1462 721 1501 avi
746 1465 785 1503 &
803 1464 923 1503 armis
945 1463 1148 1512 conversa,
1171 1468 1212 1505 δε
1229 1465 1352 1503 animi
1373 1465 1525 1517 aliquid
1541 1466 1697 1519 agendo

401 1520 587 1573 occupati
615 1529 742 1569 erant,
776 1523 816 1561 δι’
845 1522 1030 1561 Deorum
1067 1522 1212 1561 affidua
1234 1522 1404 1562 insidens
1425 1537 1537 1573 cura,
1569 1536 1696 1576 quum

401 1577 580 1616 interesse
602 1577 721 1617 rebus
741 1577 929 1618 humanis
948 1579 1107 1619 coeleste
1124 1579 1292 1619 Numen
1313 1581 1529 1629 videretur,
1552 1581 1597 1619 ea
1613 1581 1697 1634 pie-

400 1645 480 1674 tate
501 1635 685 1674 omnium
714 1636 878 1688 peimi-a
901 1636 1114 1686 imbuerat,
1145 1646 1190 1676 ut
1212 1637 1312 1677 fides
1329 1652 1374 1677 ac
1392 1638 1697 1693 jusjurandum,

399 1693 582 1746 proximo
605 1696 666 1747 (1)
688 1695 824 1747 legum
841 1709 885 1734 ac
900 1709 1114 1747 poenarum
1131 1704 1259 1745 metu,
1282 1695 1483 1735 civitatem
1497 1694 1704 1750 regerent,

401 1753 442 1790 Sc
476 1765 602 1804 quum
636 1751 704 1804 ipsi
741 1750 778 1790 se
799 1751 983 1792 homines
1019 1752 1060 1790 in
1081 1752 1200 1806 regis,
1231 1754 1340 1792 velut
1376 1753 1485 1792 unici
1506 1754 1695 1806 exempli,

398 1822 530 1848 mores
553 1809 773 1848 formarent
805 1812 895 1863 (2)·‚
918 1820 1005 1849 turn
1021 1809 1181 1849 finitimi
1209 1811 1330 1850 etiam
1346 1811 1501 1864 populi,
1533 1811 1694 1864 quian-

398 1864 453 1916 te,
486 1866 625 1916 castra,
657 1881 738 1905 non
756 1867 914 1915 urbem,
945 1868 1112 1920 positam
1128 1868 1169 1906 in
1186 1869 1319 1908 medio
1337 1869 1387 1907 ad
1403 1868 1691 1908 sollicitandam

397 1924 581 1963 omnium
599 1938 757 1976 pacem,
774 1925 1038 1974 crediderant,
1059 1926 1101 1964 in
1117 1939 1206 1965 eam
1227 1926 1510 1966 verecundiam
1527 1926 1693 1966 adducti

387 1981 502 2031 sunt,
535 1991 578 2022 ut
593 1982 810 2031 civitatem,
842 1992 968 2023 totam
990 1983 1031 2022 in
1053 1984 1209 2024 cultum
1229 1983 1382 2024 versam
1404 1984 1604 2034 Deorum,
1636 1985 1695 2023 vi-

1593 2042 1693 2082 olari

397 2153 510 2186 additae
523 2166 541 2186 a
552 2154 735 2195 Tarquinio
751 2155 868 2187 Prisco.
913 2157 1022 2188 Lectae
1035 2156 1108 2188 sunt
1121 2167 1221 2188 annos
1238 2155 1320 2188 nata}
1338 2167 1395 2188 nec
1409 2156 1515 2198 plures
1529 2158 1627 2197 quarn
1639 2156 1693 2186 de·

396 2211 476 2237 cern,
499 2211 556 2230 nec
581 2200 748 2241 pauciores
773 2205 870 2241 quam
885 2201 954 2239 sex;
978 2203 1009 2232 &
1030 2212 1088 2243 per
1101 2201 1232 2243 triginta
1245 2212 1357 2239 annOS,
1379 2202 1495 2242 quibus
1505 2203 1583 2232 Deae
1596 2200 1693 2237 sacris

390 2245 626 2286 operabantur,
650 2256 668 2275 a
691 2246 813 2287 nuptiis
830 2246 1002 2287 prohibitae
1015 2247 1096 2277 sunt.
1142 2247 1197 2287 (4)
1220 2249 1331 2277 Unum
1345 2247 1383 2277 sc.
1395 2258 1412 2277 e
1434 2246 1512 2277 caelo
1528 2246 1692 2287 delapsum

395 2290 602 2327 fabulantur,
594 2301 602 2308 ·
625 2290 677 2320 cui
700 2291 849 2321 undecim
861 2291 1035 2322 consimilia
1046 2292 1132 2322 facta
1149 2292 1242 2329 sunt,
1233 2303 1240 2310 ·
1265 2302 1304 2322 ne
1321 2290 1476 2322 divinitus
1492 2290 1618 2322 missum
1636 2290 1692 2321 ali-

387 2334 528 2375 ‘quando
559 2335 782 2376 surriperctur.
828 2337 883 2377 (5)
918 2337 1043 2378 Nempe
1070 2336 1252 2367 maximum.
1309 2337 1459 2379 Qatuor
1476 2335 1562 2366 enim
1585 2334 1693 2376 primo

395 2381 496 2417 fuere,
518 2379 624 2421 postea
652 2380 769 2420 plures.
815 2381 870 2422 (6)
891 2381 1121 2425 Judicarentur
1142 2381 1203 2413 esse
1225 2381 1390 2423 ejusmodi,
1411 2389 1447 2411 ut
1472 2391 1585 2411 eorum
1609 2380 1691 2411 ratio

394 2423 518 2455 haberi
529 2425 669 2456 deberet.
690 2424 755 2455 vid.
778 2426 797 2455 l.
811 2436 862 2465 43.
875 2437 900 2456 c.
913 2436 951 2457 1
935 2446 962 2465 5.
1008 2428 1063 2468 (7)
1086 2426 1116 2457 h.
1132 2437 1158 2457 e.
1164 2434 1390 2468 procurarentur.
1436 2427 1616 2457 Procurare
1637 2436 1693 2456 au-

395 2477 460 2500 tem
473 2469 632 2511 prodigia,
652 2473 766 2511 explare
779 2470 828 2501 est.
875 2471 930 2513 (8)
953 2473 999 2502 Sc
1012 2482 1160 2512 quaenam
1171 2471 1325 2514 prodigia.

427 2533 465 2563 C.
473 2541 522 2562 21.
533 2534 587 2573 (1)
600 2531 708 2564 Editio
716 2533 923 2565 Crevieriana
933 2535 1030 2566 habet
1035 2543 1121 2576 prox
1113 2535 1188 2565 ἠιέ
1192 2543 1314 2572 ..metun›‚
1323 2545 1361 2565 ex
1374 2532 1689 2576 conjec‘luraMureti

395 2576 427 2606 ἃ
441 2578 524 2607 Tan.
537 2577 651 2615 Fabri,
675 2585 706 2608 at
717 2578 808 2609 male.
855 2581 921 2610 hec
935 2579 1021 2610 enirn
1031 2580 1144 2611 Livius
1160 2580 1231 2610 vult
1244 2580 1350 2611 dicere
1362 2581 1451 2620 quOd
1462 2579 1538 2609 fides
1551 2579 1600 2609 δι’
1591 2580 1691 2619 Jusiu—

390 2622 546 2659 randum,
568 2630 647 2654 tunc
669 2623 822 2665 temporis
837 2633 923 2666 pm,
917 2628 998 2654 imm
1025 2626 1084 2668 pqst
1110 2625 1192 2666 leges
1216 2625 1386 2656 coercendi
1408 2623 1475 2654 vim
1487 2623 1691 2660 habuerun13

395 2666 493 2707 (quid
509 2667 588 2698 novi
604 2667 667 2698 hoc
692 2669 819 2708 foret?)
843 2669 895 2700 sed
923 2669 1048 2707 contra,
1071 2671 1159 2710 quod
1183 2678 1286 2701 metus
1313 2669 1472 2711 populum
1498 2671 1583 2698 minus
1609 2671 1690 2709 qudm

397 2711 509 2754 religio
522 2712 673 2744 coercuit.
697 2714 732 2744 Ε.
777 2714 832 2755 (2)
857 2716 933 2746 Non
948 2717 1022 2746 raro
1039 2715 1198 2756 particula
1214 2729 1264 2756 qun
1259 2729 1306 2751 m,
1328 2713 1474 2756 quamvis
1491 2712 1606 2788 habelat
1629 2713 1691 2744 res-

1492 2769 1559 2799 pon
1583 2766 1692 2789 entem.
