1853 3158
211 305 267 347 92
750 286 753 289 ’
895 293 1265 336 T.LIVII

431 416 575 457 terent,
608 408 840 449 effecerunt.
903 409 1064 466 Legatis
1080 425 1220 452 eorum
1238 409 1405 451 comiter
1426 409 1475 450 ab
1496 409 1633 450 senatu
1648 412 1727 452 res..

429 465 625 518 ponsum:
656 466 809 507 foedere
832 467 872 507 in
894 468 1122 509 societatem
1143 469 1308 522 accepti.
1369 468 1466 508 Non
1493 469 1633 508 eadem
1655 470 1726 509 do-

427 523 499 571 mi,
532 538 622 577 quae
653 524 822 576 militiae,
854 524 1017 567 fortuna
1044 536 1127 567 erat
1147 527 1252 580 plebi
1283 527 1493 566 Romanae.
1525 539 1619 565 nam
1640 527 1726 576 etfi,

428 580 608 622 unciario
629 580 788 623 foenore
804 582 930 632 sacto,
951 585 1077 624 levata
1099 583 1215 624 usura
1235 594 1336 633 erat,
1354 583 1454 623 sorte
1476 582 1562 637 ipsit
1580 583 1726 624 obrue-

425 637 572 679 bantur
594 640 750 694 inopes,
763 646 788 694 †
805 655 1035 695 nexumque
1053 642 1220 682 inibant.
1235 656 1282 681 eo
1303 656 1377 684 nec
1398 641 1586 696 patricios
1599 647 1624 693 †
1639 655 1725 681 am-

425 694 477 735 bo
510 697 709 750 consules,
752 712 883 752 neque
923 700 1180 740 comitiorum
1222 713 1376 749 curam,
1419 702 1481 753 (1)
1513 698 1723 754 publicave

426 753 554 795 studia
575 770 658 810 prae
679 756 840 810 privatis
862 757 1129 797 incommodis
1151 756 1262 811 plebs
1293 758 1342 796 ad
1374 758 1555 796 animum
1577 757 1724 797 admit-

206 796 244 825 U.
262 805 287 824 Ε·
305 804 377 832 402·
424 811 545 852 tebat.
607 814 850 855 Consulatus
872 824 1040 868 uterque
1064 815 1170 869 apud
1192 814 1380 868 patricios
1402 824 1550 855 manet.
1612 814 1723 854 Con-

203 842 245 869 A.
261 840 299 870 C.
319 849 391 877 350·
657 872 664 878 ,
881 873 887 879 ,
920 873 926 879 ,
1091 873 1097 879 ,
1659 872 1666 879 ,

206 885 244 915 C.
262 884 405 926 Suspicio
425 869 526 910 sules
546 882 668 912 creati
696 872 744 912 C.
776 872 979 927 Sulpicius
1012 872 1175 912 Peticus
1208 869 1415 926 quartum,
1446 872 1509 911 M.
1531 872 1723 912 Valerius

204 929 259 979 IV.
275 931 324 960 M.
342 932 405 981 Vp-
422 928 629 969 Publicola
665 929 824 970 iterum.
886 933 948 984 (2)
978 930 1027 969 In
1057 929 1210 970 bellum
1236 929 1449 973 Etruscum
1470 935 1494 981 †
1522 930 1720 970 intentam

201 973 283 1009 ¹⁶⁸⁰
301 975 381 1012 Coss,
421 985 641 1037 civitatem,
673 987 767 1040 quia
802 987 992 1027 Caeritem
1025 989 1222 1042 populum
1253 985 1523 1028 misericordia
1555 987 1724 1027 consan—

417 1043 628 1098 guinitatis
643 1043 1001 1096 Tarquiniensibus
1022 1045 1262 1101 adjund'cum
1284 1045 1391 1085 fama
1412 1044 1582 1096 ferebat,
1599 1046 1721 1100 legati

419 1101 556 1140 Latini
577 1101 627 1140 ad
647 1100 818 1140 Volscos
840 1112 1086 1151 convertere,
1102 1103 1357 1152 nunciantes,
1378 1103 1600 1142 exercitum
1623 1117 1721 1142 con-

419 1157 613 1212 scriptum
634 1168 916 1211 armatumque
942 1159 1028 1213 jam
1062 1160 1142 1200 suis
1178 1160 1326 1201 finibus
1358 1161 1594 1200 imminere:
1625 1161 1720 1201 inde

418 1215 728 1269 populabundos
751 1216 791 1255 in
814 1230 957 1270 agrum
973 1216 1210 1259 Romanum
1226 1228 1416 1259 venturos
1430 1218 1517 1258 effe.
1549 1217 1718 1258 Censuit

418 1274 542 1327 igitur
563 1273 734 1322 senatus,
763 1283 948 1313 neutram
981 1273 1263 1329 negligendam
1295 1289 1381 1314 rem
1411 1271 1510 1315 effe:
1541 1275 1718 1329 utroque

417 1332 596 1386 legiones
619 1331 750 1383 scribi,
783 1331 1042 1384 consulesque
1064 1331 1192 1372 sortiri
1214 1332 1437 1385 provincias
1454 1333 1574 1387 jussit.
1606 1340 1630 1386 †
1650 1335 1720 1373 In-

417 1390 581 1430 elin-<wit
618 1390 761 1429 deinde
798 1404 888 1444 pars
922 1391 1050 1445 major
1080 1404 1188 1430 curae
1221 1390 1262 1428 in
1294 1389 1508 1430 Etruscum
1538 1390 1718 1441 bellum;

417 1447 631 1501 postquam
653 1447 776 1487 literis
797 1447 966 1501 Sulpicii
987 1447 1176 1498 consulis,
1196 1447 1262 1496 eui
1282 1448 1497 1501 Tarquinii
1512 1448 1720 1502 provincia.

417 1514 618 1555 evenerat,
650 1506 859 1560 cognitum
893 1505 964 1553 est,
996 1507 1286 1560 depopulatum
1318 1520 1460 1560 agrum
1494 1506 1599 1546 circa
1631 1507 1720 1547 Ro-

416 1577 556 1603 manas
578 1563 733 1611 salinas,
765 1565 991 1617 praedaeque
1013 1575 1168 1618 partem
1191 1564 1232 1603 in
1264 1563 1460 1604 Caeritum
1482 1563 1583 1619 fines
1605 1579 1720 1606 avec-

415 1631 514 1670 tam,
550 1624 587 1661 gc
621 1621 729 1661 haud
758 1621 877 1662 dubie
893 1623 1149 1676 juventutem
1171 1623 1258 1677 ejus
1279 1622 1418 1676 populi
1440 1622 1544 1662 inter
1564 1623 1722 1678 praeda-

415 1690 522 1719 tores
544 1679 671 1720 fuifl'e.
731 1680 872 1733 Itaque
893 1680 1105 1719 Valerium
1128 1679 1350 1729 consulem,
1381 1679 1540 1720 Volscis
1561 1681 1718 1734 opposi-

415 1747 518 1786 tum,
551 1737 756 1791 castraque
778 1739 827 1777 ad
850 1737 972 1776 finem
993 1737 1271 1778 Tusculanum
1292 1737 1523 1785 habentem,
1554 1737 1718 1778 revoca·-

198 1805 232 1833 γ’.
252 1805 389 1836 Manlius
416 1804 503 1835 tum
526 1795 618 1835 inde
641 1795 798 1835 senatus
829 1795 1070 1835 dictatorem
1102 1795 1234 1834 dicere
1264 1795 1386 1850 juflit.
1416 1795 1468 1835 T.
1505 1795 1715 1837 Manlium

192 1853 324 1885 *slffffir-
417 1856 479 1907 (3)
500 1854 549 1893 L.
571 1852 702 1893 filium
731 1853 843 1899 dixit.
905 1854 961 1904 Is,
993 1867 1121 1906 quum
1157 1852 1225 1894 fibi
1258 1853 1494 1907 magistrum
1529 1853 1716 1906 equitum

417 1913 469 1952 A.
493 1911 730 1952 Cornelium
752 1911 917 1952 Cofl'um
935 1912 1103 1960 dixisset,
1135 1910 1330 1950 consulari
1346 1910 1525 1950 exercitu
1547 1921 1715 1951 conten-

415 1978 495 2018 tus,
527 1983 575 2009 ex
597 1969 836 2010 auctoritate
856 1969 1024 2010 Patrum
1052 1984 1096 2010 ac
1117 1969 1255 2027 populi
1271 1985 1286 2025 J
1296 1969 1378 2009 ufl'u
1399 1968 1615 2010 Caeritibus
1630 1969 1715 2010 bel-

413 2029 499 2068 lum
522 2027 677 2067 indixit.
1280 2053 1285 2058 -

470 2085 568 2125 XX.
599 2085 711 2124 Tum
738 2083 916 2138 primum
949 2084 1131 2133 Caerites,
1163 2093 1356 2138 tanquam
1385 2084 1427 2123 in
1457 2083 1589 2125 verbis
1622 2078 1715 2125 hos-

412 2142 515 2182 tium
547 2143 606 2184 vis
636 2144 765 2198 major
786 2144 834 2182 ad
865 2142 1016 2182 bellum
1048 2141 1370 2197 significandum,
1401 2141 1525 2195 quam
1560 2142 1601 2181 in
1632 2142 1713 2185 suis

412 2200 548 2250 factis,
581 2201 650 2253 qui
671 2215 742 2254 per
763 2201 1066 2254 populationem
1082 2201 1292 2240 Romanos
1313 2200 1569 2250 laceffierant,
1601 2201 1713 2252 esset,

411 2273 529 2300 verus
550 2258 643 2299 belli
663 2270 792 2299 terror
819 2259 981 2301 invasit:
1015 2261 1071 2309 ἃ,
1102 2261 1165 2315 (1)
1187 2258 1311 2315 quam
1333 2272 1416 2298 non
1437 2258 1598 2299 suarum
1617 2258 1713 2300 viri·-

1639 2331 1712 2358 um

456 2436 492 2466 C.
516 2443 564 2475 ¹9·
587 2433 643 2476 (1)
666 2434 778 2465 Studia
806 2433 987 2465 fadiionum
1003 2432 1037 2464 in
1066 2431 1242 2474 republiczi.
1288 2433 1344 2474 (2)
1367 2434 1480 2476 Qum
1505 2433 1646 2464 Romani
1673 2432 1708 2465 in

409 2480 531 2511 bellum
549 2479 719 2510 Etruscum
735 2478 852 2510 intenti
869 2479 978 2515 client,
1002 2479 1100 2519 idque
1117 2478 1192 2519 quia
1211 2478 1362 2510 Caeritem
1378 2478 1539 2520 populum
1555 2479 1615 2508 ὅτε.
1638 2486 1710 2510 tum

409 2525 505 2566 legati
522 2524 631 2556 Latini
649 2524 771 2555 animos
789 2535 902 2555 eorum
925 2525 966 2556 ad
991 2524 1124 2557 Volscos
1147 2531 1391 2560 converterunt,
1413 2522 1604 2554 nunciantes
1620 2533 1709 2553 exer-

408 2570 512 2601 citum
538 2570 692 2601 Volscum
716 2569 934 2609 conscriptum
963 2571 1022 2600 ἃς.
1068 2569 1122 2608 (3)
1146 2570 1368 2608 Torquatum.
1416 2568 1573 2599 Nondum
1596 2567 1709 2598 consul

408 2615 464 2645 ille
490 2616 604 2645 fuerat.
628 2614 681 2645 sed
706 2615 737 2644 δε
765 2616 805 2645 L.
834 2613 991 2651 Manlius,
1012 2613 1082 2646 Titi
1099 2621 1203 2654 pater,
1226 2615 1314 2647 hunc
1330 2614 1488 2644 honorem
1504 2613 1639 2653 adeptus
1655 2611 1710 2648 est,

408 2659 482 2690 licet
497 2659 609 2690 consul
625 2670 692 2690 non
709 2658 832 2696 fuiss'et3
857 2660 888 2689 ἃ
906 2659 1004 2691 simile
1020 2659 1203 2701 exemplum
1221 2658 1319 2690 etiam
1341 2668 1392 2690 xv.
1413 2656 1506 2688 annis
1530 2656 1636 2699 postea
1654 2667 1708 2688 cc-

407 2704 521 2741 ωτι-Ξῖ,
544 2704 578 2735 in
593 2707 631 2735 L.
649 2704 780 2746 Papirio
800 2703 922 2736 Craffo.

451 2769 488 2800 C.
506 2776 556 2800 20.
581 2767 635 2810 (1)
659 2766 724 2798 Sibi
742 2776 859 2809 parum
885 2765 1007 2797 virium
1032 2765 1093 2797 effe
1121 2766 1162 2797 ad
1191 2765 1413 2799 dimicandum
1437 2774 1512 2797 cum
1538 2762 1705 2840 Romaxisip.

1677 2819 1706 2840 ic
