1853 3158
209 273 288 317 252
894 260 1262 307 T.LIVII

427 392 509 432 quo
531 377 749 419 Claudium
770 379 1136 434 Volumniumque,
1171 384 1208 422 &
1233 380 1471 422 Cornelium
1489 394 1581 421 cum
1604 381 1715 424 Mar-

426 436 490 475 cio
511 436 693 477 consules
715 437 849 478 fafitos
870 438 1120 479 tradidimus.
1143 441 1203 494 (2)
1222 438 1467 478 memoriane
1504 438 1652 494 fugerit
1673 441 1714 480 in

425 494 636 534 annalibus
670 494 914 549 digerendis,
946 508 995 535 an
1030 496 1209 536 consulto
1235 496 1350 536 binos
1372 496 1566 545 consules,
1597 496 1716 538 falsos

424 560 549 600 ratus,
594 552 894 602 transcenderit,
945 553 1143 593 incertum
1195 554 1264 593 est.
1324 553 1478 594 Eodem
1517 568 1622 593 anno
1670 555 1710 594 in

286 659 295 669 ι
423 622 613 661 campum
649 610 858 649 Stellatem
880 611 964 665 agri
986 611 1183 665 Campani
1204 610 1446 651 Samnitium
1469 611 1711 653 incursiones

202 659 309 711 Cfffan
323 661 405 691 Sam·
423 665 554 706 faetae.
618 668 760 720 Itaque
782 667 899 707 ambo
920 668 1115 719 consules,
1148 669 1187 706 in
1208 667 1418 708 Samnium
1440 669 1552 718 miffi,
1584 683 1710 722 quum

198 716 272 734 ''¹⁹¹''
287 714 354 738 “m‘'
421 723 592 764 diversas
625 725 825 778 regiones,
855 725 1070 765 Tifernum
1104 725 1348 774 Postumius,
1379 727 1604 766 Bovianum
1626 727 1710 766 Mi-

419 781 581 832 nucius,
612 783 818 836 petissent3
864 783 1056 823 Postumii
1092 781 1203 836 prius
1243 783 1370 822 duem
1411 784 1459 823 ad
1491 783 1709 824 Tifernum

418 848 656 893 pugnatum.
719 841 802 880 Alii
823 839 930 880 haud
957 838 1080 880 dubie
1097 840 1298 881 Samnites
1317 840 1460 890 vifisos,
1492 855 1537 880 ac
1567 841 1708 897 viginti

418 896 544 936 millia
575 896 787 937 hominum
820 908 934 951 capta
955 900 1143 938 tradunt:
1175 898 1239 936 alii
1265 898 1398 937 Marte
1429 913 1545 950 aequo
1568 898 1708 947 disces-

418 953 523 1006 sum,
558 957 596 994 &
633 955 900 1004 Postumium,
932 965 1086 995 metum
1122 956 1373 994 simulantem
1407 956 1606 995 ηοᾶυῐηο
1643 955 1708 994 iti-

417 1025 527 1061 nere,
559 1013 661 1051 clam
698 1012 739 1050 in
773 1023 930 1051 montes
965 1014 1099 1066 copias
1131 1012 1356 1052 abduxisse:
1387 1013 1520 1052 hostes
1549 1013 1704 1053 secutos

418 1069 499 1107 duo
532 1069 656 1107 millia
686 1069 778 1107 inde
814 1069 912 1108 locis
934 1071 1100 1109 munitis
1124 1073 1163 1110 &
1186 1069 1289 1123 ipsos
1311 1070 1536 1110 consedisse.
1598 1070 1710 1111 Con-

417 1125 492 1174 sul,
523 1135 567 1164 ut
603 1125 741 1165 stativa
762 1135 848 1164 tuta
881 1126 1118 1179 copiosaque
1141 1130 1200 1180 (&
1222 1127 1276 1166 ita
1296 1131 1424 1182 erant)
1441 1129 1576 1181 petisse
1597 1128 1708 1167 vide-

417 1192 542 1233 retur,
572 1182 785 1236 postquam
810 1185 849 1223 «Sc
872 1183 1138 1223 munimentis
1159 1183 1296 1222 -castra
1318 1184 1508 1235 firmavit,
1545 1189 1581 1225 8<
1620 1200 1707 1225 om-

416 1240 459 1279 ni
491 1249 685 1293 apparatu
713 1254 848 1280 rerum
879 1243 942 1294 (3)
971 1240 1131 1280 utilium
1167 1239 1382 1289 instruxit;
1413 1241 1563 1282 relicto*
1587 1242 1707 1282 firmo

417 1299 613 1351 praesidio,
647 1301 708 1352 (4)
739 1299 789 1338 de
819 1298 953 1352 vigilia
975 1296 1105 1347 tertia,
1137 1298 1215 1351 qua
1248 1298 1340 1337 duci
1360 1297 1540 1351 proxime
1562 1300 1706 1353 potest,

219 1365 353 1395 Sanmites
416 1356 621 1409 expeditas
641 1356 817 1410 legiones
845 1356 894 1395 ad
927 1357 1137 1410 collegam,
1171 1355 1361 1409 &ipsum
1393 1354 1580 1396 adversus
1608 1358 1705 1398 alios

218 1412 374 1440 vincuntur«.
418 1412 635 1462 sedentem,
668 1414 791 1453 ducit.
825 1412 895 1463 ibi,
927 1409 1091 1453 auesore
1125 1412 1348 1461 Postumio,
1380 1414 1589 1454 Minucius
1610 1428 1705 1455 cum

416 1470 598 1511 hostibus
633 1471 739 1525 signa
773 1470 956 1519 confert3
1007 1474 1061 1519 &‚
1105 1484 1231 1522 quum
1259 1484 1405 1524 anceps
1439 1472 1630 1524 proelium
1664 1473 1706 1511 in

418 1530 592 1568 multum
615 1529 693 1568 diei
721 1528 970 1582 processisset,
1000 1539 1087 1567 tum
1104 1527 1334 1568 Postumius
1354 1529 1518 1583 integris
1539 1529 1707 1583 legioni-

416 1586 492 1626 bus
514 1586 701 1627 defessam
718 1585 802 1641 jam
825 1586 951 1626 aciem
968 1586 1142 1626 hostium
1165 1585 1380 1639 improviso
1404 1586 1566 1626 invadit.
1590 1586 1594 1588 ’
1626 1587 1707 1625 Ita-

417 1658 512 1697 que,
545 1659 671 1698 quum
693 1643 872 1683 lassitudo
900 1659 944 1683 ac
964 1644 1129 1683 vulnera
1151 1642 1290 1698 fugam
1311 1657 1472 1697 quoque
1494 1644 1707 1697 praepedis-

355 1730 357 1733 ι
418 1703 517 1751 sent,
549 1702 756 1742 occidione
778 1701 899 1741 occisi*
913 1700 1064 1752 hostes,
1096 1701 1202 1755 signa
1224 1715 1351 1739 unum
1382 1703 1417 1740 &
1451 1701 1594 1756 viginti>
1614 1716 1708 1755 cap-

418 1769 481 1798 ta:
511 1769 630 1813 atque
667 1759 759 1798 inde
795 1759 844 1798 ad
876 1758 1001 1799 castra
1021 1759 1217 1798 Postumii
1238 1758 1482 1812 perre&um.
1541 1758 1601 1797 Ibi
1623 1759 1705 1798 duo

417 1817 590 1857 vietores
610 1817 809 1856 exercitus
829 1816 1055 1870 perculsum
1068 1817 1153 1871 jam
1168 1815 1274 1855 fama
1290 1815 1445 1855 hostem
1467 1816 1595 1855 adorti
1613 1815 1707 1855 fun-

417 1876 520 1914 dunt
551 1874 801 1929 fugantque:
833 1874 939 1928 figna
960 1874 1146 1923 militaria
1181 1873 1245 1912 sex
1268 1876 1306 1914 &
1337 1873 1477 1928 viginti
1499 1883 1630 1927 capta,
1665 1875 1704 1915 &

417 1934 634 1986 imperator
669 1931 913 1971 Samnitium
955 1931 1105 1971 Statius
1155 1930 1330 1979 Gellius,
1385 1931 1585 1983 multique
1637 1931 1703 1970 alii

415 1996 439 2043 †
456 1991 656 2039 mortales,
674 1992 708 2030 ἃ
727 1989 851 2029 castra
868 1998 1035 2042 utraque
1056 1997 1168 2042 capta
1188 2006 1199 2026 :
1235 1990 1271 2038 ὅ(
1295 1988 1534 2038 Bovianum,
1554 1988 1705 2086 (ςέὶιὼὶ

1539 2060 1592 2099 po
1630 2059 1700 2085 ero

415 2166 434 2195 l.
447 2175 474 2196 2.
487 2176 512 2196 c.
527 2164 556 2196 8.
601 2165 693 2194 Bruto
707 2164 808 2207 statim
833 2163 987 2194 Horatium
1004 2165 1165 2204 suggerunt.
1210 2160 1265 2202 (2)
1287 2164 1366 2202 †A1'I
1383 2172 1495 2195 eorum
1519 2161 1704 2194 consulatus

403 2212 521 2252 fizgerit
534 2209 674 2244 memoria,
689 2209 722 2239 h.
735 2220 760 2238 e.
777 2219 802 2238 e.
814 2207 966 2238 memorifi
980 2207 1110 2238 Pisonis.
1124 2206 1185 2248 [lta
1195 2206 1499 2240 Drakenborchius:
1518 2206 1571 2238 sed
1587 2207 1704 2246 dubito

415 2255 514 2295 quAm
532 2255 629 2285 recte.
655 2255 687 2283 τὸ
712 2256 841 2282 memoria
874 2252 907 2282 in
924 2252 995 2283 casu
1025 2252 1115 2282 1·εᾶὶο
1133 2250 1356 2292 accipiendum
1372 2251 1493 2283 censeo.
1536 2254 1592 2282 An
1609 2265 1704 2283 memo-

413 2303 461 2337 rigz
487 2299 606 2330 horum
632 2297 800 2328 consulum
815 2299 930 2338 fiegcrit
956 2296 1114 2334 Pisonem,
1137 2297 1166 2326 h.
1194 2307 1219 2326 e.
1249 2307 1323 2327 eum
1347 2295 1496 2335 latuerit:
1519 2306 1585 2336 quo
1613 2296 1702 2327 sensu

413 2346 520 2386 aliquid
530 2346 636 2385 fugere
645 2344 761 2383 aliquem
783 2342 897 2372 Cicero
916 2341 995 2382 saepe
1012 2338 1098 2372 dicit.
1146 2340 1394 2375 Ruddimannus
1411 2340 1507 2371 etiam
1528 2339 1582 2371 hic
1598 2340 1703 2371 omisit

414 2398 525 2427 notam
542 2386 754 2424 diacriticam,
777 2385 839 2426 qua
862 2386 1052 2426 plerumque
1070 2385 1168 2427 signat
1186 2384 1364 2416 ablativum
1381 2385 1570 2426 singularem
1587 2384 1702 2426 primae

410 2432 647 2465 declinationis.
672 2433 706 2462 E.
751 2432 806 2471 (3)
829 2430 847 2460 i.
864 2441 888 2460 e.
906 2429 1149 2461 necessariarum
1166 2429 1280 2466 victui,
1301 2440 1373 2470 quae
1389 2430 1412 2460 l.
1436 2440 1465 2469 3.
1479 2441 1505 2460 c.
1525 2440 1580 2467 42.
1592 2432 1612 2470 †
1627 2438 1703 2460 uten-

399 2480 472 2521 silia
484 2485 588 2508 vocat.
638 2478 722 2508 Nam
741 2476 851 2506 stativa
872 2477 974 2516 copiosa
992 2474 1081 2506 fuisse
1098 2474 1187 2505 dicit.
1232 2475 1285 2515 (4)
1309 2476 1355 2504 De
1373 2475 1459 2506 tertii
1473 2475 1574 2516 vagilicss
1590 2485 1703 2516 occur-

411 2524 453 2553 rit
471 2522 556 2554 insi-a
573 2522 592 2551 l.
614 2532 664 2553 20.
680 2532 708 2551 c.
731 2530 760 2557 7.
778 2521 797 2550 l.
824 2530 877 2559 34.
896 2531 920 2550 c.
941 2520 992 2550 61.
1017 2519 1037 2550 1.
1066 2529 1116 2555 40.
1139 2530 1167 2549 c.
1193 2529 1222 2556 4.
1249 2520 1280 2548 ὃ(
1306 2518 1416 2560 passim
1432 2520 1520 2560 apud
1537 2516 1702 2550 Caesare'm.

410 2569 512 2598 Notat
527 2574 635 2597 autem
653 2566 721 2607 post
738 2565 867 2596 tertiam
884 2564 1028 2606 vigiliam
1046 2562 1219 2605 inceptam,
1243 2563 1306 2594 five
1323 2570 1396 2594 ante
1417 2563 1546 2594 tertiam
1559 2563 1701 2605 vigiliam

406 2613 563 2643 exaustam.
610 2613 656 2641 Ita
674 2617 812 2651 tempus,
835 2610 924 2649 quod
942 2608 1055 2639 mediae
1074 2607 1163 2645 noeti
1181 2607 1367 2649 proximum
1384 2607 1436 2644 est,
1459 2611 1490 2639 de
1517 2608 1603 2638 medin}
1618 2613 1703 2645 nme,

408 2650 497 2696 quod
520 2655 677 2691 meridici,
697 2658 728 2685 de
749 2657 859 2684 meridie
876 2661 1027 2684 vocatur.
1072 2653 1127 2692 (5)
1153 2653 1260 2695 Qam
1277 2653 1390 2683 urbem
1408 2653 1552 2684 consules
1575 2652 1700 2693 postero

407 2701 460 2733 die
487 2710 677 2743 oppugnare
704 2705 880 2740 coeperunt.
925 2700 974 2730 De
1003 2697 1148 2729 Boviano
1175 2705 1283 2729 autem
1304 2695 1357 2728 hic
1376 2697 1483 2737 rursus
1499 2696 1701 2772 captos(vid.

1615 2751 1698 2783 upia
