1853 3158
362 275 643 321 LIBER
704 274 799 315 VII.
861 274 1046 317 CAP.
1106 275 1202 316 VIL

140 396 271 451 primo
291 408 452 449 quoque
472 393 535 433 die
557 391 770 430 ferendum
803 391 853 430 ad
885 391 1080 444 populum
1112 391 1161 430 de
1191 389 1296 431 bello
1327 389 1431 429 indi-

141 455 270 494 cendo
300 451 488 494 Hernicis
520 448 700 495 censuit3
732 449 983 503 populusque
1011 449 1051 488 id
1070 448 1221 488 bellum
1243 447 1435 500 frequens

139 512 261 568 justit.
322 511 370 551 L.
401 507 588 548 Genucio
609 505 763 546 consuli
784 520 830 545 ea
861 507 1066 559 provincia
1099 506 1201 545 sorte
1231 512 1256 557 †
1289 505 1434 545 evenit.

145 573 208 623 (7)
239 570 286 608 In
320 565 613 621 exspectatione
646 563 786 603 civitas
820 575 920 614 erat,
952 562 1063 616 quod
1097 564 1251 617 primus
1287 563 1352 603 ille
1389 563 1438 603 de

144 626 259 683 plebe
280 623 416 666 consul
434 622 586 662 bellum
608 621 685 661 suis
705 620 888 674 auspiciis
920 621 1102 675 gesturus
1123 621 1240 669 effet3
1273 621 1439 674 perinde

148 694 195 726 ut
215 682 388 723 eveniret
423 694 501 730 res,
533 679 588 719 ita
622 677 942 719 communicatos
963 677 1134 716 honores
1156 692 1228 730 pro
1249 677 1350 718 bene
1372 688 1442 717 aut

148 744 212 794 (8)
238 740 350 779 secus
383 737 565 779 consulto
599 736 797 777 habitura.
860 733 978 774 Forte
1021 734 1074 773 ita
1112 736 1204 774 tulit
1239 735 1366 785 casus,
1397 744 1443 775 ut

148 796 376 846 Genucius,
408 796 458 835 ad
476 795 608 835 hostes
630 808 776 848 magno
798 802 945 834 conatu
967 791 1193 846 profectus,
1224 792 1265 831 in
1287 792 1444 832 infidias

148 860 174 907 †
193 854 484 908 praecipitaret3
516 851 740 907 legionibus
761 865 835 891 nec
855 843 1019 904 opinato
1041 863 1185 905 pavore
1206 848 1319 899 fufis,
1349 863 1447 889 con-

149 912 210 957 sul
231 912 528 953 circumventus
551 913 612 964 (9)
634 909 682 949 ab
704 908 850 958 insciis,
868 922 990 961 quem
1011 906 1309 956 interfecissent,
1340 907 1448 947 occi-

152 971 328 1012 deretur.
389 969 514 1026 Qod
535 967 604 1007 ubi
623 967 680 1008 est
702 967 880 1006 Romam
907 966 1160 1013 nunciatum,
1190 978 1448 1017 nequaquam

151 1037 311 1067 tantum
330 1026 489 1081 publica
510 1025 734 1066 calamitate
756 1023 889 1063 moesti
904 1023 1060 1074 Patres,
1081 1032 1278 1076 quantum
1295 1021 1449 1062 feroces

152 1084 305 1127 infelici
339 1082 512 1124 consulis
542 1081 688 1137 plebeii
720 1081 867 1132 ductu,
900 1080 1079 1120 fremunt
1109 1079 1297 1120 omnibus
1328 1080 1450 1119 locis:

154 1142 275 1192 Irent,
305 1150 473 1181 crearent
501 1141 656 1195 confides
686 1155 729 1179 ex
757 1139 870 1192 plebe,
901 1138 1153 1195 tranfirrent
1177 1138 1348 1191 auspicia,
1380 1135 1450 1191 quc)

155 1200 261 1255 nefas
295 1200 385 1255 fft.
446 1199 560 1238 Potui
587 1214 604 1236 e
635 1197 775 1237 Patres
800 1196 978 1250 plebiscito
1004 1196 1094 1248 pelli
1128 1195 1318 1235 honoribus
1341 1195 1451 1250 suis.-

157 1273 246 1298 num
266 1259 376 1297 etiam
397 1257 436 1295 in
459 1256 558 1297 Deos
578 1254 800 1294 innnortales
831 1255 1094 1308 inauspicatam
1126 1254 1239 1307 legem
1267 1253 1417 1308 valug'ffi'
1431 1254 1451 1290 ?

161 1316 201 1355 V
198 1315 364 1369 indictff
393 1314 479 1367 ipsos
498 1314 613 1367 suum
647 1326 796 1362 numen,
842 1328 889 1351 ua
920 1312 1091 1366 atsspicia.
1122 1327 1199 1365 quae
1232 1319 1273 1350 ut
1285 1309 1454 1364 primicm

159 1379 185 1426 †
203 1376 365 1412 contaHa
369 1371 452 1425 sint
472 1372 517 1410 ab
537 1386 586 1418 eo,
617 1386 639 1408 a
660 1385 726 1423 quo
747 1385 809 1408 nec
827 1374 851 1421 †
859 1371 932 1423 jus
959 1384 1021 1408 nec
1039 1369 1112 1425 fas
1126 1369 1271 1425 fiterit,
1302 1368 1456 1407 deletmn

161 1446 244 1471 cum
261 1430 348 1469 duce
367 1430 564 1467 exercitum
580 1427 784 1467 documento
789 1427 919 1482 suff,
939 1441 982 1465 ne
999 1426 1139 1476 deinde,
1169 1427 1313 1465 turbato
1327 1431 1351 1477 †
1367 1441 1457 1479 gen-

161 1490 254 1527 tium
264 1488 374 1541 jure,
389 1487 532 1526 comitia
550 1485 783 1524 haberentur.
844 1484 922 1524 His
943 1483 1108 1524 vocibus
1130 1484 1240 1524 curia
1264 1487 1302 1524 δε
1321 1483 1457 1522 forum

160 1545 358 1599 personat.
422 1545 502 1596 Ap.
527 1542 759 1591 Claudium,
781 1542 875 1595 quia
897 1541 1122 1581 dissuaserat
1143 1542 1291 1595 legem,
1308 1543 1459 1596 majore

1480 1574 1536 1611 Ap.
1550 1571 1678 1601 Claudius

164 1616 274 1642 nunc
296 1601 534 1641 auctoritate
556 1610 745 1639 eventum
767 1598 991 1653 reprehensi
1026 1598 1074 1638 ab
1106 1598 1144 1638 se
1175 1599 1325 1639 consilii
1347 1599 1460 1638 incu-
1479 1620 1611 1647 dmm„

165 1659 332 1709 fantem,
364 1658 603 1698 dictatorem
623 1657 814 1696 consensu
836 1656 1096 1711 patriciorum
1115 1656 1306 1699 Servilius
1323 1656 1461 1696 consul

164 1717 276 1764 dicit,
308 1715 565 1768 delectusque
589 1717 629 1755 δε
648 1714 849 1769 justitium
872 1713 1087 1754 indictum.

223 1774 318 1813 VII.
352 1772 588 1825 Priusquam
609 1771 783 1811 diCtator
799 1771 1051 1825 legionesque
1069 1785 1182 1811 novae
1201 1771 1243 1811 in
1260 1771 1463 1812 Hernicos

164 1832 361 1881 venirent,
393 1830 522 1870 duetu
544 1829 591 1870 C.
613 1828 782 1882 Sulpicii
810 1829 930 1884 legati
950 1843 1011 1868 res
1034 1831 1095 1882 (1)
1123 1843 1193 1883 per
1215 1830 1462 1869 occasionem

165 1889 273 1944 gesta
293 1886 452 1943 egregie
472 1887 543 1927 est.
603 1888 652 1926 In
671 1887 887 1936 Hernicos,
918 1897 1047 1926 morte
1062 1886 1234 1926 consulis
1255 1899 1465 1942 contemp-

165 1946 242 1986 'tim
272 1947 321 1987 ad
358 1945 482 1986 castra
516 1946 703 1985 Romana
732 1959 827 1984 cum
847 1943 956 1984 haud
977 1943 1098 1983 dubia
1119 1945 1376 2000 expugnandi
1398 1945 1464 1999 spe

170 2005 441 2052 succedentes,
475 2002 662 2043 hortante
684 2003 833 2058 legato,
857 2005 897 2043 &
920 2002 1048 2056 plenis
1070 2001 1138 2042 irae
1160 2012 1280 2055 atque
1295 2008 1320 2054 †
1336 2003 1466 2057 indig-

152 2063 305 2113 „nitatis
337 2061 511 2101 militum
544 2061 706 2110 animis,
737 2060 894 2113 eruptio
928 2060 983 2099 est
1016 2059 1137 2099 facia.
1201 2059 1387 2100 Multum
1417 2061 1466 2101 ab

170 2120 236 2173 spe
273 2119 445 2159 adeundi
475 2118 566 2157 valli
586 2132 649 2158 res
671 2118 860 2158 Hernicis
891 2118 1018 2165 afuit3
1051 2115 1152 2157 adeo
1184 2117 1352 2158 turbatis
1374 2119 1466 2158 inde

170 2177 377 2217 ordinibus
413 2175 635 2217 absceflere.
696 2175 920 2216 metatoris
951 2175 1095 2215 deinde
1133 2176 1307 2217 adventu
1339 2189 1467 2216 novus

1338 2234 1466 2274 veteri

175 2350 325 2382 ‚Occurrit
344 2351 429 2392 apud
448 2350 513 2381 Cic.
529 2361 578 2381 or.
599 2361 658 2392 pro
680 2350 784 2382 Flacc.
800 2361 830 2381 n.
850 2360 882 2391 9.
930 2349 986 2390 (7)
1010 2350 1073 2393 Effe
1088 2352 1116 2381 in
1130 2352 1328 2392 aspi-&atione
1341 2349 1427 2381 infra
1443 2350 1468 2382 l„

177 2406 231 2431 42.
250 2406 276 2425 c.
298 2404 347 2434 19.
373 2396 404 2425 δε
418 2396 499 2436 saepe
515 2397 603 2436 apud
626 2395 691 2426 Cic.
707 2395 849 2426 similiter
867 2395 1064 2436 usurpantur
1079 2396 1128 2437 effi-
1142 2397 1240 2437 inspe,
1261 2399 1369 2432 timore,
1390 2404 1470 2431 melu,

177 2441 242 2470 ἃς.
267 2441 291 2470 ἐν
308 2442 419 2470 {amn-w
435 2441 501 2469 ἔιναι
516 2440 669 2481 Thucyd‚
686 2440 707 2469 l.
730 2449 755 2477 7.
771 2451 800 2470 c.
820 2449 870 2477 25.
895 2441 918 2469 ἐν
934 2443 1065 2479 θαυματι
1081 2441 1147 2473 imai
1169 2453 1218 2471 και
1236 2441 1374 2478 ἐκπλήξει
1395 2439 1415 2471 l.
1436 2439 1466 2470 8e

176 2496 202 2515 c.
225 2495 275 2521 14.
321 2486 376 2525 (ὅ)
401 2485 523 2515 Notum
539 2484 581 2514 est
597 2486 697 2525 †fi=cus
715 2484 922 2525 subjunctum
940 2486 982 2524 τῷ
997 2486 1059 2515 bene
1071 2484 1123 2515 vel
1137 2487 1179 2524 τῷ
1194 2485 1275 2521 νεὲῖἒ,
1297 2494 1359 2526 pro
1374 2485 1471 2521 male,

178 2528 283 2559 minus
299 2528 392 2564 bene,
408 2529 440 2558 in
459 2528 515 2560 usu
533 2528 635 2567 fuiffe,
682 2530 722 2559 Et
738 2539 975 2568 nonnunquam
991 2528 1077 2560 idem
1093 2529 1178 2561 valet
1203 2529 1334 2570 fimplex
1350 2529 1383 2559 in
1398 2540 1468 2559 ora-

177 2573 267 2614 tione
283 2584 319 2604 ac
345 2573 522 2604 solitarium
549 2572 694 2614 positum.
738 2573 794 2613 (9)
817 2573 1028 2604 Occideretur
1044 2573 1084 2604 ab
1101 2573 1244 2605 hostibus
1258 2573 1364 2605 insciis
1387 2585 1472 2610 cum,

179 2628 277 2659 quem
291 2617 520 2654 interficerent,
542 2617 705 2649 consulem
719 2617 791 2649 effe.

224 2682 260 2712 C.
280 2690 309 2719 7.
334 2682 389 2722 (1)
412 2679 461 2711 Sic
478 2679 573 2721 supr&
590 2680 614 2711 l.
634 2690 663 2710 1.
681 2691 706 2711 c.
722 2690 771 2710 11.
815 2681 891 2711 Dum
903 2693 935 2711 ea
947 2682 986 2711 ibi
1000 2682 1240 2723 Romanigerunt,
1263 2683 1470 2714 Antemnatium

181 2730 309 2758 :matus
319 2733 371 2768 pet
390 2726 542 2768 orcqfiosicm
564 2748 571 2755 ‚
592 2748 599 2755 .
615 2748 622 2755 .
639 2727 903 2768 &tassionem-sbrie.
922 2736 949 2758 c.
968 2735 1020 2767 53.
1032 2734 1086 2768 per
1108 2728 1263 2769 ormstcnem
1282 2740 1337 2757 eum
1355 2730 1467 2756 incauto,

1297 2773 1404 2811 invasa
1416 2783 1455 2799 :ms
1463 2796 1469 2801 ,
