1832 3137
418 267 703 312 LIBER
762 254 1037 312 1.⁴cAP.
1097 269 1187 311 LV.

160 396 243 426 non
282 391 492 425 evocatum
533 380 692 421 sacratis
730 379 797 419 fibi
846 378 1009 432 finibus,
1055 381 1169 421 firma
1214 381 1445 436 stabiliaque

159 442 308 483 cuneta
329 441 577 495 portendere.
638 438 731 477 Hoc
756 439 1030 492 perpetuitatis
1061 439 1234 493 auspicio
1267 451 1448 494 accepto,

161 500 340 541 secutum
361 498 482 545 aliud,
515 496 835 550 magnitudinem
874 496 1029 550 imperii
1069 498 1323 550 portendens,
1356 513 1448 551 pro-

160 558 315 613 digium
336 556 404 596 est.
447 563 567 608 caput
596 553 822 593 humanum
855 553 1008 607 integra
1043 554 1143 594 facie
1176 556 1447 608 aperientibus

160 615 423 655 fundamenta
444 611 583 665 templi
604 611 751 650 dicitur
772 611 1001 664 apparuiss'e.
1062 612 1166 668 Qae
1183 612 1262 651 visa
1284 613 1447 666 species,

160 672 267 713 haud
288 686 359 726 per
381 670 582 724 ambages,
610 682 742 708 arcem
763 682 851 707 earn
891 668 1046 721 imperii
1080 680 1280 722 caputque
1313 684 1449 710 rerum

159 729 247 770 fore
266 727 542 783 portendebat.
565 727 686 779 idque
706 726 760 765 ita
782 725 959 765 cecinere
981 737 1103 774 vates,
1126 727 1274 779 quique
1295 727 1334 765 in
1350 728 1447 767 urbe

161 797 291 838 erant,
329 786 507 840 quosque
540 785 590 824 ad
618 798 706 823 eam
738 797 823 822 rem
864 783 1165 822 consultandam
1203 798 1251 824 ex
1290 784 1449 824 Etruria

159 845 398 886 acciverant.
461 841 697 897 Augebatur
714 842 762 881 ad
784 841 981 894 impensas
1007 841 1110 895 regis
1140 841 1309 880 animus.
1370 843 1449 882 Ita-

160 917 239 956 que
273 901 495 942 Pometinae
534 898 749 947 manubiae,
786 913 875 952 quae
915 899 1171 952 perducendo
1203 899 1251 938 ad
1291 900 1451 939 culmen

159 959 272 1012 operi
293 959 496 999 destinatae
518 966 646 1007 erant,
676 957 740 996 vix
773 956 814 995 in
844 955 1106 996 fundamenta
1139 956 1450 1010 suppeditavere.

160 1016 211 1057 eo
234 1018 360 1072 magis
382 1016 519 1065 Fabio,
542 1024 809 1069 praeterquam
838 1011 949 1067 quod
978 1014 1178 1066 antiquior
1215 1014 1284 1062 est,
1326 1015 1452 1053 credi-

159 1076 302 1124 derim,
323 1074 585 1128 quadraginta
603 1076 663 1127 (7)
695 1087 740 1111 ea
761 1071 853 1117 ,sola
886 1073 1034 1111 talenta
1051 1070 1182 1122 fuifl'e,
1199 1074 1321 1124 quam
1343 1072 1452 1112 Piso-

159 1133 294 1188 ni(8),
324 1132 393 1186 qui
420 1130 682 1185 quadraginta
704 1130 827 1169 millia
857 1131 992 1183 pondo
1026 1129 1178 1183 argenti
1213 1129 1374 1182 seposita
1410 1130 1452 1168 in

159 1205 249 1230 eam
266 1204 351 1232 rem
366 1189 513 1238 scribit,
535 1189 733 1228 summam
754 1187 934 1241 pecuniae
968 1200 1098 1239 neque
1129 1201 1177 1226 ex
1210 1187 1328 1226 unius
1363 1196 1452 1226 tum

162 1248 271 1288 urbis
290 1246 424 1302 praeda
444 1247 695 1300 sperandam,
719 1249 757 1286 &
782 1248 842 1300 (9)
866 1245 1028 1292 nullius,
1051 1258 1100 1284 ne
1121 1244 1267 1283 horum
1289 1244 1453 1297 quidem

159 1305 472 1361 magnificentiae
493 1318 676 1357 operum,
698 1303 961 1342 fundamenta
994 1315 1076 1341 non
1116 1301 1451 1355 exsuperaturam,

160 1364 346 1403 Intentus
382 1362 628 1416 perficiendo
651 1362 816 1414 templo,
841 1359 962 1400 fabris
1005 1360 1180 1411 undique
1206 1374 1254 1398 ex
1295 1359 1452 1398 Etruria

159 1421 318 1471 accitis,-
340 1434 423 1459 non
454 1418 623 1473 pecunia
645 1416 775 1457 solum
810 1418 858 1457 ad
892 1417 931 1456 id
960 1417 1118 1470 publica
1158 1416 1212 1455 est
1247 1417 1352 1464 usus,
1387 1417 1454 1455 sed

159 1479 292 1533 operis
311 1481 401 1532 (10)
417 1491 465 1516 ex
487 1476 614 1529 plebe.
639 1476 706 1528 qui
730 1489 855 1528 quum
874 1474 982 1513 haud
1002 1488 1146 1527 parvus
1190 1476 1229 1514 ὃε
1264 1473 1343 1527 ipse
1380 1473 1455 1512 mi-

160 1537 258 1577 lit-iae
278 1536 491 1575 adderetur
512 1533 635 1581 labor,
664 1531 798 1571 minus
820 1542 951 1571 tamen
975 1531 1084 1584 plebs
1127 1530 1375 1585 gravabatur,
1417 1530 1454 1569 se

162 1595 312 1647 templa
339 1593 478 1632 Deum
518 1589 766 1630 exaedificare
798 1589 981 1628 manibus
1002 1589 1093 1627 suis.
1117 1603 1207 1640 quae
1227 1588 1388 1641 posthac
1415 1590 1452 1627 Sc

156 1652 212 1694 ‚ad
233 1651 322 1699 alia,
345 1659 390 1688 ut
411 1648 537 1702 specie
569 1648 738 1695 minora,
773 1647 821 1686 fic
858 1646 1003 1685 laboris
1032 1646 1235 1697 aliquanto
1277 1646 1455 1700 majoris,

162 1707 446 1748 traducebatur
467 1720 613 1759 opera;
650 1704 759 1744 foros
781 1707 817 1758 (ἶ
834 1707 871 1757 1)
893 1704 934 1741 in
965 1704 1071 1742 circo
1101 1702 1323 1753 faciendos,
1351 1705 1457 1742 cloa-

160 1779 332 1818 camque
363 1764 594 1811 maximam,
625 1763 923 1815 receptaculum
955 1761 1137 1799 omnium
1173 1768 1456 1814 purgamento—

1474 1710 1541 1740 Fom'
1552 1713 1579 1740 ἱπ
1590 1713 1673 1742 circo:

1473 1757 1561 1785 clocca
1586 1760 1673 1786 maxi-

1427 1819 1433 1825 ·
1473 1813 1527 1832 ma.

161 1837 253 1863 rum
276 1822 400 1871 urbis,
422 1821 492 1861 sub
523 1830 669 1860 terram
706 1820 926 1874 agendam:
958 1818 1103 1871 quibus
1139 1818 1295 1857 duobus
1327 1833 1456 1871 operi-

162 1880 238 1921 bus
284 1880 350 1920 vix
392 1894 494 1920 nova
533 1875 621 1918 haec
656 1876 967 1932 magnificentia·
991 1877 1206 1928 quicquam
1248 1876 1455 1928 adaequare

162 1938 306 1993 potuit.
367 1937 447 1977 His
463 1935 664 1976 laboribus
677 1933 849 1974 exercita
870 1934 998 1987 plebe,
1021 1934 1113 1986 quia
1145 1943 1184 1971 et
1205 1933 1293 1972 urbi
1321 1934 1457 1972 multi-

164 1995 365 2043 tudinem,
388 1995 455 2035 ubi
471 1993 563 2034 usus
585 2007 666 2033 non
683 1993 791 2042 esset,
811 1992 922 2032 oneri
940 1991 1099 2030 rebatur
1120 1991 1211 2040 effe,
1235 1993 1276 2030 δε
1305 1992 1457 2031 colonis

164 2053 372 2094 mittendis
394 2052 584 2105 occupari
604 2049 724 2091 latius
741 2049 898 2104 imperii
930 2048 1029 2088 fines
1061 2048 1246 2095 volebat3
1278 2048 1457 2102 Signiam

1200 2105 1457 2161 Circejosque

167 2229 245 2260 deus
259 2228 348 2269 cujus
361 2228 393 2258 in
407 2227 508 2260 tutela
525 2234 616 2258 erant
630 2236 781 2268 agrorum
796 2225 885 2262 fines,
907 2223 1012 2265 lapide
1029 2223 1268 2264 designabatur:
1295 2222 1460 2254 colebatur

167 2284 207 2303 cx
227 2272 372 2304 instituto
390 2274 504 2303 Numae
521 2272 599 2302 cibis
616 2273 646 2301 ὃς
661 2269 809 2312 primitiis
835 2272 972 2311 frugum.
1018 2270 1073 2309 (7)
1105 2270 1221 2298 Omnes
1248 2270 1313 2298 fere
1337 2268 1461 2298 codices

169 2317 233 2353 hic,
259 2319 291 2348 δε
308 2318 432 2359 [ιιρι-ἐς
457 2327 510 2356 53.
533 2317 653 2349 habent
678 2319 871 2357 quadraginta.
920 2313 1105 2344 Gronovius
1133 2313 1254 2353 primus
1266 2315 1462 2353 quadris-rgenta

169 2360 288 2393 edidit:
311 2373 449 2403 eumque
465 2361 752 2392 Drakenborchius
769 2361 886 2390 temere
903 2360 954 2400 (ut
982 2356 1061 2388 mihi
1093 2357 1236 2396 videtur)
1262 2359 1383 2388 secutus
1411 2357 1460 2387 est

170 2406 299 2437 Etenim
311 2406 332 2436 fi
344 2410 527 2448 quadraginta
537 2408 625 2436 millia
636 2408 725 2448 poncio
737 2407 845 2446 argenti
875 2404 996 2434 summa
1013 2402 1048 2432 sit
1073 2410 1138 2433 tam
1169 2401 1337 2432 immodica
1365 2406 1462 2442 quam

169 2451 283 2482 Livius
299 2450 416 2489 innuit,
431 2451 529 2482 nimia
545 2461 675 2491 quoque
688 2452 771 2481 foret
787 2452 984 2490 quadringenta
1000 2449 1112 2477 talenta.
1158 2447 1232 2477 Haec
1246 2447 1329 2477 enim
1343 2447 1463 2477 summa

172 2497 330 2527 rationem
355 2496 450 2527 habet
473 2497 513 2526 ad
536 2496 634 2532 illam,
649 2506 747 2535 quam
779 2504 931 2524 numerus
956 2491 1116 2524 ternarius
1144 2492 1183 2522 ad
1208 2491 1401 2531 quinarium.
1429 2493 1463 2521 E.

172 2541 228 2582 (8)
243 2543 280 2571 L.
298 2540 493 2582 Calpurnius
511 2540 583 2571 Piso
602 2539 706 2581 Frugi,
721 2538 858 2579 scriptor
882 2538 1059 2574 historicus,
1082 2535 1190 2567 floruit
1220 2544 1363 2577 tempore
1389 2536 1464 2566 belii

174 2585 288 2617 Punici
316 2585 411 2616 tertii.
472 2585 527 2626 (9)
552 2585 714 2626 Majorem
743 2584 840 2625 quam
865 2590 900 2614 ut
929 2582 1168 2623 impenderetur
1196 2580 1229 2610 in
1258 2581 1464 2611 fund-amenta

175 2630 271 2661 ullius
284 2630 399 2672 operis,
414 2630 630 2671 cujuscunque
647 2629 777 2660 tandem
800 2627 836 2658 fit
853 2626 1112 2668 magnificentiae3
1137 2637 1176 2656 ne
1194 2625 1214 2655 fi
1232 2627 1315 2655 foret
1332 2626 1465 2664 quidem

172 2676 242 2717 ejus
254 2675 503 2717 magnificentiae,
521 2685 617 2714 quam
634 2674 666 2704 in
677 2672 841 2705 hodiernis
858 2671 993 2704 aedificiis
1010 2670 1228 2712 conspicimus.
1274 2671 1349 2709 (10)
1369 2671 1462 2711 Operae

175 2720 330 2751 dicuntur
354 2719 498 2750 homines
520 2722 651 2760 operarii.
709 2717 757 2748 Sic
782 2717 846 2748 Cic.
863 2728 924 2758 pro
952 2718 1033 2748 Sext.
1065 2717 1139 2745 Erat
1172 2717 1236 2744 mihi
1258 2718 1382 2744 toules-:tii
1407 2726 1463 2743 cum

175 2769 261 2802 cerneris
278 2768 418 2800 “masal-Vis„
434 2767 470 2796 ὅ
487 2766 711 2805 ι’ῑαίἶίνῂύὶεηλαυε
726 2763 816 2794 vrbem
832 2765 977 2794 masuris.
991 2760 1100 2793 &alibi
1115 2759 1233 2802 rapitis.
1253 2761 1284 2789 E.
1306 2760 1338 2800 (Ι
1349 2759 1381 2798 1)
1392 2758 1463 2787 Vid.

1370 2802 1385 2831 s
1384 2807 1460 2842 upra
