<?xml version="1.0" encoding="UTF-8"?>
<!DOCTYPE html PUBLIC "-//W3C//DTD XHTML 1.0 Transitional//EN"
    "http://www.w3.org/TR/xhtml1/DTD/xhtml1-transitional.dtd">
<html xmlns="http://www.w3.org/1999/xhtml" xml:lang="en" lang="en">
 <head>
  <title>
</title>
<meta http-equiv="Content-Type" content="text/html;charset=utf-8" />
  <meta name='ocr-system' content='tesseract 3.04.00' />
  <meta name='ocr-capabilities' content='ocr_page ocr_carea ocr_par ocr_line ocrx_word'/>
</head>
<body>
  <div class='ocr_page' id='page_1' title='image "./historiaeromanae01livyuoft_0617.png"; bbox 0 0 1853 3158; ppageno 0'>
   <div class='ocr_carea' id='block_1_1' title="bbox 0 1655 23 2523">
    <p class='ocr_par' dir='ltr' id='par_1_1' title="bbox 0 1655 23 2523">
     <span class='ocr_line' id='line_1_1' title="bbox 0 1655 23 2523; baseline 0 0"><span class='ocrx_word' id='word_1_1' title='bbox 0 1655 23 2523; x_wconf 95' lang='lat' dir='ltr'><strong> </strong></span> 
     </span>
    </p>
   </div>
   <div class='ocr_carea' id='block_1_2' title="bbox 2 1655 21 2523">
    <p class='ocr_par' dir='ltr' id='par_1_2' title="bbox 2 1655 21 2523">
     <span class='ocr_line' id='line_1_2' title="bbox 2 1655 21 2523; baseline 0 0"><span class='ocrx_word' id='word_1_2' title='bbox 2 1655 21 2523; x_wconf 95' lang='lat' dir='ltr'><strong> </strong></span> 
     </span>
    </p>
   </div>
   <div class='ocr_carea' id='block_1_3' title="bbox 2 1655 22 2523">
    <p class='ocr_par' dir='ltr' id='par_1_3' title="bbox 2 1655 22 2523">
     <span class='ocr_line' id='line_1_3' title="bbox 2 1655 22 2523; baseline 0 0"><span class='ocrx_word' id='word_1_3' title='bbox 2 1655 22 2523; x_wconf 95' lang='lat' dir='ltr'><strong> </strong></span> 
     </span>
    </p>
   </div>
   <div class='ocr_carea' id='block_1_4' title="bbox 3 1655 22 2523">
    <p class='ocr_par' dir='ltr' id='par_1_4' title="bbox 3 1655 22 2523">
     <span class='ocr_line' id='line_1_4' title="bbox 3 1655 22 2523; baseline 0 0"><span class='ocrx_word' id='word_1_4' title='bbox 3 1655 22 2523; x_wconf 95' lang='lat' dir='ltr'><strong> </strong></span> 
     </span>
    </p>
   </div>
   <div class='ocr_carea' id='block_1_5' title="bbox 0 1655 40 3153">
    <p class='ocr_par' dir='ltr' id='par_1_5' title="bbox 0 1655 40 3153">
     <span class='ocr_line' id='line_1_5' title="bbox 0 1655 40 3153; baseline 0 0"><span class='ocrx_word' id='word_1_5' title='bbox 0 1655 40 3153; x_wconf 95' lang='lat' dir='ltr'><strong> </strong></span> 
     </span>
    </p>
   </div>
   <div class='ocr_carea' id='block_1_6' title="bbox 2 1655 40 3153">
    <p class='ocr_par' dir='ltr' id='par_1_6' title="bbox 2 1655 40 3153">
     <span class='ocr_line' id='line_1_6' title="bbox 2 1655 40 3153; baseline 0 0"><span class='ocrx_word' id='word_1_6' title='bbox 2 1655 40 3153; x_wconf 95' lang='lat' dir='ltr'><strong> </strong></span> 
     </span>
    </p>
   </div>
   <div class='ocr_carea' id='block_1_7' title="bbox 2 1655 40 3153">
    <p class='ocr_par' dir='ltr' id='par_1_7' title="bbox 2 1655 40 3153">
     <span class='ocr_line' id='line_1_7' title="bbox 2 1655 40 3153; baseline 0 0"><span class='ocrx_word' id='word_1_7' title='bbox 2 1655 40 3153; x_wconf 95' lang='lat' dir='ltr'><strong> </strong></span> 
     </span>
    </p>
   </div>
   <div class='ocr_carea' id='block_1_8' title="bbox 0 1655 40 3158">
    <p class='ocr_par' dir='ltr' id='par_1_8' title="bbox 0 1655 40 3158">
     <span class='ocr_line' id='line_1_8' title="bbox 0 1655 40 3158; baseline 0 0"><span class='ocrx_word' id='word_1_8' title='bbox 0 1655 40 3158; x_wconf 95' lang='lat' dir='ltr'><strong> </strong></span> 
     </span>
    </p>
   </div>
   <div class='ocr_carea' id='block_1_9' title="bbox 416 272 1698 338">
    <p class='ocr_par' dir='ltr' id='par_1_9' title="bbox 416 272 1698 338">
     <span class='ocr_line' id='line_1_9' title="bbox 416 272 1698 338; baseline -0.002 -11"><span class='ocrx_word' id='word_1_9' title='bbox 416 278 699 327; x_wconf 87' lang='lat' dir='ltr'><strong>LIBER</strong></span> <span class='ocrx_word' id='word_1_10' title='bbox 759 277 876 322; x_wconf 84' lang='lat' dir='ltr'>VIII.</span> <span class='ocrx_word' id='word_1_11' title='bbox 938 279 1120 323; x_wconf 80' lang='lat' dir='ltr'><strong>CAP.</strong></span> <span class='ocrx_word' id='word_1_12' title='bbox 1180 280 1254 324; x_wconf 78' lang='lat' dir='ltr'><strong>XL</strong></span> <span class='ocrx_word' id='word_1_13' title='bbox 1388 272 1391 273; x_wconf 33' lang='lat'><em>⁷</em></span> <span class='ocrx_word' id='word_1_14' title='bbox 1619 295 1698 338; x_wconf 76' lang='lat'><strong>¹45</strong></span> 
     </span>
    </p>
   </div>
   <div class='ocr_carea' id='block_1_10' title="bbox 149 391 1678 1718">
    <p class='ocr_par' dir='ltr' id='par_1_10' title="bbox 149 391 1678 1718">
     <span class='ocr_line' id='line_1_10' title="bbox 183 391 1476 456; baseline -0.003 -15"><span class='ocrx_word' id='word_1_15' title='bbox 183 409 343 456; x_wconf 80' lang='lat' dir='ltr'><strong>pertum</strong></span> <span class='ocrx_word' id='word_1_16' title='bbox 364 400 477 447; x_wconf 81' lang='lat' dir='ltr'><strong>telis;</strong></span> <span class='ocrx_word' id='word_1_17' title='bbox 508 396 710 450; x_wconf 88' lang='lat' dir='ltr'><strong>funusque</strong></span> <span class='ocrx_word' id='word_1_18' title='bbox 736 397 771 438; x_wconf 93' lang='lat' dir='ltr'><strong>ei</strong></span> <span class='ocrx_word' id='word_1_19' title='bbox 793 412 864 452; x_wconf 83' lang='lat' dir='ltr'><strong>par</strong></span> <span class='ocrx_word' id='word_1_20' title='bbox 885 398 1019 447; x_wconf 87' lang='lat' dir='ltr'><strong>morti,</strong></span> <span class='ocrx_word' id='word_1_21' title='bbox 1052 397 1277 438; x_wconf 81' lang='lat' dir='ltr'><strong>celebrante</strong></span> <span class='ocrx_word' id='word_1_22' title='bbox 1309 391 1476 452; x_wconf 54' lang='lat' dir='ltr'><strong>collegii,</strong></span> 
     </span>
     <span class='ocr_line' id='line_1_11' title="bbox 186 452 1476 510; baseline -0.002 -13"><span class='ocrx_word' id='word_1_23' title='bbox 186 459 344 499; x_wconf 61' lang='lat' dir='ltr'><strong>faRum</strong></span> <span class='ocrx_word' id='word_1_24' title='bbox 383 452 453 497; x_wconf 83' lang='lat' dir='ltr'><strong>est.</strong></span> <span class='ocrx_word' id='word_1_25' title='bbox 513 456 619 495; x_wconf 86' lang='lat' dir='ltr'><strong>Illud</strong></span> <span class='ocrx_word' id='word_1_26' title='bbox 655 456 926 510; x_wconf 82' lang='lat' dir='ltr'><strong>adjiciendum</strong></span> <span class='ocrx_word' id='word_1_27' title='bbox 956 457 1128 505; x_wconf 86' lang='lat' dir='ltr'><strong>videtur,</strong></span> <span class='ocrx_word' id='word_1_28' title='bbox 1171 457 1290 496; x_wconf 80' lang='lat' dir='ltr'><strong>licere</strong></span> <span class='ocrx_word' id='word_1_29' title='bbox 1323 456 1476 497; x_wconf 87' lang='lat' dir='ltr'><strong>consuli</strong></span> 
     </span>
     <span class='ocr_line' id='line_1_12' title="bbox 184 513 1475 568; baseline -0.002 -12"><span class='ocrx_word' id='word_1_30' title='bbox 184 515 450 568; x_wconf 57' lang='lat' dir='ltr'><strong>dictatorique</strong></span> <span class='ocrx_word' id='word_1_31' title='bbox 475 515 513 553; x_wconf 70' lang='grc' dir='ltr'><strong>δε</strong></span> <span class='ocrx_word' id='word_1_32' title='bbox 536 514 713 567; x_wconf 61' lang='lat' dir='ltr'><strong>praetori,</strong></span> <span class='ocrx_word' id='word_1_33' title='bbox 727 527 854 566; x_wconf 87' lang='lat' dir='ltr'><strong>quum</strong></span> <span class='ocrx_word' id='word_1_34' title='bbox 876 514 1052 568; x_wconf 82' lang='lat' dir='ltr'><strong>legiones</strong></span> <span class='ocrx_word' id='word_1_35' title='bbox 1073 513 1248 554; x_wconf 85' lang='lat' dir='ltr'><strong>hostium</strong></span> <span class='ocrx_word' id='word_1_36' title='bbox 1270 515 1475 561; x_wconf 80' lang='lat' dir='ltr'>devoveat,</span> 
     </span>
     <span class='ocr_line' id='line_1_13' title="bbox 184 570 1678 627; baseline -0.001 -14"><span class='ocrx_word' id='word_1_37' title='bbox 184 576 247 627; x_wconf 85' lang='lat'><strong>(3)</strong></span> <span class='ocrx_word' id='word_1_38' title='bbox 278 587 358 613; x_wconf 86' lang='lat' dir='ltr'><strong>non</strong></span> <span class='ocrx_word' id='word_1_39' title='bbox 389 571 528 624; x_wconf 89' lang='lat' dir='ltr'><strong>utique</strong></span> <span class='ocrx_word' id='word_1_40' title='bbox 556 570 609 619; x_wconf 88' lang='lat' dir='ltr'><strong>se,</strong></span> <span class='ocrx_word' id='word_1_41' title='bbox 638 570 704 609; x_wconf 85' lang='lat' dir='ltr'><strong>sed</strong></span> <span class='ocrx_word' id='word_1_42' title='bbox 740 585 862 624; x_wconf 88' lang='lat' dir='ltr'><strong>quem</strong></span> <span class='ocrx_word' id='word_1_43' title='bbox 897 572 992 611; x_wconf 83' lang='lat' dir='ltr'><strong>velit</strong></span> <span class='ocrx_word' id='word_1_44' title='bbox 1013 586 1061 611; x_wconf 85' lang='lat' dir='ltr'><strong>ex</strong></span> <span class='ocrx_word' id='word_1_45' title='bbox 1094 572 1250 626; x_wconf 79' lang='lat' dir='ltr'><strong>legione</strong></span> <span class='ocrx_word' id='word_1_46' title='bbox 1287 571 1475 611; x_wconf 61' lang='lat' dir='ltr'><strong>Roman&amp;</strong></span> <span class='ocrx_word' id='word_1_47' title='bbox 1494 573 1678 604; x_wconf 61' lang='lat' dir='ltr'><strong>Devotfouum</strong></span> 
     </span>
     <span class='ocr_line' id='line_1_14' title="bbox 185 620 1573 684; baseline -0.001 -14"><span class='ocrx_word' id='word_1_48' title='bbox 185 629 328 684; x_wconf 63' lang='lat' dir='ltr'><strong>scripta</strong></span> <span class='ocrx_word' id='word_1_49' title='bbox 346 631 408 684; x_wconf 87' lang='lat'><strong>(4)</strong></span> <span class='ocrx_word' id='word_1_50' title='bbox 429 629 574 677; x_wconf 81' lang='lat' dir='ltr'><strong>civem,</strong></span> <span class='ocrx_word' id='word_1_51' title='bbox 605 628 799 668; x_wconf 86' lang='lat' dir='ltr'><strong>devovere</strong></span> <span class='ocrx_word' id='word_1_52' title='bbox 818 644 826 669; x_wconf 79' lang='lat' dir='ltr'><strong><em>z</em></strong></span> <span class='ocrx_word' id='word_1_53' title='bbox 858 629 883 667; x_wconf 89' lang='lat' dir='ltr'>fi</span> <span class='ocrx_word' id='word_1_54' title='bbox 906 629 938 668; x_wconf 81' lang='lat' dir='ltr'><strong>is</strong></span> <span class='ocrx_word' id='word_1_55' title='bbox 959 629 1096 677; x_wconf 90' lang='lat' dir='ltr'><strong>homo,</strong></span> <span class='ocrx_word' id='word_1_56' title='bbox 1128 630 1198 682; x_wconf 89' lang='lat' dir='ltr'><strong>qui</strong></span> <span class='ocrx_word' id='word_1_57' title='bbox 1217 630 1385 669; x_wconf 85' lang='lat' dir='ltr'><strong>devotus</strong></span> <span class='ocrx_word' id='word_1_58' title='bbox 1401 629 1476 681; x_wconf 86' lang='lat' dir='ltr'><strong>est,</strong></span> <span class='ocrx_word' id='word_1_59' title='bbox 1493 620 1573 662; x_wconf 72' lang='lat' dir='ltr'><strong>leges.</strong></span> 
     </span>
     <span class='ocr_line' id='line_1_15' title="bbox 185 684 1477 742; baseline 0 -16"><span class='ocrx_word' id='word_1_60' title='bbox 185 688 368 736; x_wconf 84' lang='lat' dir='ltr'><strong>moritur,</strong></span> <span class='ocrx_word' id='word_1_61' title='bbox 399 684 522 740; x_wconf 73' lang='lat' dir='ltr'><strong>probe</strong></span> <span class='ocrx_word' id='word_1_62' title='bbox 556 685 712 725; x_wconf 59' lang='lat' dir='ltr'><strong>fac‘hxm</strong></span> <span class='ocrx_word' id='word_1_63' title='bbox 732 685 882 725; x_wconf 86' lang='lat' dir='ltr'><strong>videri:</strong></span> <span class='ocrx_word' id='word_1_64' title='bbox 913 686 955 724; x_wconf 89' lang='lat' dir='ltr'><strong>ni</strong></span> <span class='ocrx_word' id='word_1_65' title='bbox 983 686 1168 735; x_wconf 75' lang='lat' dir='ltr'><strong>moritur,</strong></span> <span class='ocrx_word' id='word_1_66' title='bbox 1199 696 1287 725; x_wconf 76' lang='lat' dir='ltr'><strong>tum</strong></span> <span class='ocrx_word' id='word_1_67' title='bbox 1321 690 1379 742; x_wconf 82' lang='lat'>(5&#39;)</span> <span class='ocrx_word' id='word_1_68' title='bbox 1403 688 1477 742; x_wconf 84' lang='lat' dir='ltr'><strong>fig-</strong></span> 
     </span>
     <span class='ocr_line' id='line_1_16' title="bbox 184 743 1477 798; baseline 0.001 -14"><span class='ocrx_word' id='word_1_69' title='bbox 184 759 282 784; x_wconf 87' lang='lat' dir='ltr'><strong>num</strong></span> <span class='ocrx_word' id='word_1_70' title='bbox 314 743 464 797; x_wconf 88' lang='lat' dir='ltr'><strong>septem</strong></span> <span class='ocrx_word' id='word_1_71' title='bbox 496 745 617 798; x_wconf 85' lang='lat' dir='ltr'><strong>pedes</strong></span> <span class='ocrx_word' id='word_1_72' title='bbox 647 744 788 794; x_wconf 72' lang='lat' dir='ltr'><strong>altum,</strong></span> <span class='ocrx_word' id='word_1_73' title='bbox 819 752 888 782; x_wconf 83' lang='lat' dir='ltr'><strong>aut</strong></span> <span class='ocrx_word' id='word_1_74' title='bbox 909 744 1054 797; x_wconf 85' lang='lat' dir='ltr'><strong>majus,</strong></span> <span class='ocrx_word' id='word_1_75' title='bbox 1086 743 1126 781; x_wconf 87' lang='lat' dir='ltr'><strong>in</strong></span> <span class='ocrx_word' id='word_1_76' title='bbox 1148 754 1295 783; x_wconf 85' lang='lat' dir='ltr'><strong>terram</strong></span> <span class='ocrx_word' id='word_1_77' title='bbox 1323 745 1477 794; x_wconf 86' lang='lat' dir='ltr'><strong>defodi,</strong></span> 
     </span>
     <span class='ocr_line' id='line_1_17' title="bbox 188 800 1477 855; baseline 0.002 -15"><span class='ocrx_word' id='word_1_78' title='bbox 188 804 226 841; x_wconf 86' lang='lat'>&amp;</span> <span class='ocrx_word' id='word_1_79' title='bbox 248 807 273 853; x_wconf 92' lang='lat'>†</span> <span class='ocrx_word' id='word_1_80' title='bbox 293 801 499 854; x_wconf 83' lang='lat' dir='ltr'>piaculum</span> <span class='ocrx_word' id='word_1_81' title='bbox 529 801 657 840; x_wconf 62' lang='lat' dir='ltr'><strong>hostia</strong></span> <span class='ocrx_word' id='word_1_82' title='bbox 677 803 739 855; x_wconf 92' lang='lat'><strong>(6)</strong></span> <span class='ocrx_word' id='word_1_83' title='bbox 760 801 873 841; x_wconf 84' lang='lat' dir='ltr'><strong>caedi.</strong></span> <span class='ocrx_word' id='word_1_84' title='bbox 933 800 1020 840; x_wconf 88' lang='lat' dir='ltr'><strong>Ubi</strong></span> <span class='ocrx_word' id='word_1_85' title='bbox 1052 801 1151 839; x_wconf 89' lang='lat' dir='ltr'><strong>illud</strong></span> <span class='ocrx_word' id='word_1_86' title='bbox 1172 801 1325 854; x_wconf 80' lang='lat' dir='ltr'><strong>signum</strong></span> <span class='ocrx_word' id='word_1_87' title='bbox 1345 802 1477 842; x_wconf 83' lang='lat' dir='ltr'><strong>defos-</strong></span> 
     </span>
     <span class='ocr_line' id='line_1_18' title="bbox 149 857 1477 914; baseline -0.002 -13"><span class='ocrx_word' id='word_1_88' title='bbox 149 858 270 907; x_wconf 60' lang='lat' dir='ltr'><strong>2,sum</strong></span> <span class='ocrx_word' id='word_1_89' title='bbox 297 859 388 908; x_wconf 87' lang='lat' dir='ltr'><strong>erit,</strong></span> <span class='ocrx_word' id='word_1_90' title='bbox 418 858 468 899; x_wconf 73' lang='lat' dir='ltr'><strong>eo</strong></span> <span class='ocrx_word' id='word_1_91' title='bbox 500 859 775 914; x_wconf 83' lang='lat' dir='ltr'><strong>magistratum</strong></span> <span class='ocrx_word' id='word_1_92' title='bbox 803 859 1040 898; x_wconf 77' lang='lat' dir='ltr'><strong>Romanum</strong></span> <span class='ocrx_word' id='word_1_93' title='bbox 1070 857 1281 897; x_wconf 86' lang='lat' dir='ltr'><strong>escendere</strong></span> <span class='ocrx_word' id='word_1_94' title='bbox 1313 859 1374 899; x_wconf 86' lang='lat' dir='ltr'><strong>fas</strong></span> <span class='ocrx_word' id='word_1_95' title='bbox 1393 874 1477 899; x_wconf 89' lang='lat' dir='ltr'><strong>non</strong></span> 
     </span>
     <span class='ocr_line' id='line_1_19' title="bbox 181 915 1478 965; baseline 0.001 -10"><span class='ocrx_word' id='word_1_96' title='bbox 181 916 269 956; x_wconf 79' lang='lat' dir='ltr'><strong>esse.</strong></span> <span class='ocrx_word' id='word_1_97' title='bbox 330 916 403 957; x_wconf 86' lang='lat' dir='ltr'><strong>Sin</strong></span> <span class='ocrx_word' id='word_1_98' title='bbox 434 926 568 956; x_wconf 84' lang='lat' dir='ltr'><strong>autem</strong></span> <span class='ocrx_word' id='word_1_99' title='bbox 600 916 677 956; x_wconf 88' lang='lat' dir='ltr'><strong>sese</strong></span> <span class='ocrx_word' id='word_1_100' title='bbox 713 917 906 956; x_wconf 86' lang='lat' dir='ltr'><strong>devovere</strong></span> <span class='ocrx_word' id='word_1_101' title='bbox 927 916 1050 965; x_wconf 85' lang='lat' dir='ltr'><strong>volet,</strong></span> <span class='ocrx_word' id='word_1_102' title='bbox 1082 915 1193 955; x_wconf 86' lang='lat' dir='ltr'><strong>ficuti</strong></span> <span class='ocrx_word' id='word_1_103' title='bbox 1224 915 1379 955; x_wconf 83' lang='lat' dir='ltr'><strong>Decius</strong></span> <span class='ocrx_word' id='word_1_104' title='bbox 1408 919 1478 956; x_wconf 92' lang='lat' dir='ltr'><strong>de-</strong></span> 
     </span>
     <span class='ocr_line' id='line_1_20' title="bbox 182 973 1477 1027; baseline 0.001 -14"><span class='ocrx_word' id='word_1_105' title='bbox 182 974 316 1022; x_wconf 81' lang='lat' dir='ltr'><strong>vovit3</strong></span> <span class='ocrx_word' id='word_1_106' title='bbox 361 975 403 1013; x_wconf 92' lang='lat' dir='ltr'><strong>ni</strong></span> <span class='ocrx_word' id='word_1_107' title='bbox 438 974 622 1022; x_wconf 87' lang='lat' dir='ltr'><strong>moritur,</strong></span> <span class='ocrx_word' id='word_1_108' title='bbox 665 975 727 1027; x_wconf 90' lang='lat'><strong>(7)</strong></span> <span class='ocrx_word' id='word_1_109' title='bbox 763 988 893 1027; x_wconf 88' lang='lat' dir='ltr'><strong>neque</strong></span> <span class='ocrx_word' id='word_1_110' title='bbox 923 973 1055 1022; x_wconf 85' lang='lat' dir='ltr'><strong>suum,</strong></span> <span class='ocrx_word' id='word_1_111' title='bbox 1097 987 1228 1026; x_wconf 89' lang='lat' dir='ltr'><strong>neque</strong></span> <span class='ocrx_word' id='word_1_112' title='bbox 1267 973 1477 1026; x_wconf 87' lang='lat' dir='ltr'><strong>publicum</strong></span> 
     </span>
     <span class='ocr_line' id='line_1_21' title="bbox 181 1031 1479 1086; baseline -0.001 -14"><span class='ocrx_word' id='word_1_113' title='bbox 181 1032 364 1072; x_wconf 87' lang='lat' dir='ltr'><strong>divinum</strong></span> <span class='ocrx_word' id='word_1_114' title='bbox 385 1032 483 1086; x_wconf 73' lang='lat' dir='ltr'><strong>pure</strong></span> <span class='ocrx_word' id='word_1_115' title='bbox 505 1032 639 1080; x_wconf 79' lang='lat' dir='ltr'><strong>faciet,</strong></span> <span class='ocrx_word' id='word_1_116' title='bbox 672 1031 740 1084; x_wconf 91' lang='lat' dir='ltr'><strong>qui</strong></span> <span class='ocrx_word' id='word_1_117' title='bbox 762 1031 840 1071; x_wconf 91' lang='lat' dir='ltr'><strong>sese</strong></span> <span class='ocrx_word' id='word_1_118' title='bbox 869 1031 1085 1070; x_wconf 88' lang='lat' dir='ltr'><strong>devoverit.</strong></span> <span class='ocrx_word' id='word_1_119' title='bbox 1145 1031 1333 1071; x_wconf 89' lang='lat' dir='ltr'><strong>Vulcano</strong></span> <span class='ocrx_word' id='word_1_120' title='bbox 1368 1046 1479 1072; x_wconf 76' lang='lat' dir='ltr'><strong>arma</strong></span> 
     </span>
     <span class='ocr_line' id='line_1_22' title="bbox 182 1087 1478 1142; baseline 0.002 -15"><span class='ocrx_word' id='word_1_121' title='bbox 182 1089 259 1128; x_wconf 87' lang='lat' dir='ltr'><strong>five</strong></span> <span class='ocrx_word' id='word_1_122' title='bbox 290 1089 355 1129; x_wconf 88' lang='lat' dir='ltr'><strong>cui</strong></span> <span class='ocrx_word' id='word_1_123' title='bbox 384 1090 449 1129; x_wconf 85' lang='lat' dir='ltr'><strong>alii</strong></span> <span class='ocrx_word' id='word_1_124' title='bbox 484 1089 593 1129; x_wconf 90' lang='lat' dir='ltr'><strong>Divo</strong></span> <span class='ocrx_word' id='word_1_125' title='bbox 629 1102 771 1129; x_wconf 89' lang='lat' dir='ltr'><strong>vovere</strong></span> <span class='ocrx_word' id='word_1_126' title='bbox 792 1090 916 1140; x_wconf 83' lang='lat' dir='ltr'><strong>volet,</strong></span> <span class='ocrx_word' id='word_1_127' title='bbox 950 1091 1008 1142; x_wconf 77' lang='lat'><strong>(3)</strong></span> <span class='ocrx_word' id='word_1_128' title='bbox 1036 1089 1110 1128; x_wconf 88' lang='lat' dir='ltr'><strong>five</strong></span> <span class='ocrx_word' id='word_1_129' title='bbox 1139 1087 1268 1128; x_wconf 62' lang='lat' dir='ltr'><strong>hostia</strong></span> <span class='ocrx_word' id='word_1_130' title='bbox 1298 1089 1372 1128; x_wconf 84' lang='lat' dir='ltr'><strong>five</strong></span> <span class='ocrx_word' id='word_1_131' title='bbox 1396 1103 1478 1142; x_wconf 88' lang='lat' dir='ltr'><strong>quo</strong></span> 
     </span>
     <span class='ocr_line' id='line_1_23' title="bbox 181 1144 1479 1201; baseline 0.001 -16"><span class='ocrx_word' id='word_1_132' title='bbox 181 1147 259 1186; x_wconf 84' lang='lat' dir='ltr'><strong>alio</strong></span> <span class='ocrx_word' id='word_1_133' title='bbox 292 1148 413 1196; x_wconf 87' lang='lat' dir='ltr'><strong>volet,</strong></span> <span class='ocrx_word' id='word_1_134' title='bbox 441 1148 508 1201; x_wconf 82' lang='lat' dir='ltr'><strong>jus</strong></span> <span class='ocrx_word' id='word_1_135' title='bbox 543 1146 612 1186; x_wconf 87' lang='lat' dir='ltr'><strong>est.</strong></span> <span class='ocrx_word' id='word_1_136' title='bbox 672 1144 793 1196; x_wconf 85' lang='lat' dir='ltr'><strong>Telo,</strong></span> <span class='ocrx_word' id='word_1_137' title='bbox 825 1147 940 1200; x_wconf 85' lang='lat' dir='ltr'><strong>super</strong></span> <span class='ocrx_word' id='word_1_138' title='bbox 966 1147 1074 1198; x_wconf 89' lang='lat' dir='ltr'><strong>quod</strong></span> <span class='ocrx_word' id='word_1_139' title='bbox 1103 1145 1207 1185; x_wconf 85' lang='lat' dir='ltr'><strong>stans</strong></span> <span class='ocrx_word' id='word_1_140' title='bbox 1229 1146 1366 1186; x_wconf 86' lang='lat' dir='ltr'><strong>consul</strong></span> <span class='ocrx_word' id='word_1_141' title='bbox 1387 1162 1479 1200; x_wconf 90' lang='lat' dir='ltr'><strong>pre-</strong></span> 
     </span>
     <span class='ocr_line' id='line_1_24' title="bbox 180 1201 1478 1257; baseline 0.001 -14"><span class='ocrx_word' id='word_1_142' title='bbox 180 1214 293 1245; x_wconf 83' lang='lat' dir='ltr'><strong>catus</strong></span> <span class='ocrx_word' id='word_1_143' title='bbox 323 1204 395 1253; x_wconf 90' lang='lat' dir='ltr'><strong>est,</strong></span> <span class='ocrx_word' id='word_1_144' title='bbox 426 1204 580 1244; x_wconf 87' lang='lat' dir='ltr'><strong>hostem</strong></span> <span class='ocrx_word' id='word_1_145' title='bbox 601 1201 737 1257; x_wconf 80' lang='lat' dir='ltr'><strong>potiri,</strong></span> <span class='ocrx_word' id='word_1_146' title='bbox 769 1204 828 1243; x_wconf 82' lang='lat' dir='ltr'><strong>fas</strong></span> <span class='ocrx_word' id='word_1_147' title='bbox 848 1218 930 1242; x_wconf 87' lang='lat' dir='ltr'><strong>non</strong></span> <span class='ocrx_word' id='word_1_148' title='bbox 958 1203 1039 1242; x_wconf 87' lang='lat' dir='ltr'><strong>est:</strong></span> <span class='ocrx_word' id='word_1_149' title='bbox 1069 1203 1094 1241; x_wconf 76' lang='lat' dir='ltr'><strong>sl</strong></span> <span class='ocrx_word' id='word_1_150' title='bbox 1125 1204 1316 1257; x_wconf 82' lang='lat' dir='ltr'><strong>potiatur,</strong></span> <span class='ocrx_word' id='word_1_151' title='bbox 1348 1205 1478 1244; x_wconf 83' lang='lat' dir='ltr'><strong>Marti</strong></span> 
     </span>
     <span class='ocr_line' id='line_1_25' title="bbox 180 1261 1480 1315; baseline -0.001 -13"><span class='ocrx_word' id='word_1_152' title='bbox 180 1267 203 1314; x_wconf 90' lang='lat'>†</span> <span class='ocrx_word' id='word_1_153' title='bbox 224 1262 556 1302; x_wconf 80' lang='lat' dir='ltr'><strong>suovetaurilibus</strong></span> <span class='ocrx_word' id='word_1_154' title='bbox 592 1262 796 1314; x_wconf 81' lang='lat' dir='ltr'><strong>piaculum</strong></span> <span class='ocrx_word' id='word_1_155' title='bbox 828 1261 928 1300; x_wconf 68' lang='lat' dir='ltr'><strong>fieri⁴</strong></span> <span class='ocrx_word' id='word_1_156' title='bbox 990 1261 1107 1308; x_wconf 75' lang='lat' dir='ltr'><strong>Haec,</strong></span> <span class='ocrx_word' id='word_1_157' title='bbox 1140 1262 1225 1315; x_wconf 89' lang='lat' dir='ltr'><strong>(ets1</strong></span> <span class='ocrx_word' id='word_1_158' title='bbox 1262 1262 1394 1301; x_wconf 87' lang='lat' dir='ltr'><strong>omnis</strong></span> <span class='ocrx_word' id='word_1_159' title='bbox 1416 1263 1480 1301; x_wconf 88' lang='lat' dir='ltr'><strong>di-</strong></span> 
     </span>
     <span class='ocr_line' id='line_1_26' title="bbox 179 1318 1478 1373; baseline 0.001 -15"><span class='ocrx_word' id='word_1_160' title='bbox 179 1320 262 1358; x_wconf 88' lang='lat' dir='ltr'><strong>vini</strong></span> <span class='ocrx_word' id='word_1_161' title='bbox 297 1319 545 1372; x_wconf 80' lang='lat' dir='ltr'><strong>humanique</strong></span> <span class='ocrx_word' id='word_1_162' title='bbox 567 1319 689 1358; x_wconf 84' lang='lat' dir='ltr'><strong>moris</strong></span> <span class='ocrx_word' id='word_1_163' title='bbox 712 1319 905 1359; x_wconf 88' lang='lat' dir='ltr'><strong>memoria</strong></span> <span class='ocrx_word' id='word_1_164' title='bbox 935 1318 1106 1358; x_wconf 82' lang='lat' dir='ltr'><strong>abolevit</strong></span> <span class='ocrx_word' id='word_1_165' title='bbox 1128 1321 1207 1373; x_wconf 87' lang='grc'>(9),</span> <span class='ocrx_word' id='word_1_166' title='bbox 1237 1334 1341 1359; x_wconf 85' lang='lat' dir='ltr'><strong>nova</strong></span> <span class='ocrx_word' id='word_1_167' title='bbox 1362 1334 1478 1373; x_wconf 81' lang='lat' dir='ltr'><strong>pere-</strong></span> 
     </span>
     <span class='ocr_line' id='line_1_27' title="bbox 179 1376 1477 1432; baseline 0.001 -16"><span class='ocrx_word' id='word_1_168' title='bbox 179 1377 375 1431; x_wconf 81' lang='lat' dir='ltr'><strong>grinaque</strong></span> <span class='ocrx_word' id='word_1_169' title='bbox 403 1377 538 1416; x_wconf 82' lang='lat' dir='ltr'><strong>omnia</strong></span> <span class='ocrx_word' id='word_1_170' title='bbox 573 1376 709 1430; x_wconf 81' lang='lat' dir='ltr'><strong>priscis</strong></span> <span class='ocrx_word' id='word_1_171' title='bbox 741 1391 785 1416; x_wconf 80' lang='lat' dir='ltr'><strong>ac</strong></span> <span class='ocrx_word' id='word_1_172' title='bbox 820 1377 957 1430; x_wconf 75' lang='lat' dir='ltr'><strong>patriis</strong></span> <span class='ocrx_word' id='word_1_173' title='bbox 982 1376 1250 1432; x_wconf 72' lang='lat' dir='ltr'><strong>praeferendo)</strong></span> <span class='ocrx_word' id='word_1_174' title='bbox 1285 1376 1394 1416; x_wconf 80' lang='lat' dir='ltr'><strong>haud</strong></span> <span class='ocrx_word' id='word_1_175' title='bbox 1426 1376 1477 1417; x_wconf 83' lang='lat' dir='ltr'><strong>ab</strong></span> 
     </span>
     <span class='ocr_line' id='line_1_28' title="bbox 181 1431 1477 1488; baseline 0.001 -15"><span class='ocrx_word' id='word_1_176' title='bbox 181 1448 222 1474; x_wconf 91' lang='lat' dir='ltr'><strong>re</strong></span> <span class='ocrx_word' id='word_1_177' title='bbox 263 1431 377 1485; x_wconf 84' lang='lat' dir='ltr'><strong>duxi,</strong></span> <span class='ocrx_word' id='word_1_178' title='bbox 407 1434 537 1474; x_wconf 89' lang='lat' dir='ltr'><strong>verbis</strong></span> <span class='ocrx_word' id='word_1_179' title='bbox 561 1448 726 1488; x_wconf 89' lang='lat' dir='ltr'><strong>quoque</strong></span> <span class='ocrx_word' id='word_1_180' title='bbox 759 1433 865 1488; x_wconf 78' lang='lat' dir='ltr'><strong>ipsis,</strong></span> <span class='ocrx_word' id='word_1_181' title='bbox 908 1444 953 1474; x_wconf 78' lang='lat' dir='ltr'><strong>ut</strong></span> <span class='ocrx_word' id='word_1_182' title='bbox 985 1434 1129 1474; x_wconf 81' lang='lat' dir='ltr'><strong>tradita</strong></span> <span class='ocrx_word' id='word_1_183' title='bbox 1162 1444 1477 1488; x_wconf 84' lang='lat' dir='ltr'><strong>nuncupataque</strong></span> 
     </span>
     <span class='ocr_line' id='line_1_29' title="bbox 182 1491 485 1538; baseline -0.003 -7"><span class='ocrx_word' id='word_1_184' title='bbox 182 1492 289 1538; x_wconf 84' lang='lat' dir='ltr'><strong>sunt,</strong></span> <span class='ocrx_word' id='word_1_185' title='bbox 321 1491 485 1532; x_wconf 84' lang='lat' dir='ltr'><strong>referre.</strong></span> 
     </span>
     <span class='ocr_line' id='line_1_30' title="bbox 239 1548 1476 1603; baseline 0.002 -14"><span class='ocrx_word' id='word_1_186' title='bbox 239 1550 314 1589; x_wconf 82' lang='lat' dir='ltr'><strong>XI.</strong></span> <span class='ocrx_word' id='word_1_187' title='bbox 347 1548 544 1590; x_wconf 80' lang='lat' dir='ltr'><strong>Romanis</strong></span> <span class='ocrx_word' id='word_1_188' title='bbox 566 1550 652 1603; x_wconf 89' lang='lat' dir='ltr'><strong>post</strong></span> <span class='ocrx_word' id='word_1_189' title='bbox 685 1549 875 1603; x_wconf 85' lang='lat' dir='ltr'><strong>proelium</strong></span> <span class='ocrx_word' id='word_1_190' title='bbox 909 1551 1073 1590; x_wconf 86' lang='lat' dir='ltr'><strong>demum</strong></span> <span class='ocrx_word' id='word_1_191' title='bbox 1095 1549 1251 1590; x_wconf 69' lang='lat' dir='ltr'><strong>faCmm</strong></span> <span class='ocrx_word' id='word_1_192' title='bbox 1273 1549 1476 1591; x_wconf 71' lang='lat' dir='ltr'><strong>Samnites</strong></span> 
     </span>
     <span class='ocr_line' id='line_1_31' title="bbox 180 1607 1476 1662; baseline 0.002 -16"><span class='ocrx_word' id='word_1_193' title='bbox 180 1608 325 1647; x_wconf 78' lang='lat' dir='ltr'><strong>venisse</strong></span> <span class='ocrx_word' id='word_1_194' title='bbox 346 1607 528 1655; x_wconf 86' lang='lat' dir='ltr'><strong>subfidio,</strong></span> <span class='ocrx_word' id='word_1_195' title='bbox 559 1607 787 1660; x_wconf 59' lang='lat' dir='ltr'><strong>exspefflato</strong></span> <span class='ocrx_word' id='word_1_196' title='bbox 808 1618 954 1647; x_wconf 78' lang='lat' dir='ltr'><strong>eventu</strong></span> <span class='ocrx_word' id='word_1_197' title='bbox 974 1622 1137 1662; x_wconf 80' lang='lat' dir='ltr'><strong>pugnae,</strong></span> <span class='ocrx_word' id='word_1_198' title='bbox 1170 1608 1363 1660; x_wconf 83' lang='lat' dir='ltr'><strong>quosdam</strong></span> <span class='ocrx_word' id='word_1_199' title='bbox 1381 1623 1476 1648; x_wconf 82' lang='lat' dir='ltr'><strong>auc-</strong></span> 
     </span>
     <span class='ocr_line' id='line_1_32' title="bbox 179 1664 1475 1718; baseline 0.001 -14"><span class='ocrx_word' id='word_1_200' title='bbox 179 1675 285 1705; x_wconf 77' lang='lat' dir='ltr'><strong>tores</strong></span> <span class='ocrx_word' id='word_1_201' title='bbox 307 1664 479 1706; x_wconf 78' lang='lat' dir='ltr'><strong>invenio,</strong></span> <span class='ocrx_word' id='word_1_202' title='bbox 543 1665 698 1705; x_wconf 82' lang='lat' dir='ltr'><strong>Latinis</strong></span> <span class='ocrx_word' id='word_1_203' title='bbox 720 1679 881 1718; x_wconf 88' lang='lat' dir='ltr'><strong>quoque</strong></span> <span class='ocrx_word' id='word_1_204' title='bbox 904 1665 951 1706; x_wconf 80' lang='lat' dir='ltr'><strong>ab</strong></span> <span class='ocrx_word' id='word_1_205' title='bbox 964 1665 1132 1705; x_wconf 78' lang='lat' dir='ltr'><strong>Lavinio</strong></span> <span class='ocrx_word' id='word_1_206' title='bbox 1149 1665 1358 1715; x_wconf 84' lang='lat' dir='ltr'><strong>auxilium,</strong></span> <span class='ocrx_word' id='word_1_207' title='bbox 1375 1667 1475 1705; x_wconf 86' lang='lat' dir='ltr'><strong>dum</strong></span> 
     </span>
    </p>
   </div>
   <div class='ocr_carea' id='block_1_11' title="bbox 168 1781 1481 2806">
    <p class='ocr_par' dir='ltr' id='par_1_11' title="bbox 168 1781 1481 2757">
     <span class='ocr_line' id='line_1_33' title="bbox 181 1781 1475 1823; baseline 0.002 -11"><span class='ocrx_word' id='word_1_208' title='bbox 181 1781 236 1822; x_wconf 82' lang='lat'><strong>(3)</strong></span> <span class='ocrx_word' id='word_1_209' title='bbox 260 1783 348 1813; x_wconf 85' lang='lat' dir='ltr'><strong>Cave</strong></span> <span class='ocrx_word' id='word_1_210' title='bbox 376 1789 470 1823; x_wconf 86' lang='lat' dir='ltr'><strong>putes</strong></span> <span class='ocrx_word' id='word_1_211' title='bbox 483 1792 550 1812; x_wconf 88' lang='lat' dir='ltr'><strong>non</strong></span> <span class='ocrx_word' id='word_1_212' title='bbox 578 1781 674 1813; x_wconf 86' lang='lat' dir='ltr'><strong>licere</strong></span> <span class='ocrx_word' id='word_1_213' title='bbox 691 1781 880 1823; x_wconf 84' lang='lat' dir='ltr'><strong>imperatori</strong></span> <span class='ocrx_word' id='word_1_214' title='bbox 897 1783 1046 1813; x_wconf 86' lang='lat' dir='ltr'><strong>Romano</strong></span> <span class='ocrx_word' id='word_1_215' title='bbox 1068 1781 1101 1812; x_wconf 86' lang='lat' dir='ltr'><strong>se</strong></span> <span class='ocrx_word' id='word_1_216' title='bbox 1124 1782 1295 1813; x_wconf 75' lang='lat' dir='ltr'><strong>devovere.</strong></span> <span class='ocrx_word' id='word_1_217' title='bbox 1311 1781 1345 1814; x_wconf 90' lang='lat' dir='ltr'><strong>id</strong></span> <span class='ocrx_word' id='word_1_218' title='bbox 1361 1783 1475 1814; x_wconf 59' lang='lat' dir='ltr'><strong>adver«</strong></span> 
     </span>
     <span class='ocr_line' id='line_1_34' title="bbox 181 1826 1474 1870; baseline 0.002 -13"><span class='ocrx_word' id='word_1_219' title='bbox 181 1827 305 1857; x_wconf 77' lang='lat' dir='ltr'><strong>saretui·</strong></span> <span class='ocrx_word' id='word_1_220' title='bbox 319 1827 407 1866; x_wconf 88' lang='lat' dir='ltr'><strong>quod</strong></span> <span class='ocrx_word' id='word_1_221' title='bbox 420 1826 532 1857; x_wconf 80' lang='lat' dir='ltr'><strong>Livius</strong></span> <span class='ocrx_word' id='word_1_222' title='bbox 547 1827 611 1867; x_wconf 76' lang='lat' dir='ltr'><strong>jam</strong></span> <span class='ocrx_word' id='word_1_223' title='bbox 628 1827 773 1858; x_wconf 79' lang='lat' dir='ltr'><strong>narravit</strong></span> <span class='ocrx_word' id='word_1_224' title='bbox 793 1828 824 1857; x_wconf 71' lang='lat'><strong>8&lt;</strong></span> <span class='ocrx_word' id='word_1_225' title='bbox 840 1838 914 1858; x_wconf 80' lang='lat' dir='ltr'><strong>mox</strong></span> <span class='ocrx_word' id='word_1_226' title='bbox 931 1827 1078 1857; x_wconf 58' lang='lat' dir='ltr'><strong>diesturus</strong></span> <span class='ocrx_word' id='word_1_227' title='bbox 1091 1827 1144 1858; x_wconf 84' lang='lat' dir='ltr'><strong>est.</strong></span> <span class='ocrx_word' id='word_1_228' title='bbox 1192 1828 1252 1858; x_wconf 85' lang='lat' dir='ltr'><strong>Sed</strong></span> <span class='ocrx_word' id='word_1_229' title='bbox 1269 1827 1410 1870; x_wconf 84' lang='lat' dir='ltr'><strong>intellige</strong></span> <span class='ocrx_word' id='word_1_230' title='bbox 1427 1828 1474 1859; x_wconf 79' lang='lat' dir='ltr'><strong>illi</strong></span> 
     </span>
     <span class='ocr_line' id='line_1_35' title="bbox 181 1870 1474 1913; baseline 0.002 -12"><span class='ocrx_word' id='word_1_231' title='bbox 181 1870 278 1901; x_wconf 81' lang='lat' dir='ltr'><strong>licere</strong></span> <span class='ocrx_word' id='word_1_232' title='bbox 303 1871 438 1902; x_wconf 86' lang='lat' dir='ltr'><strong>militem</strong></span> <span class='ocrx_word' id='word_1_233' title='bbox 462 1873 647 1902; x_wconf 77' lang='lat' dir='ltr'><strong>Romanum</strong></span> <span class='ocrx_word' id='word_1_234' title='bbox 674 1871 730 1902; x_wconf 90' lang='lat' dir='ltr'><strong>suo</strong></span> <span class='ocrx_word' id='word_1_235' title='bbox 753 1872 826 1902; x_wconf 92' lang='lat' dir='ltr'><strong>loco</strong></span> <span class='ocrx_word' id='word_1_236' title='bbox 853 1873 1025 1908; x_wconf 78' lang='lat' dir='ltr'><strong>devovere,</strong></span> <span class='ocrx_word' id='word_1_237' title='bbox 1047 1871 1069 1902; x_wconf 89' lang='lat' dir='ltr'>fi</span> <span class='ocrx_word' id='word_1_238' title='bbox 1094 1871 1159 1913; x_wconf 88' lang='lat' dir='ltr'><strong>ipse</strong></span> <span class='ocrx_word' id='word_1_239' title='bbox 1175 1872 1205 1904; x_wconf 91' lang='lat' dir='ltr'><strong>se</strong></span> <span class='ocrx_word' id='word_1_240' title='bbox 1222 1873 1382 1904; x_wconf 87' lang='lat' dir='ltr'><strong>devovere</strong></span> <span class='ocrx_word' id='word_1_241' title='bbox 1406 1884 1474 1903; x_wconf 91' lang='lat' dir='ltr'><strong>non</strong></span> 
     </span>
     <span class='ocr_line' id='line_1_36' title="bbox 181 1915 1475 1958; baseline 0.002 -12"><span class='ocrx_word' id='word_1_242' title='bbox 181 1916 289 1946; x_wconf 78' lang='lat' dir='ltr'><strong>vellet.</strong></span> <span class='ocrx_word' id='word_1_243' title='bbox 320 1918 359 1947; x_wconf 89' lang='lat' dir='ltr'><strong>E.</strong></span> <span class='ocrx_word' id='word_1_244' title='bbox 405 1916 462 1957; x_wconf 80' lang='lat'><strong>(4)</strong></span> <span class='ocrx_word' id='word_1_245' title='bbox 485 1916 623 1947; x_wconf 78' lang='lat' dir='ltr'><strong>Fortasse</strong></span> <span class='ocrx_word' id='word_1_246' title='bbox 650 1915 800 1957; x_wconf 83' lang='lat' dir='ltr'><strong>adjicitur</strong></span> <span class='ocrx_word' id='word_1_247' title='bbox 817 1916 940 1958; x_wconf 59' lang='lat' dir='ltr'><strong>sm&#39;ptj,</strong></span> <span class='ocrx_word' id='word_1_248' title='bbox 963 1924 999 1946; x_wconf 86' lang='lat' dir='ltr'><strong>ut</strong></span> <span class='ocrx_word' id='word_1_249' title='bbox 1026 1917 1240 1947; x_wconf 80' lang='lat' dir='ltr'><strong>excludantur</strong></span> <span class='ocrx_word' id='word_1_250' title='bbox 1268 1917 1415 1948; x_wconf 86' lang='lat' dir='ltr'><strong>subitarii</strong></span> <span class='ocrx_word' id='word_1_251' title='bbox 1441 1918 1475 1948; x_wconf 74' lang='grc' dir='ltr'><strong>δε</strong></span> 
     </span>
     <span class='ocr_line' id='line_1_37' title="bbox 183 1960 1475 2004; baseline 0.002 -13"><span class='ocrx_word' id='word_1_252' title='bbox 183 1960 388 1991; x_wconf 79' lang='lat' dir='ltr'><strong>tumultuarii</strong></span> <span class='ocrx_word' id='word_1_253' title='bbox 415 1960 540 1991; x_wconf 80' lang='lat' dir='ltr'><strong>milites.</strong></span> <span class='ocrx_word' id='word_1_254' title='bbox 588 1961 642 2001; x_wconf 78' lang='lat'><strong>(5)</strong></span> <span class='ocrx_word' id='word_1_255' title='bbox 667 1961 823 2003; x_wconf 79' lang='lat' dir='ltr'><strong>Sigonius,</strong></span> <span class='ocrx_word' id='word_1_256' title='bbox 844 1964 1030 2003; x_wconf 75' lang='lat' dir='ltr'><strong>perfiguum,</strong></span> <span class='ocrx_word' id='word_1_257' title='bbox 1050 1960 1202 2003; x_wconf 81' lang='lat' dir='ltr'><strong>intelligit</strong></span> <span class='ocrx_word' id='word_1_258' title='bbox 1219 1961 1390 2004; x_wconf 80' lang='lat' dir='ltr'><strong>imaginem</strong></span> <span class='ocrx_word' id='word_1_259' title='bbox 1407 1963 1475 2003; x_wconf 78' lang='lat' dir='ltr'><strong>ejus</strong></span> 
     </span>
     <span class='ocr_line' id='line_1_38' title="bbox 183 2004 1476 2047; baseline 0.002 -12"><span class='ocrx_word' id='word_1_260' title='bbox 183 2004 322 2036; x_wconf 80' lang='lat' dir='ltr'><strong>hominis</strong></span> <span class='ocrx_word' id='word_1_261' title='bbox 350 2005 406 2045; x_wconf 90' lang='lat' dir='ltr'><strong>qui</strong></span> <span class='ocrx_word' id='word_1_262' title='bbox 430 2006 566 2037; x_wconf 80' lang='lat' dir='ltr'><strong>devotus</strong></span> <span class='ocrx_word' id='word_1_263' title='bbox 594 2017 660 2036; x_wconf 88' lang='lat' dir='ltr'><strong>non</strong></span> <span class='ocrx_word' id='word_1_264' title='bbox 685 2007 727 2037; x_wconf 83' lang='lat' dir='ltr'><strong>est</strong></span> <span class='ocrx_word' id='word_1_265' title='bbox 752 2015 911 2037; x_wconf 81' lang='lat' dir='ltr'><strong>mortuus.</strong></span> <span class='ocrx_word' id='word_1_266' title='bbox 957 2006 1013 2046; x_wconf 76' lang='lat'><strong>(6)</strong></span> <span class='ocrx_word' id='word_1_267' title='bbox 1041 2006 1155 2036; x_wconf 84' lang='lat' dir='ltr'><strong>Paullo</strong></span> <span class='ocrx_word' id='word_1_268' title='bbox 1183 2005 1252 2047; x_wconf 64' lang='lat' dir='ltr'><strong>post</strong></span> <span class='ocrx_word' id='word_1_269' title='bbox 1280 2010 1335 2043; x_wconf 76' lang='lat' dir='ltr'><strong>ait,</strong></span> <span class='ocrx_word' id='word_1_270' title='bbox 1369 2009 1476 2038; x_wconf 73' lang='lat' dir='ltr'><strong>Marti</strong></span> 
     </span>
     <span class='ocr_line' id='line_1_39' title="bbox 168 2051 1478 2093; baseline 0.003 -14"><span class='ocrx_word' id='word_1_271' title='bbox 168 2052 406 2091; x_wconf 70' lang='lat' dir='ltr'><strong>suovetaurilibus</strong></span> <span class='ocrx_word' id='word_1_272' title='bbox 444 2052 584 2091; x_wconf 62' lang='lat' dir='ltr'><strong>piaculum</strong></span> <span class='ocrx_word' id='word_1_273' title='bbox 597 2052 677 2093; x_wconf 60' lang='lat' dir='ltr'><strong>steri.</strong></span> <span class='ocrx_word' id='word_1_274' title='bbox 722 2051 861 2091; x_wconf 79' lang='lat' dir='ltr'><strong>Aliquot</strong></span> <span class='ocrx_word' id='word_1_275' title='bbox 889 2051 1013 2082; x_wconf 80' lang='lat' dir='ltr'><strong>codices</strong></span> <span class='ocrx_word' id='word_1_276' title='bbox 1048 2051 1158 2093; x_wconf 79' lang='lat' dir='ltr'><strong>hqstiam</strong></span> <span class='ocrx_word' id='word_1_277' title='bbox 1187 2053 1376 2092; x_wconf 78' lang='lat' dir='ltr'><strong>praeferunt‚</strong></span> <span class='ocrx_word' id='word_1_278' title='bbox 1416 2062 1478 2093; x_wconf 65' lang='lat' dir='ltr'><strong>pel*</strong></span> 
     </span>
     <span class='ocr_line' id='line_1_40' title="bbox 183 2094 1475 2138; baseline 0.003 -15"><span class='ocrx_word' id='word_1_279' title='bbox 183 2096 202 2134; x_wconf 87' lang='lat'>†</span> <span class='ocrx_word' id='word_1_280' title='bbox 217 2097 378 2137; x_wconf 48' lang='lat' dir='ltr'><strong>epexqgssfin.</strong></span> <span class='ocrx_word' id='word_1_281' title='bbox 425 2094 578 2136; x_wconf 77' lang='lat' dir='ltr'><strong>[Fortasse</strong></span> <span class='ocrx_word' id='word_1_282' title='bbox 605 2097 684 2138; x_wconf 70' lang='lat' dir='ltr'><strong>hostia</strong></span> <span class='ocrx_word' id='word_1_283' title='bbox 702 2097 814 2127; x_wconf 81' lang='lat' dir='ltr'><strong>eodem</strong></span> <span class='ocrx_word' id='word_1_284' title='bbox 838 2097 936 2127; x_wconf 87' lang='lat' dir='ltr'><strong>modo</strong></span> <span class='ocrx_word' id='word_1_285' title='bbox 948 2095 1051 2137; x_wconf 78' lang='lat' dir='ltr'><strong>accipi</strong></span> <span class='ocrx_word' id='word_1_286' title='bbox 1068 2095 1180 2137; x_wconf 84' lang='lat' dir='ltr'><strong>potest,</strong></span> <span class='ocrx_word' id='word_1_287' title='bbox 1203 2096 1351 2128; x_wconf 82' lang='lat' dir='ltr'><strong>oratione</strong></span> <span class='ocrx_word' id='word_1_288' title='bbox 1367 2096 1475 2128; x_wconf 61' lang='lat' dir='ltr'><strong>infini2</strong></span> 
     </span>
     <span class='ocr_line' id='line_1_41' title="bbox 189 2138 1476 2182; baseline 0.002 -13"><span class='ocrx_word' id='word_1_289' title='bbox 189 2138 220 2169; x_wconf 60' lang='grc' dir='ltr'><strong>εἴ).</strong></span> <span class='ocrx_word' id='word_1_290' title='bbox 239 2150 300 2180; x_wconf 88' lang='lat' dir='ltr'><strong>pro</strong></span> <span class='ocrx_word' id='word_1_291' title='bbox 317 2138 415 2170; x_wconf 57' lang='lat' dir='ltr'><strong>firma.</strong></span> <span class='ocrx_word' id='word_1_292' title='bbox 443 2140 490 2181; x_wconf 69' lang='grc' dir='ltr'><strong>Ε.)</strong></span> <span class='ocrx_word' id='word_1_293' title='bbox 535 2142 591 2181; x_wconf 83' lang='grc'>(7)</span> <span class='ocrx_word' id='word_1_294' title='bbox 614 2142 729 2181; x_wconf 81' lang='lat' dir='ltr'><strong>Neque</strong></span> <span class='ocrx_word' id='word_1_295' title='bbox 752 2152 813 2182; x_wconf 82' lang='lat' dir='ltr'><strong>pro</strong></span> <span class='ocrx_word' id='word_1_296' title='bbox 839 2141 880 2177; x_wconf 86' lang='lat' dir='ltr'><strong>se,</strong></span> <span class='ocrx_word' id='word_1_297' title='bbox 903 2151 1009 2181; x_wconf 87' lang='lat' dir='ltr'><strong>neque</strong></span> <span class='ocrx_word' id='word_1_298' title='bbox 1033 2151 1093 2182; x_wconf 87' lang='lat' dir='ltr'><strong>pro</strong></span> <span class='ocrx_word' id='word_1_299' title='bbox 1115 2140 1283 2182; x_wconf 67' lang='lat' dir='ltr'><strong>republica</strong></span> <span class='ocrx_word' id='word_1_300' title='bbox 1300 2152 1366 2173; x_wconf 89' lang='lat' dir='ltr'><strong>rem</strong></span> <span class='ocrx_word' id='word_1_301' title='bbox 1391 2141 1476 2172; x_wconf 77' lang='lat' dir='ltr'><strong>divi-</strong></span> 
     </span>
     <span class='ocr_line' id='line_1_42' title="bbox 186 2184 1476 2224; baseline 0.003 -11"><span class='ocrx_word' id='word_1_302' title='bbox 186 2194 262 2214; x_wconf 87' lang='lat' dir='ltr'><strong>nam</strong></span> <span class='ocrx_word' id='word_1_303' title='bbox 279 2187 358 2224; x_wconf 75' lang='lat' dir='ltr'><strong>pure</strong></span> <span class='ocrx_word' id='word_1_304' title='bbox 370 2184 472 2215; x_wconf 84' lang='lat' dir='ltr'><strong>faciet.</strong></span> <span class='ocrx_word' id='word_1_305' title='bbox 509 2185 671 2216; x_wconf 78' lang='lat' dir='ltr'><strong>Obscurus</strong></span> <span class='ocrx_word' id='word_1_306' title='bbox 688 2186 777 2216; x_wconf 82' lang='lat' dir='ltr'><strong>locus</strong></span> <span class='ocrx_word' id='word_1_307' title='bbox 793 2185 856 2216; x_wconf 83' lang='lat' dir='ltr'><strong>cst:</strong></span> <span class='ocrx_word' id='word_1_308' title='bbox 879 2186 940 2216; x_wconf 84' lang='lat' dir='ltr'><strong>hoc</strong></span> <span class='ocrx_word' id='word_1_309' title='bbox 954 2193 1062 2216; x_wconf 82' lang='lat' dir='ltr'><strong>autem</strong></span> <span class='ocrx_word' id='word_1_310' title='bbox 1073 2185 1207 2216; x_wconf 82' lang='lat' dir='ltr'><strong>Livium</strong></span> <span class='ocrx_word' id='word_1_311' title='bbox 1222 2186 1306 2217; x_wconf 83' lang='lat' dir='ltr'><strong>velle</strong></span> <span class='ocrx_word' id='word_1_312' title='bbox 1321 2186 1476 2223; x_wconf 74' lang='lat' dir='ltr'><strong>existimo¹¹</strong></span> 
     </span>
     <span class='ocr_line' id='line_1_43' title="bbox 185 2225 1475 2272; baseline 0.005 -15"><span class='ocrx_word' id='word_1_313' title='bbox 185 2225 425 2268; x_wconf 81' lang='lat' dir='ltr'><strong>imperatorem,</strong></span> <span class='ocrx_word' id='word_1_314' title='bbox 447 2229 504 2269; x_wconf 89' lang='lat' dir='ltr'><strong>qui</strong></span> <span class='ocrx_word' id='word_1_315' title='bbox 521 2230 582 2260; x_wconf 84' lang='lat' dir='ltr'><strong>sese</strong></span> <span class='ocrx_word' id='word_1_316' title='bbox 609 2231 776 2260; x_wconf 82' lang='lat' dir='ltr'><strong>devoverit</strong></span> <span class='ocrx_word' id='word_1_317' title='bbox 802 2241 907 2272; x_wconf 88' lang='lat' dir='ltr'><strong>neque</strong></span> <span class='ocrx_word' id='word_1_318' title='bbox 934 2238 1082 2261; x_wconf 84' lang='lat' dir='ltr'><strong>mortuus</strong></span> <span class='ocrx_word' id='word_1_319' title='bbox 1107 2229 1155 2267; x_wconf 87' lang='lat' dir='ltr'><strong>fit,</strong></span> <span class='ocrx_word' id='word_1_320' title='bbox 1177 2241 1245 2261; x_wconf 83' lang='lat' dir='ltr'><strong>non</strong></span> <span class='ocrx_word' id='word_1_321' title='bbox 1261 2231 1347 2272; x_wconf 81' lang='lat' dir='ltr'><strong>posse</strong></span> <span class='ocrx_word' id='word_1_322' title='bbox 1364 2231 1475 2272; x_wconf 84' lang='lat' dir='ltr'><strong>piacu-</strong></span> 
     </span>
     <span class='ocr_line' id='line_1_44' title="bbox 186 2271 1473 2316; baseline 0.004 -15"><span class='ocrx_word' id='word_1_323' title='bbox 186 2271 255 2302; x_wconf 91' lang='lat' dir='ltr'><strong>lum</strong></span> <span class='ocrx_word' id='word_1_324' title='bbox 268 2272 366 2302; x_wconf 58' lang='lat' dir='ltr'><strong>hostia</strong></span> <span class='ocrx_word' id='word_1_325' title='bbox 383 2275 505 2311; x_wconf 81' lang='lat' dir='ltr'><strong>facere3</strong></span> <span class='ocrx_word' id='word_1_326' title='bbox 529 2275 617 2315; x_wconf 85' lang='lat' dir='ltr'><strong>quod</strong></span> <span class='ocrx_word' id='word_1_327' title='bbox 634 2274 702 2306; x_wconf 75' lang='lat' dir='ltr'><strong>fieri</strong></span> <span class='ocrx_word' id='word_1_328' title='bbox 719 2274 816 2316; x_wconf 87' lang='lat' dir='ltr'><strong>posse,</strong></span> <span class='ocrx_word' id='word_1_329' title='bbox 837 2274 894 2306; x_wconf 88' lang='lat' dir='ltr'><strong>ubi</strong></span> <span class='ocrx_word' id='word_1_330' title='bbox 918 2275 1007 2306; x_wconf 83' lang='lat' dir='ltr'><strong>miles</strong></span> <span class='ocrx_word' id='word_1_331' title='bbox 1035 2275 1172 2306; x_wconf 81' lang='lat' dir='ltr'><strong>devotus</strong></span> <span class='ocrx_word' id='word_1_332' title='bbox 1188 2285 1255 2306; x_wconf 89' lang='lat' dir='ltr'><strong>non</strong></span> <span class='ocrx_word' id='word_1_333' title='bbox 1272 2275 1370 2307; x_wconf 84' lang='lat' dir='ltr'><strong>fuerit</strong></span> <span class='ocrx_word' id='word_1_334' title='bbox 1387 2286 1473 2308; x_wconf 86' lang='lat' dir='ltr'><strong>mor-</strong></span> 
     </span>
     <span class='ocr_line' id='line_1_45' title="bbox 185 2316 1476 2361; baseline 0.005 -15"><span class='ocrx_word' id='word_1_335' title='bbox 185 2323 272 2353; x_wconf 79' lang='lat' dir='ltr'><strong>tuus,</strong></span> <span class='ocrx_word' id='word_1_336' title='bbox 295 2316 407 2348; x_wconf 83' lang='lat' dir='ltr'><strong>Livius</strong></span> <span class='ocrx_word' id='word_1_337' title='bbox 421 2319 487 2359; x_wconf 82' lang='lat' dir='ltr'><strong>jam</strong></span> <span class='ocrx_word' id='word_1_338' title='bbox 502 2319 594 2350; x_wconf 81' lang='lat' dir='ltr'><strong>dixit.</strong></span> <span class='ocrx_word' id='word_1_339' title='bbox 612 2321 648 2349; x_wconf 83' lang='lat' dir='ltr'><strong>E.</strong></span> <span class='ocrx_word' id='word_1_340' title='bbox 694 2321 750 2361; x_wconf 75' lang='lat'><strong>(8)</strong></span> <span class='ocrx_word' id='word_1_341' title='bbox 774 2322 834 2351; x_wconf 88' lang='lat' dir='ltr'><strong>Seu</strong></span> <span class='ocrx_word' id='word_1_342' title='bbox 850 2318 928 2351; x_wconf 83' lang='lat' dir='ltr'><strong>velit</strong></span> <span class='ocrx_word' id='word_1_343' title='bbox 944 2318 1045 2350; x_wconf 64' lang='lat' dir='ltr'><strong>hostia</strong></span> <span class='ocrx_word' id='word_1_344' title='bbox 1059 2319 1140 2350; x_wconf 65' lang='lat' dir='ltr'><strong>caesfi</strong></span> <span class='ocrx_word' id='word_1_345' title='bbox 1155 2319 1364 2352; x_wconf 85' lang='lat' dir='ltr'><strong>devotionem</strong></span> <span class='ocrx_word' id='word_1_346' title='bbox 1390 2321 1476 2353; x_wconf 80' lang='lat' dir='ltr'><strong>hane</strong></span> 
     </span>
     <span class='ocr_line' id='line_1_46' title="bbox 187 2363 1475 2406; baseline 0.004 -15"><span class='ocrx_word' id='word_1_347' title='bbox 187 2371 354 2392; x_wconf 82' lang='lat' dir='ltr'><strong>armorum</strong></span> <span class='ocrx_word' id='word_1_348' title='bbox 381 2363 501 2404; x_wconf 82' lang='lat' dir='ltr'><strong>peragi,</strong></span> <span class='ocrx_word' id='word_1_349' title='bbox 521 2363 584 2394; x_wconf 84' lang='lat' dir='ltr'><strong>five</strong></span> <span class='ocrx_word' id='word_1_350' title='bbox 611 2364 673 2394; x_wconf 86' lang='lat' dir='ltr'><strong>alio</strong></span> <span class='ocrx_word' id='word_1_351' title='bbox 701 2364 810 2405; x_wconf 88' lang='lat' dir='ltr'><strong>aliquo</strong></span> <span class='ocrx_word' id='word_1_352' title='bbox 838 2365 903 2395; x_wconf 84' lang='lat' dir='ltr'><strong>ritu</strong></span> <span class='ocrx_word' id='word_1_353' title='bbox 928 2364 1029 2395; x_wconf 86' lang='lat' dir='ltr'><strong>sacro.</strong></span> <span class='ocrx_word' id='word_1_354' title='bbox 1077 2363 1244 2406; x_wconf 71' lang='lat' dir='ltr'><strong>[Ceterum</strong></span> <span class='ocrx_word' id='word_1_355' title='bbox 1269 2367 1310 2397; x_wconf 87' lang='lat' dir='ltr'><strong>de</strong></span> <span class='ocrx_word' id='word_1_356' title='bbox 1337 2376 1402 2406; x_wconf 90' lang='lat' dir='ltr'><strong>quo</strong></span> <span class='ocrx_word' id='word_1_357' title='bbox 1418 2364 1475 2396; x_wconf 75' lang='lat' dir='ltr'><strong>hie</strong></span> 
     </span>
     <span class='ocr_line' id='line_1_47' title="bbox 187 2405 1476 2452; baseline 0.005 -17"><span class='ocrx_word' id='word_1_358' title='bbox 187 2406 290 2436; x_wconf 77' lang='lat' dir='ltr'><strong>sermo</strong></span> <span class='ocrx_word' id='word_1_359' title='bbox 318 2405 365 2442; x_wconf 80' lang='lat' dir='ltr'><strong>sit,</strong></span> <span class='ocrx_word' id='word_1_360' title='bbox 388 2407 465 2437; x_wconf 83' lang='lat' dir='ltr'><strong>mihi</strong></span> <span class='ocrx_word' id='word_1_361' title='bbox 482 2419 597 2448; x_wconf 82' lang='lat' dir='ltr'><strong>parum</strong></span> <span class='ocrx_word' id='word_1_362' title='bbox 612 2409 732 2448; x_wconf 81' lang='lat' dir='ltr'><strong>liquet3</strong></span> <span class='ocrx_word' id='word_1_363' title='bbox 756 2421 796 2440; x_wconf 79' lang='lat' dir='ltr'><strong>an</strong></span> <span class='ocrx_word' id='word_1_364' title='bbox 812 2409 852 2440; x_wconf 86' lang='lat' dir='ltr'><strong>de</strong></span> <span class='ocrx_word' id='word_1_365' title='bbox 867 2409 1073 2451; x_wconf 87' lang='lat' dir='ltr'><strong>imperatore,</strong></span> <span class='ocrx_word' id='word_1_366' title='bbox 1094 2409 1129 2440; x_wconf 89' lang='lat' dir='ltr'><strong>in</strong></span> <span class='ocrx_word' id='word_1_367' title='bbox 1145 2419 1271 2452; x_wconf 80' lang='lat' dir='ltr'><strong>genere,</strong></span> <span class='ocrx_word' id='word_1_368' title='bbox 1294 2410 1350 2451; x_wconf 90' lang='lat' dir='ltr'><strong>qui</strong></span> <span class='ocrx_word' id='word_1_369' title='bbox 1373 2410 1404 2441; x_wconf 87' lang='lat' dir='ltr'><strong>se</strong></span> <span class='ocrx_word' id='word_1_370' title='bbox 1419 2410 1476 2441; x_wconf 83' lang='lat' dir='ltr'><strong>de-</strong></span> 
     </span>
     <span class='ocr_line' id='line_1_48' title="bbox 186 2450 1476 2494; baseline 0.004 -14"><span class='ocrx_word' id='word_1_371' title='bbox 186 2450 291 2487; x_wconf 72' lang='lat' dir='ltr'><strong>vovit,</strong></span> <span class='ocrx_word' id='word_1_372' title='bbox 314 2461 355 2480; x_wconf 85' lang='lat' dir='ltr'><strong>an</strong></span> <span class='ocrx_word' id='word_1_373' title='bbox 377 2452 416 2481; x_wconf 88' lang='lat' dir='ltr'><strong>de</strong></span> <span class='ocrx_word' id='word_1_374' title='bbox 445 2450 501 2481; x_wconf 89' lang='lat' dir='ltr'><strong>illo</strong></span> <span class='ocrx_word' id='word_1_375' title='bbox 528 2452 583 2493; x_wconf 85' lang='lat' dir='ltr'><strong>qui</strong></span> <span class='ocrx_word' id='word_1_376' title='bbox 596 2454 702 2494; x_wconf 78' lang='lat' dir='ltr'><strong>postca</strong></span> <span class='ocrx_word' id='word_1_377' title='bbox 718 2464 784 2484; x_wconf 85' lang='lat' dir='ltr'><strong>non</strong></span> <span class='ocrx_word' id='word_1_378' title='bbox 800 2462 948 2485; x_wconf 82' lang='lat' dir='ltr'><strong>mortuus</strong></span> <span class='ocrx_word' id='word_1_379' title='bbox 964 2454 1014 2485; x_wconf 90' lang='lat' dir='ltr'><strong>est.</strong></span> <span class='ocrx_word' id='word_1_380' title='bbox 1058 2453 1154 2485; x_wconf 87' lang='lat' dir='ltr'><strong>Prius</strong></span> <span class='ocrx_word' id='word_1_381' title='bbox 1170 2454 1278 2486; x_wconf 86' lang='lat' dir='ltr'><strong>verius</strong></span> <span class='ocrx_word' id='word_1_382' title='bbox 1291 2455 1351 2485; x_wconf 83' lang='lat' dir='ltr'><strong>effe</strong></span> <span class='ocrx_word' id='word_1_383' title='bbox 1374 2454 1476 2485; x_wconf 57' lang='lat' dir='ltr'><strong>existis</strong></span> 
     </span>
     <span class='ocr_line' id='line_1_49' title="bbox 187 2495 1478 2541; baseline 0.004 -17"><span class='ocrx_word' id='word_1_384' title='bbox 187 2504 259 2525; x_wconf 86' lang='lat' dir='ltr'><strong>mo:</strong></span> <span class='ocrx_word' id='word_1_385' title='bbox 284 2495 316 2524; x_wconf 61' lang='grc' dir='ltr'><strong>ὃς</strong></span> <span class='ocrx_word' id='word_1_386' title='bbox 332 2495 460 2526; x_wconf 82' lang='lat' dir='ltr'><strong>mallem</strong></span> <span class='ocrx_word' id='word_1_387' title='bbox 485 2507 579 2528; x_wconf 84' lang='lat' dir='ltr'><strong>voces</strong></span> <span class='ocrx_word' id='word_1_388' title='bbox 594 2501 641 2538; x_wconf 79' lang='lat' dir='ltr'><strong>qui</strong></span> <span class='ocrx_word' id='word_1_389' title='bbox 649 2500 708 2538; x_wconf 63' lang='lat' dir='ltr'><strong>fis}</strong></span> <span class='ocrx_word' id='word_1_390' title='bbox 730 2501 871 2529; x_wconf 71' lang='lat' dir='ltr'><strong>devoverit</strong></span> <span class='ocrx_word' id='word_1_391' title='bbox 888 2510 961 2529; x_wconf 90' lang='lat' dir='ltr'><strong>cum</strong></span> <span class='ocrx_word' id='word_1_392' title='bbox 977 2499 1182 2540; x_wconf 84' lang='lat' dir='ltr'><strong>sequentibus</strong></span> <span class='ocrx_word' id='word_1_393' title='bbox 1197 2500 1341 2541; x_wconf 82' lang='lat' dir='ltr'><strong>jungere,</strong></span> <span class='ocrx_word' id='word_1_394' title='bbox 1365 2509 1478 2539; x_wconf 86' lang='lat' dir='ltr'><strong>quem-</strong></span> 
     </span>
     <span class='ocr_line' id='line_1_50' title="bbox 185 2539 1480 2585; baseline 0.005 -16"><span class='ocrx_word' id='word_1_395' title='bbox 185 2539 363 2570; x_wconf 81' lang='lat' dir='ltr'><strong>admodum</strong></span> <span class='ocrx_word' id='word_1_396' title='bbox 380 2541 573 2582; x_wconf 81' lang='lat' dir='ltr'><strong>exemplaria</strong></span> <span class='ocrx_word' id='word_1_397' title='bbox 589 2544 736 2582; x_wconf 86' lang='lat' dir='ltr'><strong>quaedam</strong></span> <span class='ocrx_word' id='word_1_398' title='bbox 752 2544 860 2574; x_wconf 87' lang='lat' dir='ltr'><strong>locum</strong></span> <span class='ocrx_word' id='word_1_399' title='bbox 875 2543 1081 2585; x_wconf 87' lang='lat' dir='ltr'><strong>distinguunt.</strong></span> <span class='ocrx_word' id='word_1_400' title='bbox 1127 2545 1210 2575; x_wconf 87' lang='lat' dir='ltr'><strong>Eum</strong></span> <span class='ocrx_word' id='word_1_401' title='bbox 1232 2543 1287 2584; x_wconf 90' lang='lat' dir='ltr'><strong>qui</strong></span> <span class='ocrx_word' id='word_1_402' title='bbox 1301 2543 1362 2575; x_wconf 86' lang='lat' dir='ltr'><strong>sese</strong></span> <span class='ocrx_word' id='word_1_403' title='bbox 1379 2544 1480 2575; x_wconf 77' lang='lat' dir='ltr'><strong>devo-</strong></span> 
     </span>
     <span class='ocr_line' id='line_1_51' title="bbox 184 2583 1480 2630; baseline 0.003 -16"><span class='ocrx_word' id='word_1_404' title='bbox 184 2584 329 2624; x_wconf 84' lang='lat' dir='ltr'><strong>veritjus</strong></span> <span class='ocrx_word' id='word_1_405' title='bbox 342 2583 384 2615; x_wconf 83' lang='lat' dir='ltr'><strong>est</strong></span> <span class='ocrx_word' id='word_1_406' title='bbox 396 2595 515 2617; x_wconf 86' lang='lat' dir='ltr'><strong>vovere</strong></span> <span class='ocrx_word' id='word_1_407' title='bbox 526 2597 614 2617; x_wconf 77' lang='lat' dir='ltr'><strong>arma</strong></span> <span class='ocrx_word' id='word_1_408' title='bbox 626 2587 786 2624; x_wconf 82' lang='lat' dir='ltr'><strong>Vulcano,</strong></span> <span class='ocrx_word' id='word_1_409' title='bbox 809 2586 871 2618; x_wconf 85' lang='lat' dir='ltr'><strong>five</strong></span> <span class='ocrx_word' id='word_1_410' title='bbox 889 2588 940 2618; x_wconf 86' lang='lat' dir='ltr'><strong>cui</strong></span> <span class='ocrx_word' id='word_1_411' title='bbox 957 2587 1013 2618; x_wconf 86' lang='lat' dir='ltr'><strong>alii</strong></span> <span class='ocrx_word' id='word_1_412' title='bbox 1029 2587 1117 2619; x_wconf 80' lang='lat' dir='ltr'><strong>Divo</strong></span> <span class='ocrx_word' id='word_1_413' title='bbox 1132 2588 1230 2620; x_wconf 77' lang='lat' dir='ltr'><strong>volet.</strong></span> <span class='ocrx_word' id='word_1_414' title='bbox 1248 2587 1301 2630; x_wconf 85' lang='lat' dir='ltr'><strong>E.]</strong></span> <span class='ocrx_word' id='word_1_415' title='bbox 1339 2589 1394 2630; x_wconf 90' lang='lat'><strong>(9)</strong></span> <span class='ocrx_word' id='word_1_416' title='bbox 1406 2591 1480 2619; x_wconf 76' lang='lat' dir='ltr'><strong>Me-</strong></span> 
     </span>
     <span class='ocr_line' id='line_1_52' title="bbox 185 2630 1481 2674; baseline 0.005 -17"><span class='ocrx_word' id='word_1_417' title='bbox 185 2632 274 2658; x_wconf 74' lang='lat' dir='ltr'><strong>moria</strong></span> <span class='ocrx_word' id='word_1_418' title='bbox 293 2632 333 2659; x_wconf 67' lang='lat' dir='ltr'><strong>rei</strong></span> <span class='ocrx_word' id='word_1_419' title='bbox 348 2630 492 2670; x_wconf 78' lang='lat' dir='ltr'><strong>abolescere</strong></span> <span class='ocrx_word' id='word_1_420' title='bbox 515 2630 635 2662; x_wconf 82' lang='lat' dir='ltr'><strong>dicitnr</strong></span> <span class='ocrx_word' id='word_1_421' title='bbox 651 2632 851 2669; x_wconf 69' lang='lat' dir='ltr'><strong>neutraliter,</strong></span> <span class='ocrx_word' id='word_1_422' title='bbox 874 2643 935 2673; x_wconf 80' lang='lat' dir='ltr'><strong>pro</strong></span> <span class='ocrx_word' id='word_1_423' title='bbox 960 2632 1079 2664; x_wconf 80' lang='lat' dir='ltr'><strong>abolita</strong></span> <span class='ocrx_word' id='word_1_424' title='bbox 1096 2633 1159 2671; x_wconf 80' lang='lat' dir='ltr'><strong>est3</strong></span> <span class='ocrx_word' id='word_1_425' title='bbox 1182 2633 1392 2674; x_wconf 77' lang='lat' dir='ltr'><strong>plurimisque</strong></span> <span class='ocrx_word' id='word_1_426' title='bbox 1409 2633 1481 2664; x_wconf 68' lang='lat' dir='ltr'><strong>aliis</strong></span> 
     </span>
     <span class='ocr_line' id='line_1_53' title="bbox 185 2673 1480 2748; baseline 0.004 -45"><span class='ocrx_word' id='word_1_427' title='bbox 185 2673 295 2748; x_wconf 78' lang='lat' dir='ltr'><strong>verb6is</strong></span> <span class='ocrx_word' id='word_1_428' title='bbox 320 2673 434 2705; x_wconf 85' lang='lat' dir='ltr'><strong>Livius</strong></span> <span class='ocrx_word' id='word_1_429' title='bbox 460 2674 603 2708; x_wconf 79' lang='lat' dir='ltr'><strong>similiter</strong></span> <span class='ocrx_word' id='word_1_430' title='bbox 628 2676 741 2708; x_wconf 79' lang='lat' dir='ltr'><strong>utitur.</strong></span> <span class='ocrx_word' id='word_1_431' title='bbox 789 2677 838 2708; x_wconf 53' lang='lat' dir='ltr'><strong>sic</strong></span> <span class='ocrx_word' id='word_1_432' title='bbox 855 2677 952 2709; x_wconf 78' lang='lat' dir='ltr'><strong>etiam</strong></span> <span class='ocrx_word' id='word_1_433' title='bbox 967 2678 1065 2720; x_wconf 68' lang='lat' dir='ltr'><strong>supi-5.</strong></span> <span class='ocrx_word' id='word_1_434' title='bbox 1089 2677 1110 2711; x_wconf 84' lang='grc'><strong>1.</strong></span> <span class='ocrx_word' id='word_1_435' title='bbox 1127 2687 1156 2719; x_wconf 90' lang='lat'><strong>3.</strong></span> <span class='ocrx_word' id='word_1_436' title='bbox 1172 2689 1198 2710; x_wconf 85' lang='lat' dir='ltr'><strong>c.</strong></span> <span class='ocrx_word' id='word_1_437' title='bbox 1215 2688 1272 2718; x_wconf 82' lang='lat'><strong>35.</strong></span> <span class='ocrx_word' id='word_1_438' title='bbox 1297 2677 1385 2709; x_wconf 62' lang='lat' dir='ltr'><strong>infra</strong></span> <span class='ocrx_word' id='word_1_439' title='bbox 1406 2679 1430 2709; x_wconf 91' lang='lat' dir='ltr'><strong>l.</strong></span> <span class='ocrx_word' id='word_1_440' title='bbox 1449 2687 1480 2718; x_wconf 71' lang='lat'><strong>9⁰</strong></span> 
     </span>
     <span class='ocr_line' id='line_1_54' title="bbox 191 2727 486 2757; baseline 0.014 -9"><span class='ocrx_word' id='word_1_441' title='bbox 191 2728 217 2749; x_wconf 85' lang='lat' dir='ltr'><strong>c.</strong></span> <span class='ocrx_word' id='word_1_442' title='bbox 236 2727 252 2757; x_wconf 87' lang='lat'>3</span> <span class='ocrx_word' id='word_1_443' title='bbox 280 2740 288 2748; x_wconf 86' lang='lat'><em>.</em></span> <span class='ocrx_word' id='word_1_444' title='bbox 484 2749 486 2752; x_wconf 80' lang='grc'>,</span> 
     </span>
    </p>

    <p class='ocr_par' dir='ltr' id='par_1_12' title="bbox 247 2761 1481 2806">
     <span class='ocr_line' id='line_1_55' title="bbox 247 2761 1481 2806; baseline 0 -3"><span class='ocrx_word' id='word_1_445' title='bbox 247 2761 366 2803; x_wconf 84' lang='grc' dir='ltr'>ΤοΜ.</span> <span class='ocrx_word' id='word_1_446' title='bbox 398 2761 451 2802; x_wconf 81' lang='grc' dir='ltr'><strong>ΙΙ.</strong></span> <span class='ocrx_word' id='word_1_447' title='bbox 730 2782 732 2789; x_wconf 93' lang='grc'><em>·</em></span> <span class='ocrx_word' id='word_1_448' title='bbox 856 2763 892 2805; x_wconf 86' lang='lat' dir='ltr'>L</span> <span class='ocrx_word' id='word_1_449' title='bbox 1220 2764 1481 2806; x_wconf 77' lang='lat' dir='ltr'><strong>deliberando</strong></span> 
     </span>
    </p>
   </div>
  </div>
 </body>
</html>
