<?xml version="1.0" encoding="UTF-8"?>
<!DOCTYPE html PUBLIC "-//W3C//DTD XHTML 1.0 Transitional//EN"
    "http://www.w3.org/TR/xhtml1/DTD/xhtml1-transitional.dtd">
<html xmlns="http://www.w3.org/1999/xhtml" xml:lang="en" lang="en">
 <head>
  <title>
</title>
<meta http-equiv="Content-Type" content="text/html;charset=utf-8" />
  <meta name='ocr-system' content='tesseract 3.04.00' />
  <meta name='ocr-capabilities' content='ocr_page ocr_carea ocr_par ocr_line ocrx_word'/>
</head>
<body>
  <div class='ocr_page' id='page_1' title='image "./historiaeromanae01livyuoft_0398.png"; bbox 0 0 1853 3158; ppageno 0'>
   <div class='ocr_carea' id='block_1_1' title="bbox 151 232 1207 302">
    <p class='ocr_par' dir='ltr' id='par_1_1' title="bbox 151 232 1207 302">
     <span class='ocr_line' id='line_1_1' title="bbox 151 232 1207 302; baseline 0.002 -22"><span class='ocrx_word' id='word_1_1' title='bbox 151 262 234 302; x_wconf 65' lang='lat'>370</span> <span class='ocrx_word' id='word_1_2' title='bbox 835 241 885 282; x_wconf 73' lang='lat' dir='ltr'>T.</span> <span class='ocrx_word' id='word_1_3' title='bbox 947 232 1207 284; x_wconf 75' lang='lat' dir='ltr'>L1v1&#39;1</span> 
     </span>
    </p>
   </div>
   <div class='ocr_carea' id='block_1_2' title="bbox 156 350 1704 2011">
    <p class='ocr_par' dir='ltr' id='par_1_2' title="bbox 376 350 1687 756">
     <span class='ocr_line' id='line_1_2' title="bbox 435 350 1681 410; baseline 0 -13"><span class='ocrx_word' id='word_1_4' title='bbox 435 354 573 397; x_wconf 87' lang='lat' dir='ltr'><strong>XXII.</strong></span> <span class='ocrx_word' id='word_1_5' title='bbox 607 355 770 397; x_wconf 85' lang='lat' dir='ltr'>Postero</span> <span class='ocrx_word' id='word_1_6' title='bbox 795 355 860 397; x_wconf 89' lang='lat' dir='ltr'>die</span> <span class='ocrx_word' id='word_1_7' title='bbox 882 355 1005 396; x_wconf 85' lang='lat' dir='ltr'>libera</span> <span class='ocrx_word' id='word_1_8' title='bbox 1032 370 1203 410; x_wconf 88' lang='lat' dir='ltr'>corpora</span> <span class='ocrx_word' id='word_1_9' title='bbox 1234 354 1410 396; x_wconf 59' lang='lat' dir='ltr'>dietator</span> <span class='ocrx_word' id='word_1_10' title='bbox 1439 353 1511 394; x_wconf 86' lang='lat' dir='ltr'>sub</span> <span class='ocrx_word' id='word_1_11' title='bbox 1532 350 1681 396; x_wconf 48' lang='lat' dir='ltr'>coron&amp;</span> 
     </span>
     <span class='ocr_line' id='line_1_3' title="bbox 376 411 1682 468; baseline -0.001 -14"><span class='ocrx_word' id='word_1_12' title='bbox 376 414 568 454; x_wconf 86' lang='lat' dir='ltr'>vendidit.</span> <span class='ocrx_word' id='word_1_13' title='bbox 591 427 637 453; x_wconf 86' lang='lat' dir='ltr'>ea</span> <span class='ocrx_word' id='word_1_14' title='bbox 659 413 739 453; x_wconf 89' lang='lat' dir='ltr'>sola</span> <span class='ocrx_word' id='word_1_15' title='bbox 760 415 931 468; x_wconf 84' lang='lat' dir='ltr'>pecunia</span> <span class='ocrx_word' id='word_1_16' title='bbox 953 414 994 453; x_wconf 91' lang='lat' dir='ltr'>in</span> <span class='ocrx_word' id='word_1_17' title='bbox 1015 414 1224 468; x_wconf 89' lang='lat' dir='ltr'>publicum</span> <span class='ocrx_word' id='word_1_18' title='bbox 1246 412 1457 468; x_wconf 87' lang='lat' dir='ltr'>redigitur,</span> <span class='ocrx_word' id='word_1_19' title='bbox 1475 411 1585 451; x_wconf 91' lang='lat' dir='ltr'>haud</span> <span class='ocrx_word' id='word_1_20' title='bbox 1602 413 1682 453; x_wconf 87' lang='lat' dir='ltr'>fine</span> 
     </span>
     <span class='ocr_line' id='line_1_4' title="bbox 376 469 1683 526; baseline -0.003 -14"><span class='ocrx_word' id='word_1_21' title='bbox 376 470 434 512; x_wconf 67' lang='lat' dir='ltr'>ira</span> <span class='ocrx_word' id='word_1_22' title='bbox 455 471 595 525; x_wconf 85' lang='lat' dir='ltr'>plebis.</span> <span class='ocrx_word' id='word_1_23' title='bbox 622 473 659 511; x_wconf 67' lang='lat'>3&lt;</span> <span class='ocrx_word' id='word_1_24' title='bbox 685 473 747 525; x_wconf 91' lang='lat'>(1)</span> <span class='ocrx_word' id='word_1_25' title='bbox 770 472 893 526; x_wconf 77' lang='lat' dir='ltr'>quod&#39;</span> <span class='ocrx_word' id='word_1_26' title='bbox 915 473 1087 511; x_wconf 81' lang='lat' dir='ltr'>retulere</span> <span class='ocrx_word' id='word_1_27' title='bbox 1110 471 1246 511; x_wconf 90' lang='lat' dir='ltr'>secum</span> <span class='ocrx_word' id='word_1_28' title='bbox 1268 470 1432 525; x_wconf 83' lang='lat' dir='ltr'>praedae,</span> <span class='ocrx_word' id='word_1_29' title='bbox 1460 482 1535 510; x_wconf 91' lang='lat' dir='ltr'>nec</span> <span class='ocrx_word' id='word_1_30' title='bbox 1572 469 1683 518; x_wconf 85' lang='lat' dir='ltr'>duci,</span> 
     </span>
     <span class='ocr_line' id='line_1_5' title="bbox 377 526 1683 583; baseline -0.002 -16"><span class='ocrx_word' id='word_1_31' title='bbox 377 529 448 581; x_wconf 92' lang='lat' dir='ltr'>qui</span> <span class='ocrx_word' id='word_1_32' title='bbox 469 529 519 568; x_wconf 88' lang='lat' dir='ltr'>ad</span> <span class='ocrx_word' id='word_1_33' title='bbox 542 528 740 576; x_wconf 86' lang='lat' dir='ltr'>senatum,</span> <span class='ocrx_word' id='word_1_34' title='bbox 772 529 1034 583; x_wconf 84' lang='lat' dir='ltr'>malignitatis</span> <span class='ocrx_word' id='word_1_35' title='bbox 1049 529 1236 569; x_wconf 62' lang='lat' dir='ltr'>auctores</span> <span class='ocrx_word' id='word_1_36' title='bbox 1258 526 1495 581; x_wconf 84' lang='lat' dir='ltr'>quaerend0‚</span> <span class='ocrx_word' id='word_1_37' title='bbox 1517 539 1603 565; x_wconf 90' lang='lat' dir='ltr'>rem</span> <span class='ocrx_word' id='word_1_38' title='bbox 1621 540 1683 565; x_wconf 89' lang='lat' dir='ltr'>ar-</span> 
     </span>
     <span class='ocr_line' id='line_1_6' title="bbox 377 583 1685 640; baseline -0.004 -14"><span class='ocrx_word' id='word_1_39' title='bbox 377 585 486 626; x_wconf 92' lang='lat' dir='ltr'>bitrii</span> <span class='ocrx_word' id='word_1_40' title='bbox 508 585 565 625; x_wconf 87' lang='lat' dir='ltr'>sui</span> <span class='ocrx_word' id='word_1_41' title='bbox 594 586 817 640; x_wconf 75' lang='lat' dir='ltr'>rejeciffet3</span> <span class='ocrx_word' id='word_1_42' title='bbox 849 600 923 626; x_wconf 88' lang='lat' dir='ltr'>nec</span> <span class='ocrx_word' id='word_1_43' title='bbox 946 586 1115 638; x_wconf 86' lang='lat' dir='ltr'>senatui,</span> <span class='ocrx_word' id='word_1_44' title='bbox 1145 586 1211 626; x_wconf 90' lang='lat' dir='ltr'>sed</span> <span class='ocrx_word' id='word_1_45' title='bbox 1234 585 1402 626; x_wconf 88' lang='lat' dir='ltr'>Liciniae</span> <span class='ocrx_word' id='word_1_46' title='bbox 1424 583 1604 631; x_wconf 59' lang='lat' dir='ltr'>familiae,</span> <span class='ocrx_word' id='word_1_47' title='bbox 1635 595 1685 622; x_wconf 84' lang='lat' dir='ltr'>ex</span> 
     </span>
     <span class='ocr_line' id='line_1_7' title="bbox 380 639 1687 697; baseline -0.003 -15"><span class='ocrx_word' id='word_1_48' title='bbox 380 642 460 696; x_wconf 68' lang='lat' dir='ltr'>qua</span> <span class='ocrx_word' id='word_1_49' title='bbox 490 642 596 682; x_wconf 82' lang='lat' dir='ltr'>filius</span> <span class='ocrx_word' id='word_1_50' title='bbox 618 644 667 682; x_wconf 85' lang='lat' dir='ltr'>ad</span> <span class='ocrx_word' id='word_1_51' title='bbox 691 643 871 682; x_wconf 82' lang='lat' dir='ltr'>senatum</span> <span class='ocrx_word' id='word_1_52' title='bbox 892 644 1096 691; x_wconf 72' lang='lat' dir='ltr'>retuliss&#39;et,</span> <span class='ocrx_word' id='word_1_53' title='bbox 1129 653 1242 697; x_wconf 81' lang='lat' dir='ltr'>pater</span> <span class='ocrx_word' id='word_1_54' title='bbox 1263 652 1346 682; x_wconf 86' lang='lat' dir='ltr'>tam</span> <span class='ocrx_word' id='word_1_55' title='bbox 1379 639 1583 696; x_wconf 86' lang='lat' dir='ltr'>popularis</span> <span class='ocrx_word' id='word_1_56' title='bbox 1600 639 1687 679; x_wconf 87' lang='lat' dir='ltr'>sen-</span> 
     </span>
     <span class='ocr_line' id='line_1_8' title="bbox 379 697 1686 756; baseline -0.002 -18"><span class='ocrx_word' id='word_1_57' title='bbox 379 700 518 739; x_wconf 70' lang='lat' dir='ltr'>tentiae</span> <span class='ocrx_word' id='word_1_58' title='bbox 548 699 691 740; x_wconf 56' lang='lat' dir='ltr'>miror</span> <span class='ocrx_word' id='word_1_59' title='bbox 723 700 870 749; x_wconf 81' lang='lat' dir='ltr'>fuisset,</span> <span class='ocrx_word' id='word_1_60' title='bbox 902 712 1114 754; x_wconf 87' lang='lat' dir='ltr'>acceptum</span> <span class='ocrx_word' id='word_1_61' title='bbox 1136 700 1375 740; x_wconf 84' lang='lat' dir='ltr'>referebant.</span> <span class='ocrx_word' id='word_1_62' title='bbox 1438 699 1582 756; x_wconf 85' lang='lat' dir='ltr'>Qum</span> <span class='ocrx_word' id='word_1_63' title='bbox 1599 697 1686 751; x_wconf 86' lang='lat' dir='ltr'>jam</span> 
     </span>
    </p>

    <p class='ocr_par' dir='ltr' id='par_1_3' title="bbox 157 752 1687 825">
     <span class='ocr_line' id='line_1_9' title="bbox 157 752 1687 825; baseline -0.003 -28"><span class='ocrx_word' id='word_1_64' title='bbox 157 784 213 816; x_wconf 78' lang='lat' dir='ltr'>Dii</span> <span class='ocrx_word' id='word_1_65' title='bbox 228 782 363 825; x_wconf 36' lang='lat' dir='ltr'>Vel-isab-</span> <span class='ocrx_word' id='word_1_66' title='bbox 380 756 570 797; x_wconf 82' lang='lat' dir='ltr'>humanae</span> <span class='ocrx_word' id='word_1_67' title='bbox 585 772 681 811; x_wconf 90' lang='lat' dir='ltr'>opes</span> <span class='ocrx_word' id='word_1_68' title='bbox 697 758 839 812; x_wconf 81' lang='lat' dir='ltr'>egestae</span> <span class='ocrx_word' id='word_1_69' title='bbox 862 761 924 812; x_wconf 86' lang='lat'>(2)</span> <span class='ocrx_word' id='word_1_70' title='bbox 943 774 964 797; x_wconf 87' lang='lat' dir='ltr'>a</span> <span class='ocrx_word' id='word_1_71' title='bbox 977 759 1094 812; x_wconf 82' lang='lat' dir='ltr'>Vejis</span> <span class='ocrx_word' id='word_1_72' title='bbox 1108 759 1245 807; x_wconf 81' lang='lat' dir='ltr'>effent,</span> <span class='ocrx_word' id='word_1_73' title='bbox 1266 756 1423 796; x_wconf 73' lang='lat' dir='ltr'>amoliri</span> <span class='ocrx_word' id='word_1_74' title='bbox 1439 764 1528 794; x_wconf 87' lang='lat' dir='ltr'>tum</span> <span class='ocrx_word' id='word_1_75' title='bbox 1544 752 1687 794; x_wconf 67' lang='lat' dir='ltr'>Deum</span> 
     </span>
    </p>

    <p class='ocr_par' dir='ltr' id='par_1_4' title="bbox 156 811 1704 2011">
     <span class='ocr_line' id='line_1_10' title="bbox 156 811 1689 869; baseline -0.007 -10"><span class='ocrx_word' id='word_1_76' title='bbox 156 831 220 859; x_wconf 71' lang='lat' dir='ltr'><em>tati.</em></span> <span class='ocrx_word' id='word_1_77' title='bbox 381 815 488 855; x_wconf 85' lang='lat' dir='ltr'>dona</span> <span class='ocrx_word' id='word_1_78' title='bbox 510 814 692 869; x_wconf 89' lang='lat' dir='ltr'>ipsosque</span> <span class='ocrx_word' id='word_1_79' title='bbox 713 816 841 864; x_wconf 90' lang='lat' dir='ltr'>Deos,</span> <span class='ocrx_word' id='word_1_80' title='bbox 873 815 940 855; x_wconf 84' lang='lat' dir='ltr'>sed</span> <span class='ocrx_word' id='word_1_81' title='bbox 957 816 1178 855; x_wconf 88' lang='lat' dir='ltr'>colentium</span> <span class='ocrx_word' id='word_1_82' title='bbox 1209 814 1355 868; x_wconf 76' lang='lat' dir='ltr'>magis,</span> <span class='ocrx_word' id='word_1_83' title='bbox 1386 811 1509 866; x_wconf 69' lang='lat' dir='ltr'>quam</span> <span class='ocrx_word' id='word_1_84' title='bbox 1531 811 1689 865; x_wconf 86' lang='lat' dir='ltr'>rapien-</span> 
     </span>
     <span class='ocr_line' id='line_1_11' title="bbox 381 867 1691 927; baseline -0.003 -16"><span class='ocrx_word' id='word_1_85' title='bbox 381 872 502 921; x_wconf 85' lang='lat' dir='ltr'>tium,</span> <span class='ocrx_word' id='word_1_86' title='bbox 534 873 672 922; x_wconf 88' lang='lat' dir='ltr'>modo,</span> <span class='ocrx_word' id='word_1_87' title='bbox 705 887 879 927; x_wconf 88' lang='lat' dir='ltr'>coepere.</span> <span class='ocrx_word' id='word_1_88' title='bbox 925 886 1100 926; x_wconf 81' lang='lat' dir='ltr'>namque</span> <span class='ocrx_word' id='word_1_89' title='bbox 1118 872 1265 912; x_wconf 61' lang='lat' dir='ltr'>delecti</span> <span class='ocrx_word' id='word_1_90' title='bbox 1296 885 1345 910; x_wconf 88' lang='lat' dir='ltr'>ex</span> <span class='ocrx_word' id='word_1_91' title='bbox 1367 869 1479 909; x_wconf 88' lang='lat' dir='ltr'>omni</span> <span class='ocrx_word' id='word_1_92' title='bbox 1509 867 1691 909; x_wconf 85' lang='lat' dir='ltr'>exercitu</span> 
     </span>
     <span class='ocr_line' id='line_1_12' title="bbox 377 924 1694 985; baseline -0.004 -16"><span class='ocrx_word' id='word_1_93' title='bbox 377 931 565 985; x_wconf 87' lang='lat' dir='ltr'>juvenes,</span> <span class='ocrx_word' id='word_1_94' title='bbox 596 929 696 983; x_wconf 75' lang='lat' dir='ltr'>pure</span> <span class='ocrx_word' id='word_1_95' title='bbox 732 930 850 969; x_wconf 83' lang='lat' dir='ltr'>lautis</span> <span class='ocrx_word' id='word_1_96' title='bbox 892 930 1142 983; x_wconf 83' lang='lat' dir='ltr'>corporibus,</span> <span class='ocrx_word' id='word_1_97' title='bbox 1174 929 1345 969; x_wconf 72' lang='lat' dir='ltr'>candida</span> <span class='ocrx_word' id='word_1_98' title='bbox 1378 926 1503 977; x_wconf 88' lang='lat' dir='ltr'>veste,</span> <span class='ocrx_word' id='word_1_99' title='bbox 1543 924 1694 979; x_wconf 82' lang='lat' dir='ltr'>quibus</span> 
     </span>
     <span class='ocr_line' id='line_1_13' title="bbox 383 986 1696 1041; baseline -0.004 -15"><span class='ocrx_word' id='word_1_100' title='bbox 383 987 633 1040; x_wconf 87' lang='lat' dir='ltr'>deportanda</span> <span class='ocrx_word' id='word_1_101' title='bbox 668 987 848 1027; x_wconf 83' lang='lat' dir='ltr'>Romam</span> <span class='ocrx_word' id='word_1_102' title='bbox 875 987 1036 1041; x_wconf 82' lang='lat' dir='ltr'>Regina</span> <span class='ocrx_word' id='word_1_103' title='bbox 1057 988 1167 1040; x_wconf 90' lang='lat' dir='ltr'>Juno</span> <span class='ocrx_word' id='word_1_104' title='bbox 1189 986 1376 1040; x_wconf 83' lang='lat' dir='ltr'>assignata</span> <span class='ocrx_word' id='word_1_105' title='bbox 1397 993 1498 1033; x_wconf 82' lang='lat' dir='ltr'>erat,</span> <span class='ocrx_word' id='word_1_106' title='bbox 1528 995 1696 1022; x_wconf 86' lang='lat' dir='ltr'>venera-</span> 
     </span>
     <span class='ocr_line' id='line_1_14' title="bbox 383 1043 1692 1097; baseline -0.004 -14"><span class='ocrx_word' id='word_1_107' title='bbox 383 1044 510 1084; x_wconf 90' lang='lat' dir='ltr'>bundi</span> <span class='ocrx_word' id='word_1_108' title='bbox 524 1044 723 1096; x_wconf 80' lang='lat' dir='ltr'>templum</span> <span class='ocrx_word' id='word_1_109' title='bbox 738 1044 877 1092; x_wconf 90' lang='lat' dir='ltr'>iniere,</span> <span class='ocrx_word' id='word_1_110' title='bbox 895 1043 1029 1096; x_wconf 75' lang='lat' dir='ltr'>primo</span> <span class='ocrx_word' id='word_1_111' title='bbox 1043 1043 1226 1097; x_wconf 75' lang='lat' dir='ltr'>religiose</span> <span class='ocrx_word' id='word_1_112' title='bbox 1245 1044 1504 1082; x_wconf 82' lang='lat' dir='ltr'>admoventes</span> <span class='ocrx_word' id='word_1_113' title='bbox 1522 1053 1666 1079; x_wconf 85' lang='lat' dir='ltr'>manus</span> <span class='ocrx_word' id='word_1_114' title='bbox 1683 1054 1692 1079; x_wconf 74' lang='grc' dir='ltr'>ε</span> 
     </span>
     <span class='ocr_line' id='line_1_15' title="bbox 385 1096 1696 1154; baseline -0.003 -15"><span class='ocrx_word' id='word_1_115' title='bbox 385 1099 498 1153; x_wconf 76' lang='lat' dir='ltr'>quod</span> <span class='ocrx_word' id='word_1_116' title='bbox 521 1101 561 1139; x_wconf 92' lang='lat' dir='ltr'>id</span> <span class='ocrx_word' id='word_1_117' title='bbox 584 1103 645 1152; x_wconf 81' lang='lat'>(3)</span> <span class='ocrx_word' id='word_1_118' title='bbox 669 1101 824 1154; x_wconf 82' lang='lat' dir='ltr'>{ignum</span> <span class='ocrx_word' id='word_1_119' title='bbox 838 1113 950 1139; x_wconf 90' lang='lat' dir='ltr'>more</span> <span class='ocrx_word' id='word_1_120' title='bbox 972 1100 1159 1150; x_wconf 87' lang='lat' dir='ltr'>Etrusco,</span> <span class='ocrx_word' id='word_1_121' title='bbox 1190 1099 1261 1138; x_wconf 87' lang='lat' dir='ltr'>nifi</span> <span class='ocrx_word' id='word_1_122' title='bbox 1278 1109 1397 1139; x_wconf 84' lang='lat' dir='ltr'>certae</span> <span class='ocrx_word' id='word_1_123' title='bbox 1419 1097 1550 1151; x_wconf 87' lang='lat' dir='ltr'>gentis</span> <span class='ocrx_word' id='word_1_124' title='bbox 1567 1096 1696 1136; x_wconf 87' lang='lat' dir='ltr'>sacer-</span> 
     </span>
     <span class='ocr_line' id='line_1_16' title="bbox 386 1153 1696 1208; baseline -0.003 -12"><span class='ocrx_word' id='word_1_125' title='bbox 386 1160 475 1206; x_wconf 78' lang='lat' dir='ltr'>dos,</span> <span class='ocrx_word' id='word_1_126' title='bbox 507 1156 721 1196; x_wconf 63' lang='lat' dir='ltr'>attreetare</span> <span class='ocrx_word' id='word_1_127' title='bbox 753 1170 836 1195; x_wconf 92' lang='lat' dir='ltr'>non</span> <span class='ocrx_word' id='word_1_128' title='bbox 858 1157 952 1196; x_wconf 66' lang='lat' dir='ltr'>eflet</span> <span class='ocrx_word' id='word_1_129' title='bbox 974 1157 1124 1196; x_wconf 81' lang='lat' dir='ltr'>solitus.</span> <span class='ocrx_word' id='word_1_130' title='bbox 1147 1157 1241 1195; x_wconf 91' lang='lat' dir='ltr'>dein</span> <span class='ocrx_word' id='word_1_131' title='bbox 1263 1168 1392 1208; x_wconf 89' lang='lat' dir='ltr'>quum</span> <span class='ocrx_word' id='word_1_132' title='bbox 1415 1155 1595 1207; x_wconf 87' lang='lat' dir='ltr'>quidam,</span> <span class='ocrx_word' id='word_1_133' title='bbox 1624 1153 1696 1193; x_wconf 86' lang='lat' dir='ltr'>seu</span> 
     </span>
     <span class='ocr_line' id='line_1_17' title="bbox 386 1211 1696 1268; baseline -0.005 -14"><span class='ocrx_word' id='word_1_134' title='bbox 386 1214 526 1267; x_wconf 86' lang='lat' dir='ltr'>spiritu</span> <span class='ocrx_word' id='word_1_135' title='bbox 542 1213 679 1252; x_wconf 88' lang='lat' dir='ltr'>divino</span> <span class='ocrx_word' id='word_1_136' title='bbox 713 1213 862 1262; x_wconf 56' lang='lat' dir='ltr'>taetus,</span> <span class='ocrx_word' id='word_1_137' title='bbox 895 1213 963 1252; x_wconf 86' lang='lat' dir='ltr'>seu</span> <span class='ocrx_word' id='word_1_138' title='bbox 981 1213 1152 1268; x_wconf 84' lang='lat' dir='ltr'>juvenili</span> <span class='ocrx_word' id='word_1_139' title='bbox 1183 1213 1295 1267; x_wconf 87' lang='lat' dir='ltr'>joco,</span> <span class='ocrx_word' id='word_1_140' title='bbox 1330 1212 1369 1252; x_wconf 92' lang='lat' dir='ltr'><em>V</em></span> <span class='ocrx_word' id='word_1_141' title='bbox 1366 1212 1438 1266; x_wconf 62' lang='lat' dir='ltr'>{sne</span> <span class='ocrx_word' id='word_1_142' title='bbox 1458 1211 1619 1250; x_wconf 84' lang='lat' dir='ltr'><em>Romam</em></span> <span class='ocrx_word' id='word_1_143' title='bbox 1640 1211 1696 1249; x_wconf 80' lang='lat' dir='ltr'>ire</span> 
     </span>
     <span class='ocr_line' id='line_1_18' title="bbox 389 1269 1697 1328; baseline -0.003 -18"><span class='ocrx_word' id='word_1_144' title='bbox 389 1272 497 1328; x_wconf 78' lang='lat' dir='ltr'>Juno</span> <span class='ocrx_word' id='word_1_145' title='bbox 512 1274 532 1309; x_wconf 67' lang='grc' dir='ltr'><em>Ρ</em></span> <span class='ocrx_word' id='word_1_146' title='bbox 565 1270 735 1320; x_wconf 84' lang='lat' dir='ltr'>dixiffet,</span> <span class='ocrx_word' id='word_1_147' title='bbox 773 1270 950 1310; x_wconf 78' lang='lat' dir='ltr'>annuiss&#39;e</span> <span class='ocrx_word' id='word_1_148' title='bbox 987 1270 1110 1310; x_wconf 84' lang='lat' dir='ltr'>ceteri</span> <span class='ocrx_word' id='word_1_149' title='bbox 1150 1270 1284 1310; x_wconf 85' lang='lat' dir='ltr'>Deam</span> <span class='ocrx_word' id='word_1_150' title='bbox 1316 1269 1697 1309; x_wconf 85' lang='lat' dir='ltr'>conclamaverunt:</span> 
     </span>
     <span class='ocr_line' id='line_1_19' title="bbox 386 1324 1699 1382; baseline -0.004 -15"><span class='ocrx_word' id='word_1_151' title='bbox 386 1329 481 1368; x_wconf 88' lang='lat' dir='ltr'>inde</span> <span class='ocrx_word' id='word_1_152' title='bbox 503 1327 651 1367; x_wconf 78' lang='lat' dir='ltr'>fabulae</span> <span class='ocrx_word' id='word_1_153' title='bbox 679 1327 887 1382; x_wconf 62' lang='lat' dir='ltr'>adjectum</span> <span class='ocrx_word' id='word_1_154' title='bbox 909 1327 980 1377; x_wconf 88' lang='lat' dir='ltr'>est,</span> <span class='ocrx_word' id='word_1_155' title='bbox 1000 1341 1144 1368; x_wconf 88' lang='lat' dir='ltr'>vocem</span> <span class='ocrx_word' id='word_1_156' title='bbox 1166 1340 1329 1381; x_wconf 88' lang='lat' dir='ltr'>quoque</span> <span class='ocrx_word' id='word_1_157' title='bbox 1358 1324 1546 1374; x_wconf 86' lang='lat' dir='ltr'>dicentis,</span> <span class='ocrx_word' id='word_1_158' title='bbox 1581 1324 1699 1375; x_wconf 84' lang='lat' dir='ltr'>Velle,</span> 
     </span>
     <span class='ocr_line' id='line_1_20' title="bbox 387 1380 1699 1438; baseline -0.005 -13"><span class='ocrx_word' id='word_1_159' title='bbox 387 1385 582 1425; x_wconf 82' lang='lat' dir='ltr'>auditam.</span> <span class='ocrx_word' id='word_1_160' title='bbox 615 1394 769 1424; x_wconf 87' lang='lat' dir='ltr'>motam</span> <span class='ocrx_word' id='word_1_161' title='bbox 791 1383 898 1424; x_wconf 73' lang='lat' dir='ltr'>certe</span> <span class='ocrx_word' id='word_1_162' title='bbox 919 1385 1008 1424; x_wconf 91' lang='lat' dir='ltr'>sede</span> <span class='ocrx_word' id='word_1_163' title='bbox 1031 1384 1100 1424; x_wconf 67' lang='lat' dir='ltr'>sua</span> <span class='ocrx_word' id='word_1_164' title='bbox 1135 1385 1246 1438; x_wconf 86' lang='lat' dir='ltr'>parvi</span> <span class='ocrx_word' id='word_1_165' title='bbox 1277 1382 1504 1423; x_wconf 87' lang='lat' dir='ltr'>molimenti</span> <span class='ocrx_word' id='word_1_166' title='bbox 1525 1380 1699 1421; x_wconf 90' lang='lat' dir='ltr'>admini-</span> 
     </span>
     <span class='ocr_line' id='line_1_21' title="bbox 389 1437 1704 1496; baseline -0.005 -14"><span class='ocrx_word' id='word_1_167' title='bbox 389 1443 508 1492; x_wconf 85' lang='lat' dir='ltr'>culis,</span> <span class='ocrx_word' id='word_1_168' title='bbox 542 1445 602 1496; x_wconf 77' lang='lat'>(4)</span> <span class='ocrx_word' id='word_1_169' title='bbox 639 1443 841 1495; x_wconf 87' lang='lat' dir='ltr'>sequentis</span> <span class='ocrx_word' id='word_1_170' title='bbox 876 1443 1016 1494; x_wconf 85' lang='lat' dir='ltr'>modo,</span> <span class='ocrx_word' id='word_1_171' title='bbox 1038 1442 1270 1495; x_wconf 83' lang='lat' dir='ltr'>accepimus</span> <span class='ocrx_word' id='word_1_172' title='bbox 1301 1442 1431 1480; x_wconf 91' lang='lat' dir='ltr'>levem</span> <span class='ocrx_word' id='word_1_173' title='bbox 1465 1453 1511 1479; x_wconf 87' lang='lat' dir='ltr'>ac</span> <span class='ocrx_word' id='word_1_174' title='bbox 1541 1437 1704 1478; x_wconf 84' lang='lat' dir='ltr'>facilem</span> 
     </span>
     <span class='ocr_line' id='line_1_22' title="bbox 387 1499 1701 1554; baseline -0.005 -15"><span class='ocrx_word' id='word_1_175' title='bbox 387 1500 579 1539; x_wconf 82' lang='lat' dir='ltr'>transsatu</span> <span class='ocrx_word' id='word_1_176' title='bbox 615 1500 753 1540; x_wconf 84' lang='lat' dir='ltr'>fuiffe:</span> <span class='ocrx_word' id='word_1_177' title='bbox 798 1500 1079 1554; x_wconf 84' lang='lat' dir='ltr'>integramque</span> <span class='ocrx_word' id='word_1_178' title='bbox 1114 1499 1156 1538; x_wconf 89' lang='lat' dir='ltr'>in</span> <span class='ocrx_word' id='word_1_179' title='bbox 1193 1499 1460 1546; x_wconf 86' lang='lat' dir='ltr'>Aventinum,</span> <span class='ocrx_word' id='word_1_180' title='bbox 1507 1505 1701 1537; x_wconf 82' lang='lat' dir='ltr'>aeternam</span> 
     </span>
     <span class='ocr_line' id='line_1_23' title="bbox 388 1556 1703 1611; baseline -0.005 -14"><span class='ocrx_word' id='word_1_181' title='bbox 388 1557 524 1597; x_wconf 86' lang='lat' dir='ltr'>sedem</span> <span class='ocrx_word' id='word_1_182' title='bbox 546 1557 673 1605; x_wconf 84' lang='lat' dir='ltr'>suam,</span> <span class='ocrx_word' id='word_1_183' title='bbox 706 1556 789 1611; x_wconf 74' lang='lat' dir='ltr'>quo</span> <span class='ocrx_word' id='word_1_184' title='bbox 803 1567 895 1596; x_wconf 85' lang='lat' dir='ltr'>vota</span> <span class='ocrx_word' id='word_1_185' title='bbox 911 1556 1090 1597; x_wconf 85' lang='lat' dir='ltr'>Romani</span> <span class='ocrx_word' id='word_1_186' title='bbox 1107 1556 1317 1596; x_wconf 54' lang='lat' dir='ltr'>&amp;Statoris</span> <span class='ocrx_word' id='word_1_187' title='bbox 1333 1566 1589 1604; x_wconf 82' lang='lat' dir='ltr'>vocaverant,</span> <span class='ocrx_word' id='word_1_188' title='bbox 1611 1565 1703 1606; x_wconf 84' lang='lat' dir='ltr'>per-</span> 
     </span>
     <span class='ocr_line' id='line_1_24' title="bbox 388 1607 1703 1668; baseline -0.006 -14"><span class='ocrx_word' id='word_1_189' title='bbox 388 1615 527 1663; x_wconf 78' lang='lat' dir='ltr'>iatam,</span> <span class='ocrx_word' id='word_1_190' title='bbox 550 1614 618 1654; x_wconf 90' lang='lat' dir='ltr'>ubi</span> <span class='ocrx_word' id='word_1_191' title='bbox 642 1616 840 1668; x_wconf 88' lang='lat' dir='ltr'>templum</span> <span class='ocrx_word' id='word_1_192' title='bbox 864 1615 901 1653; x_wconf 90' lang='lat' dir='ltr'>ei</span> <span class='ocrx_word' id='word_1_193' title='bbox 932 1614 1069 1666; x_wconf 84' lang='lat' dir='ltr'>postea</span> <span class='ocrx_word' id='word_1_194' title='bbox 1091 1614 1213 1661; x_wconf 88' lang='lat' dir='ltr'>idem,</span> <span class='ocrx_word' id='word_1_195' title='bbox 1245 1613 1316 1666; x_wconf 89' lang='lat' dir='ltr'>qui</span> <span class='ocrx_word' id='word_1_196' title='bbox 1348 1622 1528 1659; x_wconf 83' lang='lat' dir='ltr'>voverat,</span> <span class='ocrx_word' id='word_1_197' title='bbox 1550 1607 1703 1648; x_wconf 84' lang='lat' dir='ltr'>Camil-</span> 
     </span>
     <span class='ocr_line' id='line_1_25' title="bbox 389 1665 1703 1726; baseline -0.006 -16"><span class='ocrx_word' id='word_1_198' title='bbox 389 1673 452 1711; x_wconf 72' lang='lat' dir='ltr'>lus</span> <span class='ocrx_word' id='word_1_199' title='bbox 469 1672 683 1712; x_wconf 81' lang='lat' dir='ltr'>dedicavit.</span> <span class='ocrx_word' id='word_1_200' title='bbox 745 1672 827 1711; x_wconf 90' lang='lat' dir='ltr'>Hic</span> <span class='ocrx_word' id='word_1_201' title='bbox 855 1672 1059 1726; x_wconf 84' lang='lat' dir='ltr'>Vejorum</span> <span class='ocrx_word' id='word_1_202' title='bbox 1087 1670 1251 1711; x_wconf 85' lang='lat' dir='ltr'>occasus</span> <span class='ocrx_word' id='word_1_203' title='bbox 1273 1670 1369 1717; x_wconf 84' lang='lat' dir='ltr'>fuit,</span> <span class='ocrx_word' id='word_1_204' title='bbox 1402 1668 1511 1705; x_wconf 79' lang='lat' dir='ltr'>urbis</span> <span class='ocrx_word' id='word_1_205' title='bbox 1532 1665 1703 1718; x_wconf 84' lang='lat' dir='ltr'>opulen-</span> 
     </span>
     <span class='ocr_line' id='line_1_26' title="bbox 389 1721 1704 1780; baseline -0.004 -14"><span class='ocrx_word' id='word_1_206' title='bbox 389 1729 544 1767; x_wconf 78' lang='lat' dir='ltr'>tiffimae</span> <span class='ocrx_word' id='word_1_207' title='bbox 576 1728 734 1768; x_wconf 80' lang='lat' dir='ltr'>Etrusci</span> <span class='ocrx_word' id='word_1_208' title='bbox 755 1728 949 1778; x_wconf 83' lang='lat' dir='ltr'>nominis,</span> <span class='ocrx_word' id='word_1_209' title='bbox 982 1728 1304 1780; x_wconf 78' lang='lat' dir='ltr'>magnitudinem</span> <span class='ocrx_word' id='word_1_210' title='bbox 1327 1724 1438 1762; x_wconf 77' lang='lat' dir='ltr'>suam</span> <span class='ocrx_word' id='word_1_211' title='bbox 1465 1723 1528 1761; x_wconf 89' lang='lat' dir='ltr'>vel</span> <span class='ocrx_word' id='word_1_212' title='bbox 1560 1721 1704 1761; x_wconf 62' lang='lat' dir='ltr'>ultima</span> 
     </span>
     <span class='ocr_line' id='line_1_27' title="bbox 391 1778 1702 1837; baseline -0.006 -13"><span class='ocrx_word' id='word_1_213' title='bbox 391 1786 503 1824; x_wconf 85' lang='lat' dir='ltr'>clade</span> <span class='ocrx_word' id='word_1_214' title='bbox 521 1785 761 1824; x_wconf 81' lang='lat' dir='ltr'>indicantis:</span> <span class='ocrx_word' id='word_1_215' title='bbox 793 1785 905 1837; x_wconf 76' lang='lat' dir='ltr'>quod</span> <span class='ocrx_word' id='word_1_216' title='bbox 929 1787 990 1836; x_wconf 81' lang='lat'>(5)</span> <span class='ocrx_word' id='word_1_217' title='bbox 1012 1784 1153 1822; x_wconf 87' lang='lat' dir='ltr'>decem</span> <span class='ocrx_word' id='word_1_218' title='bbox 1175 1782 1329 1821; x_wconf 77' lang='lat' dir='ltr'>aestates</span> <span class='ocrx_word' id='word_1_219' title='bbox 1350 1778 1583 1831; x_wconf 87' lang='lat' dir='ltr'>hiemesque</span> <span class='ocrx_word' id='word_1_220' title='bbox 1604 1791 1702 1817; x_wconf 88' lang='lat' dir='ltr'>con-</span> 
     </span>
     <span class='ocr_line' id='line_1_28' title="bbox 392 1834 1704 1893; baseline -0.006 -12"><span class='ocrx_word' id='word_1_221' title='bbox 392 1843 526 1881; x_wconf 85' lang='lat' dir='ltr'>tinuas</span> <span class='ocrx_word' id='word_1_222' title='bbox 548 1842 813 1889; x_wconf 81' lang='lat' dir='ltr'>circumseffa‚</span> <span class='ocrx_word' id='word_1_223' title='bbox 846 1854 974 1893; x_wconf 87' lang='lat' dir='ltr'>quum</span> <span class='ocrx_word' id='word_1_224' title='bbox 997 1840 1087 1892; x_wconf 84' lang='lat' dir='ltr'>plus</span> <span class='ocrx_word' id='word_1_225' title='bbox 1109 1839 1317 1891; x_wconf 82' lang='lat' dir='ltr'>aliquanto</span> <span class='ocrx_word' id='word_1_226' title='bbox 1348 1836 1525 1876; x_wconf 87' lang='lat' dir='ltr'>cladium</span> <span class='ocrx_word' id='word_1_227' title='bbox 1547 1834 1704 1874; x_wconf 89' lang='lat' dir='ltr'>intulis-</span> 
     </span>
     <span class='ocr_line' id='line_1_29' title="bbox 393 1892 1702 1951; baseline -0.006 -13"><span class='ocrx_word' id='word_1_228' title='bbox 393 1899 464 1947; x_wconf 69' lang='lat' dir='ltr'>set,</span> <span class='ocrx_word' id='word_1_229' title='bbox 497 1897 621 1951; x_wconf 62' lang='lat' dir='ltr'>quirm</span> <span class='ocrx_word' id='word_1_230' title='bbox 658 1898 882 1951; x_wconf 69' lang='lat' dir='ltr'>accepisset,</span> <span class='ocrx_word' id='word_1_231' title='bbox 914 1894 1134 1950; x_wconf 75' lang='lat' dir='ltr'>postremo,</span> <span class='ocrx_word' id='word_1_232' title='bbox 1162 1897 1248 1950; x_wconf 86' lang='lat' dir='ltr'>jam</span> <span class='ocrx_word' id='word_1_233' title='bbox 1284 1894 1368 1933; x_wconf 81' lang='lat' dir='ltr'>fato</span> <span class='ocrx_word' id='word_1_234' title='bbox 1402 1904 1489 1932; x_wconf 85' lang='lat' dir='ltr'>tum</span> <span class='ocrx_word' id='word_1_235' title='bbox 1526 1892 1702 1946; x_wconf 86' lang='lat' dir='ltr'>denique</span> 
     </span>
     <span class='ocr_line' id='line_1_30' title="bbox 394 1950 1526 2011; baseline -0.006 -15"><span class='ocrx_word' id='word_1_236' title='bbox 394 1965 580 2011; x_wconf 85' lang='lat' dir='ltr'>urgente,</span> <span class='ocrx_word' id='word_1_237' title='bbox 612 1955 803 2009; x_wconf 83' lang='lat' dir='ltr'>operibus</span> <span class='ocrx_word' id='word_1_238' title='bbox 824 1964 976 2004; x_wconf 85' lang='lat' dir='ltr'>tamen,</span> <span class='ocrx_word' id='word_1_239' title='bbox 1008 1967 1090 1993; x_wconf 91' lang='lat' dir='ltr'>non</span> <span class='ocrx_word' id='word_1_240' title='bbox 1118 1953 1174 2005; x_wconf 83' lang='lat' dir='ltr'>vi,</span> <span class='ocrx_word' id='word_1_241' title='bbox 1206 1960 1435 2007; x_wconf 81' lang='lat' dir='ltr'>expugnata</span> <span class='ocrx_word' id='word_1_242' title='bbox 1455 1950 1526 1990; x_wconf 88' lang='lat' dir='ltr'>est.</span> 
     </span>
    </p>
   </div>
   <div class='ocr_carea' id='block_1_3' title="bbox 396 2065 1709 2603">
    <p class='ocr_par' dir='ltr' id='par_1_5' title="bbox 396 2065 1709 2603">
     <span class='ocr_line' id='line_1_31' title="bbox 441 2065 1703 2113; baseline -0.006 -9"><span class='ocrx_word' id='word_1_243' title='bbox 441 2074 478 2104; x_wconf 89' lang='lat' dir='ltr'>C.</span> <span class='ocrx_word' id='word_1_244' title='bbox 497 2082 551 2104; x_wconf 83' lang='lat'>22.</span> <span class='ocrx_word' id='word_1_245' title='bbox 567 2072 623 2112; x_wconf 88' lang='lat'>(1)</span> <span class='ocrx_word' id='word_1_246' title='bbox 638 2073 689 2103; x_wconf 92' lang='lat' dir='ltr'>De</span> <span class='ocrx_word' id='word_1_247' title='bbox 704 2071 871 2103; x_wconf 86' lang='lat' dir='ltr'>locutione</span> <span class='ocrx_word' id='word_1_248' title='bbox 881 2073 1062 2113; x_wconf 78' lang='lat' dir='ltr'>quodpraedae</span> <span class='ocrx_word' id='word_1_249' title='bbox 1078 2070 1144 2102; x_wconf 86' lang='lat' dir='ltr'><strong>vid.</strong></span> <span class='ocrx_word' id='word_1_250' title='bbox 1157 2077 1225 2101; x_wconf 84' lang='lat' dir='ltr'>not.</span> <span class='ocrx_word' id='word_1_251' title='bbox 1243 2080 1273 2107; x_wconf 82' lang='grc'>4.</span> <span class='ocrx_word' id='word_1_252' title='bbox 1285 2070 1325 2101; x_wconf 87' lang='lat' dir='ltr'>ad</span> <span class='ocrx_word' id='word_1_253' title='bbox 1344 2080 1368 2100; x_wconf 84' lang='lat' dir='ltr'>c.</span> <span class='ocrx_word' id='word_1_254' title='bbox 1387 2077 1415 2099; x_wconf 73' lang='lat'>2.</span> <span class='ocrx_word' id='word_1_255' title='bbox 1434 2065 1540 2109; x_wconf 63' lang='lat' dir='ltr'>supra.</span> <span class='ocrx_word' id='word_1_256' title='bbox 1587 2065 1703 2097; x_wconf 69' lang='lat' dir='ltr'>hasce-</span> 
     </span>
     <span class='ocr_line' id='line_1_32' title="bbox 396 2110 1706 2158; baseline -0.006 -10"><span class='ocrx_word' id='word_1_257' title='bbox 396 2118 495 2149; x_wconf 76' lang='lat' dir='ltr'>batur</span> <span class='ocrx_word' id='word_1_258' title='bbox 513 2117 603 2158; x_wconf 79' lang='lat' dir='ltr'>plebs</span> <span class='ocrx_word' id='word_1_259' title='bbox 616 2125 754 2157; x_wconf 78' lang='lat' dir='ltr'>propter</span> <span class='ocrx_word' id='word_1_260' title='bbox 765 2117 854 2147; x_wconf 84' lang='lat' dir='ltr'>illam</span> <span class='ocrx_word' id='word_1_261' title='bbox 871 2117 989 2157; x_wconf 78' lang='lat' dir='ltr'>praedae</span> <span class='ocrx_word' id='word_1_262' title='bbox 1001 2123 1129 2157; x_wconf 77' lang='lat' dir='ltr'>partem</span> <span class='ocrx_word' id='word_1_263' title='bbox 1140 2125 1214 2155; x_wconf 81' lang='lat' dir='ltr'>quae</span> <span class='ocrx_word' id='word_1_264' title='bbox 1235 2115 1270 2145; x_wconf 91' lang='lat' dir='ltr'>in</span> <span class='ocrx_word' id='word_1_265' title='bbox 1283 2113 1452 2155; x_wconf 86' lang='lat' dir='ltr'>publicum</span> <span class='ocrx_word' id='word_1_266' title='bbox 1470 2111 1602 2142; x_wconf 62' lang='lat' dir='ltr'>redacta</span> <span class='ocrx_word' id='word_1_267' title='bbox 1619 2110 1682 2140; x_wconf 87' lang='lat' dir='ltr'>fuit</span> <span class='ocrx_word' id='word_1_268' title='bbox 1696 2122 1706 2147; x_wconf 91' lang='lat'>;</span> 
     </span>
     <span class='ocr_line' id='line_1_33' title="bbox 397 2155 1707 2203; baseline -0.006 -11"><span class='ocrx_word' id='word_1_269' title='bbox 397 2162 478 2202; x_wconf 89' lang='lat' dir='ltr'>quin</span> <span class='ocrx_word' id='word_1_270' title='bbox 492 2172 554 2203; x_wconf 87' lang='lat' dir='ltr'>pro</span> <span class='ocrx_word' id='word_1_271' title='bbox 565 2172 603 2192; x_wconf 90' lang='lat' dir='ltr'>eo</span> <span class='ocrx_word' id='word_1_272' title='bbox 620 2162 710 2201; x_wconf 87' lang='lat' dir='ltr'>quod</span> <span class='ocrx_word' id='word_1_273' title='bbox 723 2162 830 2192; x_wconf 86' lang='lat' dir='ltr'>secum</span> <span class='ocrx_word' id='word_1_274' title='bbox 847 2161 987 2192; x_wconf 80' lang='lat' dir='ltr'>retulere</span> <span class='ocrx_word' id='word_1_275' title='bbox 1003 2171 1063 2190; x_wconf 88' lang='lat' dir='ltr'>nec</span> <span class='ocrx_word' id='word_1_276' title='bbox 1082 2159 1220 2191; x_wconf 85' lang='lat' dir='ltr'>Camillo</span> <span class='ocrx_word' id='word_1_277' title='bbox 1236 2170 1295 2190; x_wconf 86' lang='lat' dir='ltr'>nec</span> <span class='ocrx_word' id='word_1_278' title='bbox 1316 2156 1439 2189; x_wconf 78' lang='lat' dir='ltr'>senatui</span> <span class='ocrx_word' id='word_1_279' title='bbox 1452 2155 1590 2197; x_wconf 86' lang='lat' dir='ltr'>gratiam</span> <span class='ocrx_word' id='word_1_280' title='bbox 1606 2155 1707 2185; x_wconf 85' lang='lat' dir='ltr'>habe-</span> 
     </span>
     <span class='ocr_line' id='line_1_34' title="bbox 398 2199 1705 2244; baseline -0.006 -7"><span class='ocrx_word' id='word_1_281' title='bbox 398 2207 490 2243; x_wconf 79' lang='lat' dir='ltr'>bant,</span> <span class='ocrx_word' id='word_1_282' title='bbox 512 2206 565 2237; x_wconf 87' lang='lat' dir='ltr'>sed</span> <span class='ocrx_word' id='word_1_283' title='bbox 581 2205 716 2236; x_wconf 87' lang='lat' dir='ltr'>Liciniae</span> <span class='ocrx_word' id='word_1_284' title='bbox 745 2205 883 2236; x_wconf 82' lang='lat' dir='ltr'>familiae.</span> <span class='ocrx_word' id='word_1_285' title='bbox 930 2205 1006 2234; x_wconf 85' lang='lat' dir='ltr'>Non</span> <span class='ocrx_word' id='word_1_286' title='bbox 1033 2203 1171 2235; x_wconf 83' lang='lat' dir='ltr'>Camillo</span> <span class='ocrx_word' id='word_1_287' title='bbox 1197 2210 1368 2244; x_wconf 83' lang='lat' dir='ltr'>acceptum</span> <span class='ocrx_word' id='word_1_288' title='bbox 1395 2201 1591 2236; x_wconf 57' lang='lat' dir='ltr'>referebant,</span> <span class='ocrx_word' id='word_1_289' title='bbox 1614 2199 1705 2239; x_wconf 78' lang='lat' dir='ltr'>quod</span> 
     </span>
     <span class='ocr_line' id='line_1_35' title="bbox 399 2243 1708 2290; baseline -0.005 -8"><span class='ocrx_word' id='word_1_290' title='bbox 399 2261 468 2282; x_wconf 80' lang='lat' dir='ltr'>rem</span> <span class='ocrx_word' id='word_1_291' title='bbox 486 2250 533 2281; x_wconf 89' lang='lat' dir='ltr'>sui</span> <span class='ocrx_word' id='word_1_292' title='bbox 558 2249 687 2280; x_wconf 81' lang='lat' dir='ltr'>arbitrii</span> <span class='ocrx_word' id='word_1_293' title='bbox 714 2248 867 2290; x_wconf 81' lang='lat' dir='ltr'>rejeciffet</span> <span class='ocrx_word' id='word_1_294' title='bbox 884 2249 926 2279; x_wconf 89' lang='lat' dir='ltr'>ad</span> <span class='ocrx_word' id='word_1_295' title='bbox 942 2248 1099 2284; x_wconf 86' lang='lat' dir='ltr'>senatum,</span> <span class='ocrx_word' id='word_1_296' title='bbox 1121 2249 1189 2288; x_wconf 84' lang='lat' dir='ltr'>ejus</span> <span class='ocrx_word' id='word_1_297' title='bbox 1214 2257 1331 2287; x_wconf 87' lang='lat' dir='ltr'>nempe</span> <span class='ocrx_word' id='word_1_298' title='bbox 1347 2247 1543 2278; x_wconf 58' lang='lat' dir='ltr'>auetomate</span> <span class='ocrx_word' id='word_1_299' title='bbox 1559 2243 1708 2285; x_wconf 75' lang='lat' dir='ltr'>maligni-</span> 
     </span>
     <span class='ocr_line' id='line_1_36' title="bbox 399 2287 1708 2335; baseline -0.008 -8"><span class='ocrx_word' id='word_1_300' title='bbox 399 2303 501 2326; x_wconf 81' lang='lat' dir='ltr'>tatem</span> <span class='ocrx_word' id='word_1_301' title='bbox 516 2295 604 2325; x_wconf 77' lang='lat' dir='ltr'>suam</span> <span class='ocrx_word' id='word_1_302' title='bbox 615 2294 648 2324; x_wconf 87' lang='lat' dir='ltr'>in</span> <span class='ocrx_word' id='word_1_303' title='bbox 665 2293 843 2334; x_wconf 87' lang='lat' dir='ltr'>partitione</span> <span class='ocrx_word' id='word_1_304' title='bbox 859 2294 978 2335; x_wconf 83' lang='lat' dir='ltr'>praedae</span> <span class='ocrx_word' id='word_1_305' title='bbox 995 2300 1103 2334; x_wconf 85' lang='lat' dir='ltr'>tegere</span> <span class='ocrx_word' id='word_1_306' title='bbox 1120 2292 1240 2323; x_wconf 83' lang='lat' dir='ltr'>volens.</span> <span class='ocrx_word' id='word_1_307' title='bbox 1252 2291 1318 2322; x_wconf 82' lang='lat' dir='ltr'>vid,</span> <span class='ocrx_word' id='word_1_308' title='bbox 1334 2298 1404 2321; x_wconf 85' lang='lat' dir='ltr'>not.</span> <span class='ocrx_word' id='word_1_309' title='bbox 1432 2299 1459 2320; x_wconf 88' lang='lat'>1.</span> <span class='ocrx_word' id='word_1_310' title='bbox 1476 2289 1518 2319; x_wconf 85' lang='lat' dir='ltr'>ad</span> <span class='ocrx_word' id='word_1_311' title='bbox 1550 2299 1575 2318; x_wconf 94' lang='lat' dir='ltr'>c.</span> <span class='ocrx_word' id='word_1_312' title='bbox 1590 2297 1641 2319; x_wconf 82' lang='lat'>20.</span> <span class='ocrx_word' id='word_1_313' title='bbox 1658 2287 1708 2317; x_wconf 91' lang='lat' dir='ltr'>su-</span> 
     </span>
     <span class='ocr_line' id='line_1_37' title="bbox 400 2335 1709 2382; baseline -0.006 -13"><span class='ocrx_word' id='word_1_314' title='bbox 400 2339 469 2382; x_wconf 66' lang='lat' dir='ltr'>pra.</span> <span class='ocrx_word' id='word_1_315' title='bbox 511 2341 544 2369; x_wconf 85' lang='lat' dir='ltr'>E.</span> <span class='ocrx_word' id='word_1_316' title='bbox 591 2339 646 2379; x_wconf 89' lang='lat'>(2)</span> <span class='ocrx_word' id='word_1_317' title='bbox 671 2338 720 2368; x_wconf 86' lang='lat' dir='ltr'>Sic</span> <span class='ocrx_word' id='word_1_318' title='bbox 746 2338 833 2368; x_wconf 72' lang='lat' dir='ltr'>infra</span> <span class='ocrx_word' id='word_1_319' title='bbox 865 2339 884 2368; x_wconf 90' lang='lat' dir='ltr'>l.</span> <span class='ocrx_word' id='word_1_320' title='bbox 913 2337 942 2368; x_wconf 77' lang='lat'>6.</span> <span class='ocrx_word' id='word_1_321' title='bbox 971 2348 997 2368; x_wconf 89' lang='lat' dir='ltr'>c.</span> <span class='ocrx_word' id='word_1_322' title='bbox 1028 2347 1058 2376; x_wconf 84' lang='lat'>3.</span> <span class='ocrx_word' id='word_1_323' title='bbox 1093 2339 1219 2378; x_wconf 81' lang='lat' dir='ltr'>praedam</span> <span class='ocrx_word' id='word_1_324' title='bbox 1245 2349 1278 2366; x_wconf 82' lang='lat' dir='ltr'>ex</span> <span class='ocrx_word' id='word_1_325' title='bbox 1306 2336 1416 2378; x_wconf 67' lang='lat' dir='ltr'>hqflium</span> <span class='ocrx_word' id='word_1_326' title='bbox 1449 2335 1528 2363; x_wconf 65' lang='grc' dir='ltr'><em>τεέῖἱε</em></span> <span class='ocrx_word' id='word_1_327' title='bbox 1552 2338 1709 2374; x_wconf 78' lang='lat' dir='ltr'>egerentem.</span> 
     </span>
     <span class='ocr_line' id='line_1_38' title="bbox 400 2377 1709 2426; baseline -0.007 -12"><span class='ocrx_word' id='word_1_328' title='bbox 400 2385 457 2424; x_wconf 81' lang='lat'>(3)</span> <span class='ocrx_word' id='word_1_329' title='bbox 480 2384 619 2426; x_wconf 85' lang='lat' dir='ltr'>Junonis</span> <span class='ocrx_word' id='word_1_330' title='bbox 632 2393 749 2423; x_wconf 81' lang='lat' dir='ltr'>nempe</span> <span class='ocrx_word' id='word_1_331' title='bbox 766 2383 909 2414; x_wconf 84' lang='lat' dir='ltr'>statuam.</span> <span class='ocrx_word' id='word_1_332' title='bbox 942 2383 1026 2412; x_wconf 86' lang='lat' dir='ltr'>Mox</span> <span class='ocrx_word' id='word_1_333' title='bbox 1038 2383 1181 2423; x_wconf 49' lang='lat' dir='ltr'>nonum-ist</span> <span class='ocrx_word' id='word_1_334' title='bbox 1197 2391 1258 2422; x_wconf 91' lang='lat' dir='ltr'>pro</span> <span class='ocrx_word' id='word_1_335' title='bbox 1274 2393 1348 2411; x_wconf 77' lang='lat' dir='ltr'>nemo</span> <span class='ocrx_word' id='word_1_336' title='bbox 1364 2380 1423 2422; x_wconf 66' lang='lat' dir='ltr'><em>ng‘fi.</em></span> <span class='ocrx_word' id='word_1_337' title='bbox 1456 2378 1511 2419; x_wconf 84' lang='lat'>(4)</span> <span class='ocrx_word' id='word_1_338' title='bbox 1533 2377 1709 2416; x_wconf 85' lang='lat' dir='ltr'>Tanquam</span> 
     </span>
     <span class='ocr_line' id='line_1_39' title="bbox 402 2421 1708 2468; baseline -0.008 -9"><span class='ocrx_word' id='word_1_339' title='bbox 402 2440 470 2459; x_wconf 88' lang='lat' dir='ltr'>non</span> <span class='ocrx_word' id='word_1_340' title='bbox 495 2430 690 2464; x_wconf 82' lang='lat' dir='ltr'>auferretur,</span> <span class='ocrx_word' id='word_1_341' title='bbox 712 2427 766 2458; x_wconf 84' lang='lat' dir='ltr'>sed</span> <span class='ocrx_word' id='word_1_342' title='bbox 788 2428 902 2468; x_wconf 85' lang='lat' dir='ltr'>sponte</span> <span class='ocrx_word' id='word_1_343' title='bbox 919 2426 1116 2466; x_wconf 80' lang='lat' dir='ltr'>sequeretur.</span> <span class='ocrx_word' id='word_1_344' title='bbox 1161 2427 1217 2466; x_wconf 81' lang='lat'>(5)</span> <span class='ocrx_word' id='word_1_345' title='bbox 1241 2424 1313 2466; x_wconf 87' lang='lat' dir='ltr'>Veji</span> <span class='ocrx_word' id='word_1_346' title='bbox 1329 2423 1456 2455; x_wconf 84' lang='lat' dir='ltr'>decimo</span> <span class='ocrx_word' id='word_1_347' title='bbox 1472 2421 1604 2462; x_wconf 88' lang='lat' dir='ltr'>quidem</span> <span class='ocrx_word' id='word_1_348' title='bbox 1621 2429 1708 2450; x_wconf 83' lang='lat' dir='ltr'>anno</span> 
     </span>
     <span class='ocr_line' id='line_1_40' title="bbox 403 2463 1709 2514; baseline -0.008 -11"><span class='ocrx_word' id='word_1_349' title='bbox 403 2473 573 2514; x_wconf 79' lang='lat' dir='ltr'>postquam</span> <span class='ocrx_word' id='word_1_350' title='bbox 585 2471 722 2502; x_wconf 76' lang='lat' dir='ltr'>obsideri</span> <span class='ocrx_word' id='word_1_351' title='bbox 734 2472 830 2513; x_wconf 83' lang='lat' dir='ltr'>coepti</span> <span class='ocrx_word' id='word_1_352' title='bbox 847 2478 950 2508; x_wconf 76' lang='lat' dir='ltr'>eraut,</span> <span class='ocrx_word' id='word_1_353' title='bbox 972 2472 1014 2501; x_wconf 87' lang='lat' dir='ltr'>ab</span> <span class='ocrx_word' id='word_1_354' title='bbox 1031 2471 1187 2502; x_wconf 81' lang='lat' dir='ltr'>Romanis</span> <span class='ocrx_word' id='word_1_355' title='bbox 1200 2469 1286 2511; x_wconf 84' lang='lat' dir='ltr'>capti</span> <span class='ocrx_word' id='word_1_356' title='bbox 1304 2469 1390 2500; x_wconf 87' lang='lat' dir='ltr'>sunt.</span> <span class='ocrx_word' id='word_1_357' title='bbox 1437 2469 1483 2497; x_wconf 82' lang='lat' dir='ltr'>At</span> <span class='ocrx_word' id='word_1_358' title='bbox 1497 2463 1709 2496; x_wconf 80' lang='lat' dir='ltr'>hibernacula</span> 
     </span>
     <span class='ocr_line' id='line_1_41' title="bbox 405 2510 1709 2558; baseline -0.001 -11"><span class='ocrx_word' id='word_1_359' title='bbox 405 2517 503 2547; x_wconf 80' lang='lat' dir='ltr'>tertio</span> <span class='ocrx_word' id='word_1_360' title='bbox 530 2516 703 2547; x_wconf 74' lang='lat' dir='ltr'>obsidionis</span> <span class='ocrx_word' id='word_1_361' title='bbox 721 2527 807 2547; x_wconf 84' lang='lat' dir='ltr'>anno</span> <span class='ocrx_word' id='word_1_362' title='bbox 827 2514 978 2546; x_wconf 69' lang='lat' dir='ltr'>aedificari</span> <span class='ocrx_word' id='word_1_363' title='bbox 1012 2524 1125 2558; x_wconf 83' lang='lat' dir='ltr'>coepta.</span> <span class='ocrx_word' id='word_1_364' title='bbox 1161 2516 1272 2556; x_wconf 74' lang='lat' dir='ltr'>ltaque</span> <span class='ocrx_word' id='word_1_365' title='bbox 1290 2514 1378 2551; x_wconf 57' lang='lat'>0610,</span> <span class='ocrx_word' id='word_1_366' title='bbox 1393 2522 1461 2542; x_wconf 87' lang='lat' dir='ltr'>non</span> <span class='ocrx_word' id='word_1_367' title='bbox 1472 2511 1593 2546; x_wconf 70' lang='lat' dir='ltr'>decem,</span> <span class='ocrx_word' id='word_1_368' title='bbox 1607 2510 1709 2552; x_wconf 58' lang='lat' dir='ltr'>‹fstatt&#39;ff</span> 
     </span>
     <span class='ocr_line' id='line_1_42' title="bbox 403 2560 1023 2603; baseline -0.005 -10"><span class='ocrx_word' id='word_1_369' title='bbox 403 2563 551 2603; x_wconf 37' lang='lat' dir='ltr'>hiemsque</span> <span class='ocrx_word' id='word_1_370' title='bbox 564 2564 700 2593; x_wconf 61' lang='lat' dir='ltr'>continuas</span> <span class='ocrx_word' id='word_1_371' title='bbox 718 2560 908 2593; x_wconf 83' lang='lat' dir='ltr'>circumseffi</span> <span class='ocrx_word' id='word_1_372' title='bbox 924 2562 1023 2592; x_wconf 76' lang='lat' dir='ltr'>fuere.</span> 
     </span>
    </p>
   </div>
   <div class='ocr_carea' id='block_1_4' title="bbox 1336 2653 1708 2698">
    <p class='ocr_par' dir='ltr' id='par_1_6' title="bbox 1336 2653 1708 2698">
     <span class='ocr_line' id='line_1_43' title="bbox 1336 2653 1708 2698; baseline -0.013 0"><span class='ocrx_word' id='word_1_373' title='bbox 1336 2655 1496 2698; x_wconf 84' lang='lat' dir='ltr'><strong>XXIII.</strong></span> <span class='ocrx_word' id='word_1_374' title='bbox 1528 2653 1708 2695; x_wconf 75' lang='lat' dir='ltr'>Romam</span> 
     </span>
    </p>
   </div>
  </div>
 </body>
</html>
