1853 3158
368 298 652 342 LIBER
714 297 810 338 VII.
870 295 1058 340 CAP.
1119 301 1276 342 XXVI.

172 423 298 466 ratus,
329 414 439 469 prius
475 411 690 453 sciscitatus
725 413 896 455 consulis
917 416 1180 465 voluntatem,
1212 417 1252 455 in
1289 417 1467 458 medium

175 482 351 513 armatus
385 470 576 525 processit.
639 469 785 511 Minus
820 472 969 526 insigne
1003 484 1204 513 certamen
1240 473 1465 515 humanum

173 536 198 580 †
219 530 383 569 numine
404 528 631 581 interposito
648 527 833 568 Deorum
855 529 1024 569 faenum.
1048 545 1221 584 namque
1243 531 1465 572 conserenti

168 587 253 640 jam
275 600 437 626 manum
460 585 648 625 Romano
679 599 821 625 corvus
855 587 1017 642 repente
1052 588 1092 626 in
1123 588 1236 643 gale&
1271 589 1465 639 consedit,

173 644 214 682 in
234 644 386 683 hostem
406 643 552 682 versus.
586 644 694 696 quod
730 641 876 696 primo,
910 654 953 682 ut
986 646 1199 699 augurium
1232 647 1338 686 coelo
1371 647 1464 686 mis-

172 700 272 748 sum,
303 701 416 740 laetus
451 701 605 753 accepit
638 699 836 740 tribunus.
867 710 1051 753 precatus
1085 702 1242 751 deinde,
1277 704 1317 743 Si
1336 705 1462 754 divus,

154 756 198 811 st
215 757 303 796 diva
323 759 414 813 fft,
445 759 509 810 qui
510 757 586 812 fibi
607 761 668 812 (2)
687 767 877 811 praepetem
908 757 1056 813 mffifflt,
1086 765 1110 809 †
1140 761 1260 799 volens
1279 763 1464 814 propitius

168 814 304 869 adfft.
365 815 497 855 Diem
532 815 727 864 mirabile,
759 815 888 854 tenuit
921 829 1002 854 non
1040 814 1168 855 solum
1202 818 1282 856 ales
1303 828 1461 871 captam

168 870 288 911 semel
324 871 471 922 sedem,
502 872 585 922 sed,
617 873 932 925 quotiescunque
969 883 1171 912 certamen
1207 874 1352 917 initum
1388 876 1460 927 est,

166 930 302 969 levans
333 930 370 969 se
406 930 491 978 alis,
522 944 566 970 os
602 930 816 983 oculosque
856 930 980 970 hostis
1019 931 1146 970 rostro
1181 934 1221 971 &
1257 932 1461 986 unguibus

167 987 356 1039 appetiit:
387 987 514 1026 donec
554 987 737 1026 territum
776 988 948 1041 prodigii
988 988 1075 1027 talis
1115 988 1214 1037 visu,
1255 989 1460 1043 oculisque

168 1043 281 1083 fimul
303 1058 348 1084 ac
369 1053 503 1083 mente
525 1044 745 1093 turbatum,
778 1046 964 1084 Valerius
999 1045 1223 1085 obtruncat.
1259 1061 1403 1087 corvus
1438 1062 1460 1088 e

164 1100 384 1154 conspectu
400 1103 525 1141 elatus
541 1102 737 1141 orientem
755 1103 867 1155 petit.
929 1103 1142 1142 Hactenus
1165 1103 1310 1155 quietae
1333 1105 1461 1144 utrin-

165 1171 244 1210 que
265 1158 450 1198 stationes
470 1158 597 1198 fuere.
630 1159 841 1213 postquam
863 1159 1028 1212 spoliare
1057 1174 1202 1213 corpus
1222 1161 1307 1200 caefi
1335 1161 1460 1202 hostis

164 1214 349 1256 tribunus
368 1217 509 1270 coepit,
540 1230 612 1256 nec
635 1217 744 1255 Galli
764 1216 801 1255 se
830 1216 996 1256 statione
1029 1226 1262 1270 tenuerunt,
1295 1222 1336 1259 δε
1373 1219 1460 1259 Ro-

164 1285 377 1312 manorum
397 1273 534 1313 cursus
555 1275 604 1312 ad
618 1273 814 1312 vi&orem
836 1274 957 1313 etiam
979 1275 1088 1314 ocior
1104 1275 1194 1314 fuit.
1256 1275 1332 1324 Ibi,
1354 1277 1460 1317 circa

159 1330 330 1383 jacentis
351 1331 463 1372 Galli
493 1345 637 1384 corpus
674 1331 881 1371 contraffi‘m
914 1332 1145 1381 certamine,
1178 1347 1312 1386 pugna
1346 1345 1459 1374 atrox

163 1388 401 1428 concitatur.
460 1388 550 1439 Jam
581 1402 663 1426 non
688 1389 902 1441 manipulis
934 1390 1207 1442 proximarum
1228 1391 1460 1442 stationum,

162 1442 229 1482 sed
257 1440 480 1498 legionibus
502 1445 689 1498 utrinque
711 1445 842 1485 effusis
863 1460 925 1485 res
947 1446 1110 1500 geritur.
1173 1447 1369 1488 Camillus
1391 1450 1459 1488 lae-

163 1509 252 1538 tum
273 1501 442 1540 militem
461 1502 629 1542 viPtoria
650 1503 814 1551 tribuni,
846 1504 983 1543 laetum
1015 1514 1097 1543 tam
1130 1505 1390 1558 praesentibus
1413 1521 1456 1546 ac

162 1557 345 1598 secundis
365 1559 471 1608 Diis,
502 1560 559 1599 ire
592 1560 633 1598 in
655 1561 845 1613 proelium
871 1561 1010 1615 jubet:
1041 1562 1320 1615 ostentansque
1342 1563 1458 1618 infig-

161 1628 256 1654 nem
297 1615 427 1668 spoliis
464 1616 686 1665 tribunum,
718 1617 834 1656 Hunc
872 1620 1035 1670 imitare,
1067 1620 1182 1668 miles,
1215 1620 1369 1668 aiebat3
1405 1621 1457 1662 ξς·

160 1673 260 1711 circa
267 1675 452 1726 jacentem
471 1674 595 1713 ducem
599 1675 728 1728 sterne
750 1675 943 1714 Gallorum
972 1671 1154 1716 catervas.
1218 1677 1292 1716 Dii
1323 1677 1455 1717 homi-

158 1729 305 1782 nesque
322 1731 378 1768 illi
395 1731 558 1770 adfuere
577 1743 747 1785 pugnae3
769 1733 1125 1786 depugnatumque
1139 1733 1454 1787 haudquaquam

156 1788 374 1826 certamine
395 1788 583 1842 ambiguo
603 1803 695 1828 cum
715 1789 844 1829 Gallis
865 1789 934 1829 est.
967 1789 1068 1830 adeo
1085 1792 1258 1830 duorum
1276 1791 1453 1832 militum

155 1854 360 1894 eventum,
392 1845 495 1884 inter
524 1860 625 1898 quos
656 1856 879 1900 pugnatum
901 1858 1000 1898 erat,
1032 1858 1200 1900 utraque
1233 1849 1337 1888 acies
1368 1851 1453 1889 ani-

155 1902 232 1941 mis
273 1904 332 1956 (3)
372 1913 614 1957 perceperat.
675 1905 785 1943 Inter
826 1905 989 1957 primos,
1020 1919 1195 1958 quorum
1234 1907 1451 1948 concursus

154 1959 251 1999 alios
271 1960 483 2009 exciverat,
515 1970 627 2000 atrox
658 1961 848 2014 proelium
876 1962 978 2003 fuit:
1009 1963 1085 2002 alia
1103 1963 1339 2014 multitudo,
1371 1966 1452 2017 pri-

154 2016 322 2069 usquam
343 2018 392 2056 ad
413 2018 645 2072 conje8mm
675 2019 743 2058 teli
776 2020 944 2072 veniret,
975 2030 1085 2074 terga
1118 2021 1248 2060 vertit.
1310 2021 1449 2061 Primo

155 2088 225 2127 per
263 2075 431 2114 Volscos
471 2076 766 2129 Falernumque
807 2092 948 2131 agrum
989 2078 1155 2132 diffipati
1195 2078 1314 2118 sunt:
1356 2079 1450 2119 inde

157 2132 348 2184 Apuliam
369 2147 413 2171 ac
436 2147 543 2172 mare
575 2136 636 2187 (4)
669 2134 845 2173 inferum
879 2135 1093 2188 petierunt.
1155 2135 1320 2184 Consul,
1353 2152 1451 2176 con-

156 2188 271 2228 cione
293 2190 497 2239 advocata,
526 2192 731 2231 laudatum
754 2192 961 2232 tribunum
984 2193 1123 2232 decem
1144 2192 1276 2233 bubus
1311 2196 1450 2234 aurea-

157 2258 235 2300 que
257 2247 402 2286 corona
423 2248 556 2288 donat.
589 2247 684 2302 ipse,
710 2249 836 2304 juffus
870 2250 919 2289 ab
951 2249 1088 2291 senatu
1121 2250 1273 2290 bellum
1296 2252 1448 2291 mariti-

1332 2323 1446 2350 mum

155 2431 296 2449 armorum
312 2422 439 2461 crepitus.
455 2419 511 2451 ubi
527 2420 678 2459 similiter,
692 2430 728 2453 ut
744 2422 902 2461 hocloco,
916 2424 956 2455 de
973 2423 1074 2455 Gallis
1086 2424 1189 2456 sermo
1205 2425 1257 2456 est.
1305 2423 1361 2464 (2)
1376 2423 1447 2455 Ali-

156 2472 222 2495 tem
246 2463 346 2494 felicis
373 2464 508 2505 augurii.
530 2465 595 2497 vid.
622 2466 659 2497 fis
684 2470 724 2497 A.
754 2467 895 2498 Gellium
911 2469 935 2500 l.
953 2468 981 2499 6.
1006 2479 1031 2499 c.
1054 2469 1085 2500 6.
1132 2470 1188 2510 (3)
1212 2471 1269 2506 Ita,
1293 2468 1446 2501 suadente

158 2508 338 2546 Gronovio‚
359 2509 391 2539 δε
418 2509 662 2551 suffragantibus
693 2511 787 2542 editis
818 2512 1055 2551 vetustioribus,
1078 2516 1210 2554 praefert
1235 2513 1447 2545 Drakenbor-

155 2553 255 2583 chius.
303 2554 374 2590 Sed,
395 2561 431 2584 ut
454 2553 521 2595 ipse
542 2555 683 2593 testatur,
704 2556 850 2597 plerique
868 2558 898 2587 &
916 2557 1030 2599 optimi
1047 2558 1171 2590 codices
1187 2557 1298 2600 scripti
1309 2566 1446 2600 praecepe-

156 2605 203 2627 rat
219 2598 406 2635 servarunt3
431 2600 519 2638 quod
535 2599 668 2630 omnino
684 2602 922 2640 praeferendum
945 2602 1068 2640 censeo,
1091 2603 1152 2635 hoc
1170 2603 1278 2634 sensu:
1304 2610 1446 2644 utraque

155 2641 235 2673 acies
253 2653 290 2673 ex
307 2650 424 2674 eventu
447 2643 611 2685 singularis
636 2644 721 2675 inter
748 2646 828 2677 duos
855 2645 972 2677 milites
999 2648 1181 2679 certaminis
1205 2655 1302 2689 capto
1328 2648 1446 2686 omine,

156 2686 362 2729 praesagiebat
378 2688 492 2719 animis
508 2689 646 2720 eundem
663 2700 792 2729 quoque
809 2699 961 2722 eventum
978 2693 1048 2722 fore
1071 2692 1229 2723 universae
1253 2692 1339 2723 inter
1362 2693 1444 2724 duos

155 2731 311 2763 exercitus
331 2743 455 2775 pugnae.
499 2733 555 2775 (4)
577 2735 764 2776 Legendum
782 2736 896 2777 procul
912 2735 1024 2774 dubio,
1046 2747 1119 2767 cum
1143 2737 1336 2778 quibusdam
1357 2737 1445 2767 codi-

1344 2781 1444 2820 cibus,

1612 312 1685 343 501

1479 1517 1611 1548 Proelium

1476 1575 1557 1591 comm
1562 1566 1594 1592 itt
1598 1566 1655 1595 ifur

1475 1619 1527 1647 quo
1545 1608 1626 1638 Galli

1426 1679 1433 1685 ,
1474 1654 1558 1682 viai„
