1853 3158
130 269 210 308 180

130 553 209 591 ,R’rrso
224 554 331 595 Qsinc-

135 1240 171 1268 Ei
187 1241 239 1268 diss
253 1240 320 1268 dici-

132 1296 157 1306 „J
173 1297 177 1300 .

814 262 864 302 T.
926 262 1179 304 LIVII

351 380 497 432 quippe
520 391 610 431 quae
631 392 711 418 non
732 378 892 418 confilio
914 380 1102 434 regenda,
1142 380 1206 419 sed
1228 380 1408 434 permissa
1431 381 1642 420 temeritati

351 436 608 489 audaciaeque
625 437 730 476 esset.
773 437 835 490 (6)
868 435 1053 476 Multuin
1074 440 1114 477 δι’
1131 438 1310 477 consules
1327 438 1364 477 se
1382 437 1644 487 abstinebant,

351 508 401 533 ne
424 494 488 534 cui
511 494 551 532 in
578 494 804 533 colluvione
836 497 971 533 ferum
994 495 1239 549 majestatem
1261 495 1371 535 suam
1392 496 1647 535 contumelia:

351 552 554 591 offerrent.
616 551 733 590 Kaeso
755 562 837 590 erat
860 551 1095 609 Qinffius,
1127 552 1433 607 feroxjuvenis,
1465 567 1544 605 qua
1574 567 1648 592 no-

352 609 503 649 bilitate
526 609 670 663 gentis,
703 607 782 661 qua
797 623 974 662 corporis
991 611 1267 664 magnitudine
1289 613 1326 650 8<
1345 610 1506 650 viribus.
1531 611 1580 649 ad
1601 624 1647 649 ea

353 681 521 706 munera
543 668 633 706 data
651 681 672 705 a
688 667 795 716 Diis,
829 670 868 707 ὃ(
898 667 977 720 ipse
1007 669 1212 707 addiderat
1230 669 1354 707 multa
1374 668 1466 717 belli
1488 669 1648 717 decora,

354 724 668 777 facundiamque
691 723 731 762 in
748 723 864 772 soro,
897 734 942 763 ut
961 739 1097 776 nemo,
1129 739 1210 764 non
1232 726 1382 779 lingua,
1405 740 1485 765 non
1508 740 1648 775 manu,

355 783 595 836 promptior,
627 782 666 820 in
699 781 857 822 civitate
879 781 1104 821 haberetur.
1165 782 1263 832 Hic,
1295 797 1421 834 quum
1443 784 1484 822 in
1515 783 1648 822 medio

355 842 521 881 Patrurn
539 839 696 894 agmine
715 839 957 887 constitisset,
989 839 1170 881 eminens
1187 839 1289 879 inter
1306 840 1417 889 alios,
1438 841 1546 879 velut
1563 854 1650 879 om-

355 912 426 937 nes
445 898 664 937 dictaturas
682 896 987 949 consulatusque
1004 910 1145 950 gerens
1165 897 1206 937 in
1220 911 1317 937 voce
1334 913 1378 937 ac
1392 897 1541 937 viribus
1556 898 1650 947 suis,

356 970 460 994 unus
489 956 662 1008 impetus
696 954 931 994 tribunicios
953 953 1240 1008 popularesque
1263 956 1455 1009 procellas
1486 955 1651 994 sustine-

354 1012 434 1052 bat.
495 1013 587 1052 Hoc
620 1013 737 1060 duce,
769 1011 869 1064 saepe
902 1012 999 1065 pulsi
1022 1011 1110 1051 foro
1133 1011 1298 1061 tribuni,
1329 1012 1414 1051 fusa
1447 1027 1491 1052 ac
1513 1012 1650 1067 fugata

355 1070 465 1124 plebs
487 1071 555 1109 est.
575 1070 644 1122 qui
666 1069 805 1110 obvius
827 1069 973 1118 suerat,
1005 1070 1205 1108 mulcatus
1223 1070 1473 1122 nudatusque
1495 1069 1651 1109 abibat:

355 1138 399 1167 ut
429 1128 519 1167 satis
555 1136 777 1196 appareret,
810 1127 835 1166 fi
873 1128 922 1167 fic
960 1127 1022 1182 agi
1058 1127 1212 1176 liceret,
1243 1126 1392 1166 vietam
1414 1128 1543 1181 legem
1562 1128 1649 1166 effe.

353 1186 481 1235 Tum,
503 1185 626 1239 prope
644 1187 729 1240 jam
743 1186 930 1238 perculsis
953 1185 1038 1224 aliis
1059 1184 1246 1235 tribunis,
1270 1185 1320 1223 A.
1343 1184 1575 1249 Virginius,
1603 1198 1651 1223 ex

354 1244 523 1298 collegio
546 1258 666 1292 unus,
697 1243 858 1282 Kaesoni
881 1243 1021 1296 capitis
1039 1243 1144 1282 diem
1170 1217 1280 1281 dicit.
1311 1252 1422 1282 atrox
1445 1242 1652 1296 ingenium

354 1303 592 1340 accenderat
612 1315 660 1340 eo
678 1300 788 1340 sacto
806 1302 947 1355 magis,
980 1316 1047 1354 qu
1039 1315 1102 1340 am
1120 1310 1279 1340 conteri
1283 1309 1418 1339 uerat
1449 1314 1498 1339 eo
1519 1297 1652 1339 acrius

353 1358 508 1398 obstare
526 1358 620 1412 legi,
652 1358 800 1412 agitare
823 1359 995 1410 plebem,
1017 1358 1199 1398 tribunos
1219 1359 1328 1396 velut
1346 1358 1453 1412 justo
1471 1356 1654 1411 persequi

354 1417 471 1456 bello.
534 1416 758 1455 Accusator
780 1416 860 1468 pati
883 1430 996 1454 reum
1025 1430 1155 1463 ruere,
1187 1415 1426 1467 invidiaeque
1449 1415 1652 1453 flammam

355 1489 400 1514 ac
434 1474 643 1513 materiam
666 1476 727 1527 (7)
750 1473 985 1512 criminibus
1018 1473 1096 1512 suis
1130 1473 1364 1527 suggerere:
1395 1473 1524 1526 legem
1554 1471 1656 1510 inte-

355 1533 448 1581 rim,
480 1545 560 1571 non
583 1541 664 1570 tam
687 1532 736 1570 ad
765 1531 873 1584 spem
895 1530 1137 1584 perferendi,
1170 1529 1291 1583 quam
1324 1531 1373 1569 ad
1395 1530 1654 1569 lacessendam

355 1589 536 1629 Kaesonis
560 1589 841 1637 temeritatem,
874 1587 990 1627 ferre.
1052 1588 1111 1627 Ibi
1144 1589 1287 1639 multa,
1319 1587 1419 1640 saepe
1441 1587 1489 1627 ab
1511 1588 1655 1642 juven-

355 1657 440 1686 tute
470 1644 691 1686 inconsulte
720 1646 828 1685 dicia
856 1645 1060 1698 factaque,
1082 1646 1122 1684 in
1151 1646 1270 1684 unius
1294 1645 1474 1685 Kaesonis
1501 1644 1656 1698 suspec-

355 1716 444 1743 tum
475 1704 657 1743 incidunt
680 1703 912 1757 ingenium:
944 1714 1077 1742 tamen
1107 1703 1184 1757 legi
1206 1702 1466 1742 resistebatur.
1528 1703 1579 1741 Et
1603 1703 1654 1741 A.

356 1762 570 1816 Virginius
592 1761 811 1800 identidem
829 1760 960 1814 plebi:
991 1761 1142 1814 Ecquid
1146 1761 1296 1815 sentitis
1304 1762 1407 1814 jam,
1439 1775 1515 1808 vos,
1551 1759 1656 1814 §Qni-

358 1822 461 1867 rins,
494 1819 674 1873 Kaesonem
693 1818 814 1873 stmzcl
831 1820 947 1857 civem
973 1819 1024 1859 {53³
1055 1819 1181 1871 legem,
1213 1833 1323 1871 quam
1354 1819 1498 1870 cupitis,
1529 1817 1658 1856 habere

359 1893 427 1917 mn
440 1877 530 1932 post?
546 1880 566 1914 .9
601 1875 836 1930 Qtanqtmm
853 1876 944 1929 quid
961 1892 1020 1929 ego
1040 1877 1149 1929 legem
1166 1876 1288 1928 loquor
1303 1878 1322 1913 .9
1354 1876 1516 1913 libertati
1536 1875 1657 1930 olstat,

358 1950 477 1974 omnes
507 1934 731 1987 Tarquinios
745 1934 924 1988 superbiai
944 1935 1142 1988 exsizperat.
1204 1933 1434 1986 Easpefz‘ate,
1464 1933 1550 1971 dum
1576 1948 1658 1971 con-

346 1994 415 2046 Ε[ὶιί
431 2001 497 2031 aut
524 1990 782 2045 diffatorfiat,
818 2006 922 2043 quem
936 1993 1136 2043 privatmn
1158 1991 1302 2030 viribus
1327 1990 1378 2031 &³5⁹
1395 1991 1552 2030 audacia
1576 2006 1658 2043 reg-

360 2059 507 2089 nantem
527 2049 671 2088 videtis.
735 2048 1060 2087 Assentiebantur
1080 2048 1213 2096 multi,
1245 2047 1419 2100 pulsatos
1434 2047 1470 2087 se
1488 2061 1658 2100 queren-

360 2121 433 2156 tes,
470 2109 507 2146 &
525 2106 734 2145 tribunum
756 2106 805 2144 ad
826 2119 910 2144 rem
933 2106 1200 2160 peragendam
1224 2107 1328 2144 ultro
1349 2105 1580 2145 incitabant.

417 2165 513 2204 XII.
544 2164 636 2216 Jam
668 2164 803 2202 aderat
820 2164 974 2219 judicio
995 2163 1095 2213 dies,
1127 2162 1420 2216 apparebatque
1442 2160 1564 2217 vulgo
1585 2162 1657 2202 ho-

358 2223 488 2262 mines
511 2222 551 2260 in
573 2221 830 2262 damnatione
851 2221 1032 2260 Kaesonis
1052 2221 1276 2260 libertatem
1294 2220 1356 2274 agi
1379 2221 1553 2259 credere.
1570 2229 1657 2258 tum

359 2283 524 2320 demum
547 2279 713 2318 coaetus
731 2292 823 2319 cum
842 2277 968 2317 multa
989 2278 1225 2332 indignitate
1247 2277 1453 2330 prensabat
1472 2278 1657 2332 singulos.

360 2337 627 2392 lequebantur
660 2336 877 2386 necessarii,
909 2335 1109 2389 principes
1143 2334 1324 2375 civitatis.
1358 2335 1409 2373 T.
1437 2335 1659 2393 Qin&ius

361 2395 630 2449 Capitolinus,
663 2394 732 2447 qui
754 2403 814 2434 ter
849 2393 987 2433 consul
1008 2392 1152 2442 fuerat,
1185 2407 1311 2447 quum
1347 2393 1472 2432 multa
1493 2392 1659 2432 referret

363 2512 557 2554 perstabant,
588 2521 659 2542 curn
678 2510 845 2542 clientium
863 2522 972 2548 manu,
988 2521 1028 2541 ne
1046 2511 1185 2552 populus
1207 2510 1237 2541 se
1254 2510 1287 2546 in
1304 2511 1373 2542 suas
1396 2509 1498 2541 tribus
1515 2508 1658 2550 digerere

365 2557 472 2598 posset.
519 2556 574 2597 (6)
598 2555 782 2587 Crevierius
799 2556 931 2597 exponit
947 2557 1057 2587 multth
1073 2567 1131 2597 per
1148 2555 1245 2597 magud
1261 2556 1338 2586 curci.
1380 2554 1485 2596 Magis
1498 2553 1577 2584 mihi
1594 2555 1661 2595 pla-

363 2610 448 2634 ceret
467 2601 681 2643 ntplm·in1imz;
703 2608 738 2631 ut
755 2601 860 2631 sensus
878 2601 924 2637 fit,
950 2603 1025 2632 raro
1049 2601 1223 2632 admodum
1250 2601 1281 2631 &
1309 2600 1451 2631 consules
1475 2598 1660 2630 intererant.

364 2647 413 2682 ,sie
440 2646 503 2677 Cic.
521 2647 560 2676 ad
579 2648 665 2676 Fam.
687 2645 705 2675 l.
725 2654 751 2683 7.
768 2646 826 2685 Ep.
845 2655 895 2686 33.
911 2650 1061 2688 vivamque
1083 2653 1167 2677 tecum
1184 2646 1303 2678 multam.
1328 2647 1362 2676 E.
1406 2644 1461 2685 (7)
1484 2643 1661 2675 Materiam

364 2691 642 2727 criminationibus
659 2689 847 2722 tribuniciis.
1587 2730 1610 2770 s

1608 2744 1656 2772 ua
