1853 3158
349 279 633 330 LIBER
693 284 768 326 ΙΙΙ.
827 286 1010 328 CAP.
1071 288 1223 330 XLIX.

140 403 286 458 quibus
307 412 414 444 nu'nc
435 401 562 443 Novis
582 400 647 457 (6)
667 401 724 442 est
745 414 907 442 nomen.
930 412 1049 457 atque
1066 404 1120 444 ibi
1143 403 1190 444 ab
1218 403 1324 444 lanio
1344 403 1430 444 cul-

141 470 204 502 'tro
227 472 396 517 arrepto,
428 460 509 499 Hoc
526 469 561 499 te
581 475 663 509 uno,
694 476 761 514 quo
774 461 926 516 pfftm‚
956 464 1026 512 citt,
1058 463 1170 513 modo,
1187 462 1293 517 filia,
1325 464 1363 501 in
1385 462 1430 500 li-

142 522 314 560 ὀριταιειη
341 518 495 559 vindico.
556 516 707 558 Pectus
740 518 883 557 deinde
919 494 1061 572 puellae
1098 520 1320 575 transfigit·
1311 549 1323 568 ‚
1369 534 1432 558 re-

142 577 401 632 spefitansque
418 577 467 616 ad
489 575 678 626 tribunal,
711 575 778 624 Te,
810 576 955 629 inquit,
987 578 1101 630 Appi,
1132 587 1305 632 tuumque
1325 586 1433 630 caput

129 638 314 691 stinguine
339 635 403 674 hoc
428 635 581 689 consecro
613 636 688 688 (7).
730 632 917 673 Clamore
947 635 996 673 ad
1026 644 1108 674 tarn
1137 645 1249 675 atrox
1276 634 1434 675 facinus

143 704 232 734 orto
266 693 419 734 excitus
443 692 616 747 Appius,
647 691 935 757 comprehendi
956 692 1190 746 Virginium
1217 693 1345 748 jubet.
1369 693 1433 732 ille

144 751 265 800 ferro,
296 764 537 804 quacunque
554 749 653 800 ibat,
683 749 789 788 viam
806 749 965 789 facere:
997 751 1143 800 donec,
1175 751 1434 790 multitudine

143 809 263 849 etiarn
278 808 604 862 prosequentium
626 816 781 858 tuente,
814 808 863 847 ad
880 817 1036 861 portam
1053 808 1240 861 perrexit.
1298 808 1435 847 Icilius

144 862 478 920 Numitoriusque
509 865 706 920 exsangue
740 879 886 919 corpus
908 864 1108 905 sublatum
1144 865 1344 905 ostentant
1365 880 1437 918 po-

140 926 267 980 pulo:
297 925 423 965 scelus
442 923 579 977 Appii,
610 923 754 977 puellae
776 922 979 963 infelicem
1011 922 1203 975 formam,
1235 922 1438 963 necessita-

144 993 228 1022 tem
267 982 389 1036 patris
430 983 651 1036 deplorant.
723 981 948 1034 Sequentes
984 981 1192 1021 clamitant
1229 990 1438 1028 matronae,

147 1041 292 1080 Eamne
325 1041 518 1079 liberorum
539 1039 848 1093 procreandorum
883 1040 1114 1079 conditionem
1130 1043 1150 1077 ?
1188 1056 1227 1078 ea
1253 1039 1440 1092 pudicitiae

138 1099 294 1152 praemia
325 1098 419 1154 effi’?
451 1107 680 1150 ceteraque,
712 1110 802 1151 quae
839 1097 880 1136 in
915 1097 983 1137 tali
1005 1111 1046 1137 re
1069 1097 1274 1136 muliebris
1311 1097 1441 1144 dolor,

147 1170 228 1209 quo
263 1154 318 1195 est
355 1155 536 1195 moestior
571 1155 773 1195 imbecillo
805 1155 955 1206 animo,
985 1169 1033 1195 eo
1055 1154 1291 1195 miserabilia
1314 1154 1442 1208 magis

148 1213 407 1266 querentibus
424 1213 594 1268 subjicit.
654 1213 852 1252 Virorum
872 1216 911 1254 &
935 1211 1108 1253 maxime
1127 1213 1229 1253 Icilii
1245 1227 1322 1252 vox
1344 1221 1443 1260 tota,

148 1271 371 1312 tribuniciae
393 1270 596 1326 potestatis
618 1286 663 1311 ac
686 1271 981 1324 provocationis
1000 1272 1048 1311 ad
1066 1272 1263 1325 populum
1280 1279 1444 1324 ereptae,

147 1329 482 1384 publicarumque
499 1329 839 1383 indignationum,
872 1339 968 1368 erat.

206 1387 359 1427 XLIX.
392 1387 630 1427 Concitatur
647 1387 866 1426 multitudo
879 1387 1025 1440 partim
1046 1387 1253 1427 atrocitate
1274 1385 1446 1433 sceleris,

151 1444 296 1498 partim
318 1444 383 1498 spe
399 1458 470 1497 per
485 1445 733 1483 occasionem
764 1445 992 1497 repetendae
1019 1443 1224 1484 libertatis.
1288 1443 1447 1498 Appius

152 1516 259 1541 nunc
277 1502 410 1541 vocari
427 1501 603 1552 Icilium,
623 1515 731 1541 nunc
755 1503 814 1556 (1)
832 1501 1117 1541 retractantem
1130 1501 1276 1556 arripi3
1298 1502 1450 1555 postre-

152 1561 240 1611 mo,
261 1574 387 1612 quum
401 1560 514 1598 locus
534 1559 707 1598 adeundi
724 1559 1016 1612 apparitoribus
1037 1574 1119 1599 non
1153 1561 1329 1608 daretur,
1352 1559 1449 1613 ipse,

151 1631 247 1656 cum
265 1617 422 1671 agmine
441 1617 700 1669 patriciorum
724 1617 922 1670 juvenum
940 1630 1011 1670 per
1032 1617 1191 1656 turbam
1213 1618 1377 1665 vadens,
1406 1617 1447 1655 in

151 1675 311 1713 vincula
332 1674 425 1713 duci
443 1673 570 1728 jubet.
631 1675 723 1726 Jam
740 1674 845 1713 circa
866 1674 1026 1713 Icilium
1047 1689 1129 1713 non
1153 1673 1283 1714 solum
1313 1675 1452 1714 multi-

152 1732 265 1779 tudo,
286 1731 351 1771 sed
366 1732 487 1771 duces
510 1733 672 1784 quoque
694 1731 963 1771 multitudinis
985 1742 1098 1771 erant
1114 1732 1163 1771 L.
1187 1733 1375 1772 Valerius
1410 1734 1450 1771 δε

154 1790 215 1829 Μ.
239 1789 447 1829 Horatius.
466 1789 551 1842 qui,
569 1789 726 1842 repulso
746 1788 953 1843 liotore,st
968 1791 1062 1844 jure
1092 1799 1229 1844 ageret,
1262 1790 1454 1829 vindicare

141 1848 185 1903 st
202 1865 225 1886 a
234 1849 386 1900 privato
404 1849 464 1901 (2)
486 1847 631 1886 Icilium
649 1847 807 1887 aiebant
821 1863 833 1895 ς
849 1846 891 1901 fl
901 1848 979 1886 vim
998 1847 1135 1904 qfferre
1164 1857 1373 1898 conaretur,
1405 1849 1454 1887 ibi

153 1906 338 1960 quoquest
358 1905 460 1944 haud
477 1906 634 1958 impares
639 1906 741 1961 fore.
801 1905 912 1945 Hinc
931 1915 1044 1945 atrox
1065 1906 1150 1944 rixa
1166 1906 1306 1945 oritur.
1369 1906 1454 1946 Va-

156 1963 299 2003 lerium
320 1962 620 2016 Horatiumque
640 1963 760 2002 lictor
780 1964 997 2003 decemviri
1017 1964 1182 2003 invadit.
1210 1964 1455 2018 franguntur

158 2036 181 2060 a
210 2020 467 2060 multitudine
498 2020 636 2060 fasces.
698 2022 745 2060 In
785 2021 1025 2061 concionem
1061 2021 1219 2075 Appius
1260 2021 1450 2061 ascendit.

157 2079 393 2132 Sequuntur
412 2079 608 2118 Horatius
630 2078 909 2131 Valeriusque.
931 2094 1000 2119 eos
1031 2080 1174 2119 concio
1215 2080 1352 2120 audit:
1387 2080 1456 2118 de-

159 2136 334 2176 cemviro
354 2136 605 2202 obstrepitur.
665 2137 757 2189 Jam
779 2139 841 2190 (3)
858 2151 930 2190 pro
951 2137 1120 2191 imperio
1161 2138 1349 2177 Valerius
1381 2136 1457 2176 dis-

160 2196 301 2234 cedere
318 2210 337 2234 a
359 2195 511 2248 privato
532 2194 694 2234 lictores
711 2193 902 2249 jubebat:
938 2209 1082 2248 quum,
1117 2194 1257 2235 fractis
1297 2195 1458 2242 animis,

164 2253 339 2305 Appius,
357 2253 446 2292 vitae
465 2261 649 2291 metuens
677 2253 717 2290 in
740 2253 909 2291 domum
926 2252 963 2291 se
985 2253 1254 2307 propinquam
1276 2252 1407 2302 foro,
1398 2267 1459 2292 in-

1570 299 1645 339 225

1452 455 1597 495 Virginius
1609 453 1651 493 fi-

1447 501 1515 531 liam
1526 500 1624 529 occidit.

1468 1390 1538 1420 Oria
1555 1390 1613 1419 inde

1463 1436 1621 1467 certamina.

1478 2257 1588 2298 Appius
1600 2263 1640 2297 pt
1632 2261 1664 2286 ι

165 2309 252 2348 sciis
270 2310 515 2360 adversariis,
538 2311 666 2364 capite
680 2309 888 2360 obvoluto,
904 2311 1067 2364 recepit
1129 2311 1198 2376 Sp.
1216 2311 1394 2364 Oppius,
1416 2304 1518 2350 uts‘s
1506 2303 1610 2340 s⁰'⁰·

163 2367 311 2406 auxilio
329 2369 491 2422 collegae
504 2368 639 2419 estet,
631 2382 671 2407 m
684 2366 820 2407 sorum
834 2382 882 2407 ex
899 2369 1021 2409 altera
1035 2378 1146 2422 parte
1171 2369 1370 2423 irrumpit.
1402 2384 1424 2407 v
1429 2370 1461 2407 i-

1392 2426 1462 2466 det.

167 2541 386 2579 Lactantium,
408 2541 483 2582 quia
496 2542 699 2574 simulacrum
711 2543 780 2584 ejus
795 2542 829 2573 in
843 2541 950 2574 cloaca
967 2542 1103 2575 maximi
1118 2550 1283 2586 repertum
1300 2542 1382 2574 esset.
1408 2542 1463 2585 (6)

167 2588 262 2617 Novoe
278 2588 396 2616 tabernae
415 2586 499 2617 Livii
512 2598 584 2618 aevo
600 2587 811 2625 dicebantur;
837 2588 867 2618 &
881 2588 1022 2628 quidem,
1044 2588 1156 2620 omiffo
1174 2588 1317 2626 nomine,
1339 2589 1460 2619 Novae:

168 2639 202 2662 ut
220 2632 307 2672 apud
325 2631 392 2662 Cic.
407 2633 446 2662 de
464 2633 554 2663 Orat.
567 2632 586 2662 l.
608 2642 635 2664 2.
653 2644 678 2663 c.
695 2631 746 2663 66.
794 2633 850 2673 (7)
873 2633 961 2664 Diris
977 2635 1130 2665 devoveo.

214 2677 252 2707 C.
279 2686 334 2716 49.
359 2677 418 2720 (1)
429 2679 470 2707 Re
472 2685 519 2707 tra
522 2682 599 2707 έῖανε
616 2676 736 2708 dicitur
747 2678 787 2708 de
810 2688 849 2708 eo
863 2677 919 2718 qui
936 2679 1115 2710 constanter
1138 2679 1168 2710 se
1192 2678 1339 2715 retrahit,
1362 2679 1393 2708 δε
1409 2687 1465 2727 pa

168 2732 240 2752 rere
255 2721 390 2753 recusat.
402 2722 442 2753 s1c
454 2721 538 2752 infra
553 2733 582 2754 c.
595 2732 646 2761 52.
660 2722 691 2752 ὅ(
708 2722 796 2753 alibi.
844 2723 900 2763 (2)
916 2723 1064 2755 Afferere
1078 2723 1201 2755 Icilium
1213 2724 1272 2754 ab
1266 2722 1382 2764 injuria
1398 2723 1464 2762 ejus

169 2765 236 2805 qui,
249 2776 314 2798 non
337 2767 549 2810 magistratuS,
565 2768 616 2800 sed
634 2767 784 2810 privatus
798 2766 882 2799 effet.
900 2768 963 2799 vid
984 2769 1079 2810 supra}
1105 2780 1130 2801 c
1151 2778 1193 2805 4ο
1210 2769 1242 2800 δι
1266 2778 1319 2805 41.
1338 2767 1392 2840 (31)
1416 2765 1464 2795 Sic

215 2812 307 2843 wrm.
325 2812 343 2841 Ι,
836 2813 865 2843 O
1385 2817 1463 2850 ipre*

860 2848 879 2855 1-
