1832 3137
409 253 1228 297 LIBERI.CAP.XXV>
1627 266 1646 281 ἢ

178 367 257 408 lum
273 365 682 420 Ronmnmnstcfi’rito,
704 372 744 403 ut
762 378 821 416 ego
842 364 936 402 hunc
948 374 1098 416 porcum
1115 363 1176 402 hic
1189 362 1290 402 hodie
1293 362 1437 418 feriam
1448 382 1459 401 π

181 435 349 478 tantoque
364 425 485 477 magis
501 423 632 479 ferito,
664 432 796 475 quanto
824 423 939 474 magis
962 430 1060 473 potes
1073 421 1254 473 pellesque.
1316 421 1361 460 Id
1394 420 1461 459 ubi

178 483 295 531 dixit,
323 495 493 534 porcum
525 483 615 534 (17)
637 479 727 518 saxo
749 480 840 531 (18)
872 478 972 517 filice
1000 478 1193 531 percuffit.
1253 477 1334 517 Sua
1366 478 1460 517 item

179 539 358 579 carmina
381 537 526 577 Albani
548 537 743 589 suumque
760 535 1043 590 jusjurandum
1069 550 1138 588 per
1159 534 1272 574 suurn
1294 535 1463 575 dictato-

180 610 265 636 rem
282 595 448 649 suosque
465 594 685 634 sacerdotes
702 602 953 647 peregerunt.

239 653 375 692 XXV.
406 653 574 692 Foedere
596 650 696 702 icto,
726 650 944 704 trigemini,
966 649 1062 688 sieut
1083 659 1334 698 convenerat,
1356 664 1461 689 arma

181 710 358 764 capiunt.
419 710 560 768 Qum
582 708 639 747 sui
660 707 847 760 utrosque
863 706 1183 755 adhortarentur,
1201 709 1299 746 Deos
1310 710 1466 760 patrios,

173 769 343 820 patriam
364 783 407 807 ac
417 776 602 820 parentes,
633 765 812 819 quidquid
827 766 964 804 civium
985 764 1091 812 domi,
1113 765 1291 818 quidquid
1308 767 1345 803 in
1366 781 1467 803 exer-

181 824 333 879 cituflt‚
364 826 507 863 illorum
524 833 612 863 tunc
630 839 755 874 arma,
785 823 929 861 illorum
955 823 1093 860 intueri
1128 837 1282 860 manas:
1315 821 1467 861 feroces

178 885 243 936 (21)
277 885 315 922 &
338 881 476 935 suopte
497 880 675 936 ingenio,
708 883 748 920 δι
776 880 883 933 pleni
905 878 1201 918 adhortantium
1220 879 1399 928 vocibus,
1430 879 1470 917 in

181 939 362 978 medium
390 939 494 978 inter
514 939 613 978 duas
634 938 738 977 acies
759 938 994 990 procedunt.
1055 936 1326 976 Consederant
1347 936 1473 975 utrin-
1493 951 1641 981 certamin·

182 1010 262 1049 que
284 1010 356 1050 pro
382 996 517 1036 castris
548 997 628 1035 duo
660 995 873 1044 exercitus,
905 994 1070 1048 periculi
1099 995 1225 1048 magis
1257 993 1473 1047 praesentis,
1491 997 1629 1036 desm'prio

180 1052 307 1107 quam
328 1068 449 1102 curae,
480 1062 672 1107 expertes.
705 1053 852 1106 quippe
874 1052 1086 1105 imperium
1109 1052 1312 1106 agebatur,
1335 1052 1375 1090 in
1392 1061 1475 1090 tam

183 1125 407 1165 paucorum
428 1111 573 1150 virt-ute
604 1119 723 1163 atque
745 1108 908 1149 fortun'a
927 1110 1110 1163 positum.
1143 1110 1275 1161 itaque
1298 1112 1360 1163 (2)
1380 1123 1475 1163 ergo

183 1168 310 1208 ere-&i
342 1168 592 1222 suspensique
627 1168 668 1206 in
704 1165 869 1207 minime
911 1170 973 1221 (3)
1008 1176 1171 1220 gratum.
1203 1166 1476 1219 spectaculum

185 1226 320 1266 animo
355 1226 631 1265 intenduntur.
708 1225 841 1265 Datur
878 1225 1044 1279 fignum.
1077 1223 1304 1276 infestisque
1341 1224 1476 1272 armis,

186 1285 296 1323 velut
315 1283 434 1332 acies,
466 1283 566 1322 terni
584 1284 767 1338 juvenes,
799 1296 1038 1337 magnorum
1055 1281 1306 1321 exercituum
1323 1281 1477 1320 animos

185 1351 385 1394 gerentes,
416 1351 686 1381 concurrunt:
718 1354 791 1380 nec
813 1340 874 1380 his
896 1354 969 1380 nec
991 1339 1067 1378 illis
1088 1338 1312 1391 periculum
1334 1338 1476 1386 suum3

187 1398 395 1450 publicum
425 1398 640 1452 imperium
672 1398 953 1449 servitiumque
986 1395 1214 1435 obversatur
1235 1396 1383 1445 animo,
1414 1395 1478 1434 fu-

188 1465 358 1508 turaque
379 1470 424 1494 ea
446 1455 590 1494 deinde
612 1456 748 1508 patriae
768 1454 930 1494 fortuna
952 1467 1073 1506 quam
1096 1453 1163 1506 ipsi
1181 1452 1372 1492 fecissent.
1414 1453 1478 1492 Ut

188 1515 252 1566 (4)
273 1513 402 1566 primo
424 1511 555 1551 statim
583 1512 778 1552 concursu
800 1512 1031 1565 increpuere
1053 1524 1177 1558 arma,
1209 1509 1478 1562 micantesque

187 1569 333 1609 fulsere
366 1569 501 1624 gladii,
532 1569 674 1608 horror
704 1569 845 1623 ingens
878 1568 1102 1621 spectantes
1135 1566 1361 1620 perstringit
1380 1581 1389 1605 2
1422 1569 1479 1615 &‚

187 1625 333 1670 neutro
356 1625 544 1666 inclinata
565 1625 645 1679 spe,
677 1626 857 1679 torpebat
878 1639 953 1664 vox
970 1623 1216 1677 spiritusque.
1278 1623 1481 1663 Consertis

187 1685 330 1724 deinde
352 1682 554 1733 manibus,
575 1697 701 1735 quum
713 1684 797 1737 jam
819 1696 900 1722 non
921 1692 1056 1721 motus
1077 1679 1234 1720 tantum
1250 1695 1480 1733 corporum,

189 1741 432 1796 agitatioque
461 1754 605 1794 anceps
627 1742 799 1779 telorum
821 1742 882 1793 (5)
904 1752 1204 1791 armorumque,
1236 1737 1301 1777 sed
1317 1739 1482 1777 vulnera

189 1813 351 1852 quoque
376 1801 413 1838 &
437 1797 594 1852 sanguis
616 1797 843 1851 spectaculo
859 1797 1009 1844 effent3
1041 1797 1121 1834 duo
1144 1795 1336 1844 Romani,
1367 1795 1483 1848 super

190 1856 314 1895 alium
342 1856 458 1906 alius,
498 1855 715 1896 vulneratis
748 1855 874 1895 tribus
902 1853 1083 1901 Albanis,
1125 1852 1366 1905 exspirantes
1394 1866 1482 1895 cor-⁷

190 1923 372 1954 ruerunt.
409 1914 458 1953 ad
490 1927 664 1966 quorum
699 1912 833 1954 casum
866 1925 993 1965 quum
1027 1911 1303 1953 conclamasset
1335 1909 1481 1963 gaudio

1299 1967 1481 2009 Albanus

192 2091 246 2119 dies
273 2090 412 2130 Jupiiem
438 2088 524 2118 unde
550 2087 677 2128 conjicit
708 2086 853 2128 Sigonius
881 2086 1050 2127 legendum
1077 2084 1148 2121 effe,
1181 2092 1234 2114 tum
1266 2097 1306 2113 me
1333 2084 1481 2123 Diespitvr„

190 2133 351 2164 Observat
371 2140 478 2163 autem
506 2132 791 2163 Drakenborchius
821 2132 908 2171 quod
924 2132 970 2160 illo
986 2133 1027 2160 die
1047 2128 1254 2160 necessarium
1271 2128 1322 2163 est,
1348 2134 1482 2168 propter

193 2180 342 2209 ἀντιθεσιν
369 2176 528 2217 sequentis
560 2178 642 2207 hodie.
688 2177 765 2217 (17)
787 2177 871 2206 Vere
882 2184 969 2216 porca
998 2174 1031 2205 in
1059 2173 1152 2204 sacris
1180 2173 1390 2204 inadtabatur.
1436 2173 1481 2201 At

194 2222 325 2253 nomine
350 2224 430 2263 porci
464 2221 641 2262 intelligere
665 2220 826 2262 possumus
853 2221 884 2250 δε
914 2230 1035 2250 marem
1061 2219 1092 2248 δε
1115 2218 1287 2248 foeminam.
1334 2216 1410 2257 (18)
1435 2215 1482 2244 bic

195 2266 290 2304 infra,
328 2266 346 2296 l.
376 2276 428 2305 30.
454 2277 479 2297 c.
509 2276 560 2304 43.
582 2268 685 2307 lapides
699 2267 802 2308 silices.
848 2267 925 2295 Silex
957 2271 1048 2295 notat
1075 2263 1189 2303 lapidis
1209 2265 1346 2304 speciem5
1377 2263 1483 2300 fizxum

196 2319 303 2342 autem
315 2310 576 2351 magnitudinem.

241 2357 279 2386 C.
294 2365 343 2394 25.
364 2355 420 2396 (1)
444 2357 519 2386 Non
536 2356 610 2385 rari)
626 2354 789 2395 particulae
806 2354 875 2391 illae,
900 2355 937 2385 δ”
957 2354 1006 2390 ἰῦθ,
1026 2366 1101 2393 quum
1115 2359 1179 2388 tum,
1201 2351 1245 2381 ita
1262 2351 1420 2381 collocatae
1438 2359 1486 2378 re-

196 2400 380 2441 periuntur,
402 2407 448 2436 ut,
471 2399 545 2430 licet
569 2400 677 2439 quoad
703 2399 826 2429 sensum
850 2398 906 2429 fibi
923 2398 1147 2438 respondeant,
1171 2397 1278 2436 quoad
1294 2395 1484 2424 structuram

195 2453 304 2475 tamen
327 2444 503 2474 verborum
523 2455 561 2474 ex
577 2444 710 2474 adverso
727 2444 788 2474 sese
804 2454 870 2473 non
888 2442 1065 2483 respiciant.
1109 2442 1164 2481 (2)
1189 2443 1233 2470 lta
1250 2438 1358 2479 saepius
1374 2437 1486 2467 Livius

197 2484 287 2530 loqui
304 2488 413 2519 solitus
430 2488 489 2518 est:
514 2487 599 2518 infra
616 2488 634 2518 1.
652 2499 680 2527 3.
704 2499 728 2518 c.
747 2498 798 2526 31.
825 2489 856 2518 δε
874 2488 895 2517 1.
916 2497 965 2527 39.
989 2498 1014 2517 c.
1029 2496 1079 2525 25.
1125 2486 1245 2516 Eodem
1258 2484 1365 2518 modo,
1390 2483 1490 2524 itasir,

186 2537 253 2576 jam
276 2546 352 2570 nunc,
379 2531 517 2574 junctim
541 2533 728 2563 efferuntur.
752 2534 771 2563 l.
799 2542 826 2564 2.
850 2544 875 2563 c.
904 2542 952 2562 10.
977 2532 1008 2562 δε
1029 2532 1048 2561 l.
1075 2540 1126 2569 31.
1153 2541 1177 2560 c.
1196 2539 1247 2568 32.
1295 2527 1368 2558 Vid.
1393 2527 1488 2556 ctiam

196 2579 285 2620 Virg.
302 2581 418 2618 Georg.
433 2587 460 2607 1.
477 2586 528 2614 42.
565 2577 620 2618 (3)
643 2579 717 2608 Non
735 2577 829 2617 quale
845 2576 1062 2617 spectaculum
1078 2574 1303 2616 gladiatorum,
1318 2570 1428 2612 populi
1445 2573 1489 2599 de-

195 2626 312 2654 leb‘hzndi
327 2622 428 2664 grati&
441 2621 571 2652 editum.
595 2621 648 2661 (4)
673 2622 822 2661 Sequitur
837 2620 1009 2662 descriptio
1026 2620 1161 2661 pulchra
1178 2618 1306 2658 quidem
1319 2618 1350 2646 &
1363 2614 1490 2650 vivida3

198 2667 249 2698 cui
267 2675 373 2698 tamen
390 2665 529 2697 luxuries
546 2667 689 2706 quaedam
705 2667 735 2696 ἃς
753 2665 876 2696 inflatio
892 2665 979 2701 inest,
1001 2665 1104 2705 major
1129 2662 1257 2694 sortafl'e
1284 2664 1380 2701 quam
1397 2658 1489 2689 histo-

198 2712 301 2742 ricum
332 2712 430 2742 decet.
456 2713 489 2740 E.
535 2712 590 2751 (5)
614 2713 705 2741 Arma
733 2710 786 2741 hic
814 2711 886 2740 sunt
918 2710 1034 2750 quibus
1060 2719 1176 2749 corpus
1205 2705 1403 2748 protegitur3
1426 2705 1491 2739 tela,

199 2756 315 2798 quibus
331 2756 425 2790 hostis
451 2755 627 2798 impetitur.
673 2755 824 2788 Similiter
835 2754 891 2786 fibi
906 2753 1044 2787 invicem
1057 2759 1268 2795 opponuntur
1284 2762 1361 2779 asma
1380 2749 1411 2796 ἃ,
1426 2749 1492 2821 ‘fag

1403 2801 1435 2822 ΞΠ
1454 2801 1486 2822 lii}
