1853 3158
323 370 748 419 LIBERVIII.
809 373 994 414 CAP.
1062 374 1287 417 XXXVII.

159 489 385 536 vocatione,
423 490 486 541 (5)
511 487 833 528 intercessionem
871 503 1033 542 quoque
1072 491 1267 530 consensu
1305 491 1472 530 sustule-

156 557 250 589 rant
265 563 274 587 ε
305 559 432 599 quum
454 545 607 599 priores
622 546 840 585 decemviri
857 548 1125 599 appellatione
1142 543 1306 602 collegae
1324 549 1472 602 corrigi

160 605 316 646 reddita
338 602 386 643 ab
408 602 446 641 se
471 604 564 657 jura
585 603 788 650 tuliffent3
824 606 863 644 ἃ
888 605 1092 656 quredam,
1127 619 1218 657 quae
1242 606 1299 644 sui
1328 606 1472 660 judicii

161 662 287 703 videri
308 660 474 714 possent,
507 661 556 699 ad
590 662 789 714 populum
822 661 1058 715 rejeciffent.
1123 663 1390 715 Aliquamdiu
1421 677 1474 702 ae-

163 729 310 774 quatus
331 718 436 756 inter
469 731 612 758 omnes
648 728 776 757 terror
804 717 911 758 suit:
942 719 1152 772 paullatim
1189 730 1298 759 totus
1319 730 1475 758 vertere

162 778 204 819 in
226 775 385 831 plebem
407 776 545 829 coepit.
591 775 880 815 Abstinebatur
901 790 922 814 a
944 775 1156 816 Patribus:
1178 776 1219 814 in
1238 777 1475 816 humiliores

162 837 225 890 (6)
246 831 458 873 libidinose
480 833 779 885 crudeliterque
801 832 1107 874 consulebatur:
1144 836 1207 887 (7)
1240 833 1476 882 hominum,

163 906 247 932 non
270 890 497 941 causarum,
529 890 605 930 toti
626 900 766 938 erant;
798 899 842 929 ut
863 892 971 944 apud
993 905 1095 943 quos
1118 891 1244 945 gratia
1265 892 1348 930 vim
1370 892 1476 942 aequi

164 949 344 989 haberet.
390 948 552 999 Judicia
573 948 685 988 domi
707 947 952 996 conflabant,
974 947 1297 1000 pronunciabant
1315 948 1355 986 in
1372 947 1475 987 foro.

161 1007 207 1047 Si
230 1007 319 1059 quis
342 1006 538 1060 collegam
559 1005 802 1059 appellaffet,
833 1005 882 1045 ab
899 1019 963 1053 eo,
995 1006 1045 1044 ad
1067 1019 1190 1058 quem
1212 1014 1390 1054 venerat,
1423 1006 1478 1044 ita

164 1062 407 1112 discedebat,
427 1072 473 1102 ut
493 1063 724 1116 poeniteret,
742 1076 825 1102 non
842 1062 986 1116 prioris
1003 1064 1166 1102 decreto
1188 1063 1343 1103 stetiffe.
1377 1062 1479 1115 Opi-

166 1122 235 1160 nio
252 1121 374 1161 etiam
391 1121 470 1160 fine
488 1121 655 1160 auetore
669 1121 836 1169 exierat,
859 1134 941 1160 non
956 1120 997 1158 in
1014 1120 1219 1173 praesentis
1237 1118 1360 1159 modo
1377 1130 1480 1158 tem-

166 1179 276 1234 poris
290 1192 357 1218 eos
375 1177 565 1232 injuriam
581 1178 834 1231 conspiraffe,
857 1178 924 1217 sed
946 1177 1082 1217 foedus
1103 1177 1397 1217 clandestinum
1419 1177 1481 1215 in-

166 1246 227 1275 ter
248 1235 350 1289 ipsos
358 1236 635 1332 durejurando
658 1235 805 1285 ietum,
826 1249 876 1274 ne
909 1234 1072 1274 comitia
1094 1235 1305 1285 haberent,
1338 1248 1480 1287 perpe-

167 1303 320 1346 tuoque
386 1293 632 1332 ecemviratu
665 1293 876 1346 poffess'um
913 1292 1034 1332 semel
1069 1292 1299 1332 obtinerent
1321 1294 1383 1345 (8)
1405 1292 1481 1330 im-

172 1365 345 1405 perium.

226 1407 448 1447 XXXVII.
475 1407 825 1460 Circumspthare
846 1416 933 1446 tum
957 1407 1218 1460 patriciorum
1239 1408 1376 1446 vultus
1398 1407 1482 1459 ple-

169 1465 264 1513 beii,
298 1467 337 1505 &
357 1464 450 1504 inde
474 1464 668 1504 libertatis
691 1466 754 1517 (1)
777 1474 936 1517 captare
970 1479 1125 1514 auram,
1149 1468 1209 1518 (2)
1234 1465 1340 1503 unde
1363 1464 1482 1503 servi-

170 1531 301 1561 tutem
331 1522 512 1561 timendo
547 1521 588 1559 in
609 1519 705 1560 eum
733 1521 880 1560 statum
903 1521 1194 1574 rempublicam
1217 1522 1482 1560 adduxerant.

170 1579 376 1619 Primores
409 1579 578 1617 Patrum
611 1579 732 1617 odiss'e
755 1579 1018 1627 decemviros,
1041 1580 1161 1618 odiffe
1191 1579 1374 1631 plebem:
1407 1592 1481 1618 nec

171 1636 358 1690 probare,
391 1650 480 1687 quae
504 1635 674 1683 fierent3
701 1638 739 1675 8<
759 1637 938 1686 credere,
960 1635 1069 1675 haud
1092 1636 1268 1689 indignis
1286 1636 1482 1675 accidere.

167 1691 282 1732 avide
299 1694 454 1732 ruendo
473 1694 522 1732 ad
542 1692 769 1732 libertatem
792 1693 833 1731 in
851 1693 1082 1732 servitutem
1099 1697 1158 1746 (3)
1177 1692 1328 1746 elapsos
1340 1694 1481 1747 juvare

170 1751 303 1790 nolle:
335 1751 542 1789 cumulare
577 1764 740 1803 quoque
775 1750 957 1804 injurias,
987 1760 1031 1789 ut
1067 1751 1187 1790 tredio
1224 1751 1482 1803 prresentium

168 1807 353 1849 consules
383 1809 465 1855 duo
487 1808 652 1847 tandem
676 1810 716 1848 &
740 1807 863 1848 status
886 1807 1076 1862 pristinus
1110 1822 1247 1848 rerum
1270 1807 1310 1846 in
1333 1808 1485 1847 defide-

1377 1865 1483 1903 rium

172 2007 246 2040 pro,
261 2007 328 2028 non
339 2008 421 2039 opus
438 1998 488 2029 est.
503 2006 539 2029 ut
554 1997 652 2039 supra
669 1998 688 2030 1.
709 2008 738 2030 2.
755 2010 780 2029 c.
793 2009 848 2036 41.
872 1998 959 2029 infra
984 1998 1003 2028 1.
1027 2006 1077 2036 23.
1094 2007 1119 2026 e.
1133 2007 1162 2034 4.
1179 1997 1210 2027 ἃ
1228 1996 1305 2026 alibi
1323 1996 1416 2037 saepe.
1431 1995 1486 2035 (5)

176 2045 223 2074 Ita
239 2042 325 2073 inter
342 2043 373 2074 se
390 2043 635 2074 consentiebant
657 2043 844 2080 decemviri,
855 2052 891 2074 ut
909 2054 1005 2073 nemo
1022 2053 1060 2073 ex
1077 2041 1113 2071 iis
1130 2041 1262 2072 alterius
1284 2041 1420 2071 decretis
1438 2040 1485 2070 in·

175 2087 364 2118 tercederet.
405 2089 531 2118 Contra
548 2095 658 2118 autem
674 2087 768 2118 initio
782 2088 983 2129 magistratus
997 2087 1105 2123 fiebat,
1125 2088 1165 2117 de
1183 2097 1249 2126 quo
1259 2086 1325 2126 jam
1339 2085 1418 2116 dixit
1431 2085 1487 2115 Li-

174 2131 246 2163 vius
263 2133 354 2174 cffffl
364 2135 480 2162 invicem
493 2135 677 2174 appellatione
692 2135 865 2163 decemviros.
882 2132 952 2162 vid.
975 2131 1072 2173 supra
1097 2142 1122 2161 c.
1136 2141 1189 2169 34.
1203 2132 1244 2161 ad
1261 2130 1315 2160 fin.
1353 2130 1410 2170 (6)
1423 2132 1487 2160 Pro

174 2175 321 2213 libidine,
344 2176 390 2207 ita
414 2184 450 2207 ut
472 2179 615 2208 facerent
638 2176 795 2217 quicquid
820 2177 893 2218 ipfis
918 2176 1044 2211 liberet,
1069 2175 1158 2206 nulla
1180 2175 1260 2216 juris
1281 2183 1336 2205 aut
1354 2173 1487 2214 aequita-

158 2220 217 2251 qis
234 2219 345 2252 habita
362 2221 496 2252 ratione.
531 2222 587 2262 (7)
602 2221 682 2252 Toti
698 2222 800 2253 dediti
817 2229 910 2252 erant
936 2220 1134 2257 hominibus,
1149 2230 1215 2250 non
1232 2220 1340 2250 causis.
1356 2219 1489 2249 illorum

177 2265 306 2296 tantum
324 2265 484 2296 rationem
503 2266 677 2297 habebant.
714 2265 918 2307 Subintelligi
943 2265 1172 2306 potestjudices.
1220 2264 1270 2294 Sic
1287 2264 1373 2294 insi-a
1395 2264 1418 2294 l.
1438 2272 1490 2302 37.

178 2320 206 2339 c.
226 2319 280 2349 49.
297 2317 364 2340 totos
381 2312 467 2340 adhuc
480 2313 614 2341 Antiochi
628 2313 740 2341 AEtolos
765 2312 825 2352 effi.
839 2313 873 2341 E.
915 2311 970 2352 (8)
986 2311 1123 2346 Obtinere,
1146 2319 1207 2350 pro
1224 2309 1430 2350 perseverare
1454 2307 1489 2343 ὶζὶ

178 2355 331 2392 tenendo,
353 2354 509 2386 obstinate
527 2363 650 2387 tenere.
698 2355 747 2386 Sic
771 2355 858 2386 infra
876 2355 898 2385 l.
920 2366 949 2392 4.
966 2366 992 2385 c.
1016 2355 1065 2385 16.
1084 2355 1104 2385 1.
1122 2363 1155 2394 9.
1173 2365 1198 2384 c.
1225 2354 1275 2392 38.
1294 2354 1325 2383 ἃ
1340 2352 1405 2384 Cic.
1421 2353 1440 2382 l.
1460 2361 1488 2383 1.

177 2399 220 2429 ad
238 2398 355 2441 Qint.
383 2401 487 2430 Fratr.
501 2401 559 2441 Ep.
576 2409 607 2430 1.

225 2444 263 2474 C.
284 2453 337 2481 37.
358 2443 412 2484 (1)
435 2443 509 2474 Vid.
537 2444 634 2484 supra
657 2451 724 2475 not.
743 2454 770 2484 3.
787 2445 828 2475 ad
852 2455 882 2475 c.
901 2454 952 2483 33.
971 2446 1095 2485 Captare
1120 2457 1221 2473 auram
1238 2441 1371 2484 proprie
1389 2442 1429 2472 de
1453 2451 1490 2472 eo

177 2487 311 2523 dicitur,
334 2487 391 2528 qui
405 2496 504 2518 vento
521 2488 687 2525 obversus,
701 2490 769 2530 ejus
784 2488 1014 2529 aspirationem
1031 2499 1086 2519 ore
1104 2488 1217 2529 patulo
1233 2487 1382 2528 colligere
1396 2496 1493 2516 cona-

180 2540 256 2570 tur3
279 2540 315 2563 ut
333 2533 421 2573 apud
438 2532 534 2562 Ovid.
561 2533 580 2562 l.
605 2542 632 2569 7.
656 2534 796 2565 Metam.
813 2543 843 2563 v.
860 2542 936 2571 557.
983 2532 1047 2564 Hic
1066 2534 1263 2564 transfertur
1280 2533 1320 2562 ad
1336 2529 1490 2572 plebeios,

179 2576 247 2616 qui,
265 2577 306 2607 ad
323 2576 476 2618 patricios
494 2576 630 2614 obversi,
652 2588 692 2608 ex
715 2577 828 2608 habitu
846 2577 911 2608 oris
927 2588 1039 2608 eorum
1056 2577 1215 2617 conjicere
1231 2583 1403 2611 conantur,
1418 2584 1491 2614 quae

181 2621 342 2652 libertatis
368 2622 598 2661 recuperandae
612 2621 681 2663 spes
698 2622 843 2663 superfit.
890 2624 946 2662 (2)
958 2625 990 2652 A
1007 2622 1126 2663 quibus
1143 2622 1222 2651 durn
1244 2620 1432 2651 servitutem
1451 2619 1491 2648 ti-

180 2665 324 2703 mebant,
346 2665 404 2707 ipfi
427 2665 627 2697 occasionem
650 2665 857 2697 decemvirali
877 2666 1026 2707 potestati
1048 2666 1265 2708 praebuerant.
1302 2665 1355 2705 (3)
1377 2666 1490 2704 Elapfis

182 2710 307 2741 codices
324 2721 436 2741 omnes
447 2710 631 2741 constanter
650 2711 799 2748 servant3
822 2718 942 2742 temere
959 2711 1058 2752 igitur
1076 2709 1260 2741 Crevierius
1271 2709 1390 2749 aliique
1402 2709 1490 2748 lapsos

181 2753 217 2784 in
234 2762 423 2785 contextum
449 2762 652 2796 receperunt.
692 2757 781 2786 Elaln‘
802 2763 911 2786 autem
932 2756 1057 2797 semper
1084 2755 1252 2785 notionem
1275 2754 1419 2795 effugiendi
1437 2750 1489 2780 vel

180 2802 319 2829 excidendi
335 2799 455 2836 habet3
479 2810 552 2840 quae
574 2799 704 2831 foi-taffe
724 2805 831 2841 neque
854 2800 1006 2831 hocloco
1030 2811 1048 2830 a
1072 2798 1159 2829 Livii
1183 2805 1290 2828 mente
1307 2796 1411 2827 aliena
1438 2794 1490 2825 est.

181 2852 300 2884 nempe
325 2843 454 2884 plebeii,
469 2855 486 2876 e
510 2844 659 2875 manibus
683 2844 897 2886 patriciorum
913 2843 1002 2884 quasi
1024 2846 1139 2887 effugere
1156 2842 1274 2880 conati,
1296 2841 1329 2872 in
1355 2839 1491 2872 servitu-

225 2888 319 2930 Tom.
345 2890 365 2919 L
533 2931 558 2955 ξ
905 2891 931 2921 P
1424 2892 1490 2915 tem

1614 388 1693 430 209
