1853 3158
383 254 421 297 L
451 255 471 297 1
502 255 536 297 B
564 255 598 297 E
629 252 671 296 R
730 254 807 296 IV.
867 256 905 298 C
937 257 976 299 A
1007 258 1053 301 P.
1114 258 1275 303 XVIII.
1622 263 1699 304 281

243 368 402 410 XVIII.
448 368 558 409 Inter
577 368 711 410 hostes
742 370 863 411 variae
884 370 997 412 fuere
1030 373 1249 414 sententiae.
1291 372 1483 424 Faliscus,

183 427 324 478 procul
340 426 389 466 ab
409 427 530 466 domo
547 426 732 467 militiam
748 442 854 482 aegre
871 430 1042 482 patiens,
1064 431 1233 484 satisque
1252 431 1380 472 fidens
1399 431 1482 480 fibi,

181 483 343 535 poscere
356 497 534 537 pugnam
551 498 559 523 ε
590 484 757 538 Vejenti
770 485 1035 538 Fidenatique
1052 489 1143 540 plus
1166 488 1246 541 spei
1264 489 1304 527 in
1322 488 1484 528 trahen-
1506 487 1539 514 V
1535 487 1630 538 ejfntes
1645 493 1707 516 ’ω’

182 539 235 578 do
256 539 359 579 bello
380 538 468 579 effe.
527 540 789 590 Tolumnius,
811 556 1046 594 quanquam
1064 545 1228 583 suorum
1250 546 1377 599 magis
1399 531 1685 605 ΡΙἎ-ξζῖτάζζξζ.

181 595 325 636 cebant
346 596 520 645 confflIa,
542 599 603 651 (1)
626 612 676 637 ne
697 598 962 652 longinquam
985 600 1171 639 militiam
1193 616 1275 641 non
1298 611 1480 654 pateren-
1500 619 1545 650 ὡς
1558 620 1705 656 Romam

180 662 247 692 tur
263 653 419 704 Falisci,
450 653 608 707 postero
629 655 693 694 die
716 654 753 694 se
781 666 1057 709 pugnaturum
1079 658 1214 697 edicit.
1275 659 1483 700 Dictatori
1679 660 1681 666 '

182 724 226 750 ac
250 709 465 761 Romanis,
498 712 611 764 quod
639 712 891 752 detrectasset
908 728 1087 767 pugnam
1110 714 1250 763 hostis,
1272 716 1397 755 animi
1415 731 1481 757 ac-

179 767 322 806 cessere
341 783 350 806 ι
381 768 621 821 posteroque
642 769 722 817 die,
740 770 825 824 jam
843 769 1038 810 militibus
1055 770 1180 810 castra
1203 772 1427 825 urbemque
1444 774 1487 815 se

179 834 485 878 oppugnaturos
507 825 789 873 frementibus,
820 826 862 864 ni
879 828 994 879 copia
1016 842 1164 881 pugnae
1183 828 1269 879 fiat,
1292 831 1483 882 utrinque

180 881 285 921 acies
306 881 411 921 inter
437 882 531 921 bina
552 882 677 922 castra
698 883 740 920 in
757 883 938 922 medium
960 885 1092 937 campi
1121 887 1361 938 procedunt.
1398 888 1484 927 Ve-

174 937 281 990 jens,
314 938 573 978 multitudine
604 939 829 988 abundans,
860 941 931 993 qui
954 943 1015 994 (2)
1037 942 1141 980 inter
1177 942 1483 984 dimicationem

178 994 304 1033 castra
334 995 522 1035 Romana
544 997 876 1050 aggrederentur,
908 998 995 1050 post
1017 1008 1177 1037 montes
1206 999 1481 1041 circummifit.

175 1050 324 1090 Trium
355 1053 600 1105 populorum
621 1053 823 1094 exercitus
844 1053 898 1093 ita
915 1054 1022 1093 stetit
1043 1055 1280 1107 instrmstus,
1313 1067 1357 1096 ut
1387 1059 1484 1097 dex-

178 1118 287 1147 trum
322 1123 449 1148 cornu
482 1110 693 1164 Vejentes,
727 1110 925 1150 sinistrum
948 1112 1090 1152 Falisci
1127 1123 1325 1163 tenerent,
1357 1116 1482 1154 medii

177 1165 390 1205 Fidenates
410 1166 546 1206 essent.
606 1168 799 1207 Dictator
819 1169 961 1208 dextro
983 1183 1111 1208 cornu
1140 1169 1332 1210 adversus
1360 1171 1483 1211 Falis-

178 1236 262 1270 cos,
285 1223 437 1263 {inistro
457 1234 597 1263 contra
618 1225 837 1279 Vejentem
853 1225 1110 1278 Capitolinus
1128 1228 1353 1284 Qimstius
1374 1229 1484 1269 intu-

176 1279 222 1318 lit
245 1280 364 1334 signa.
387 1289 479 1320 ante
494 1281 669 1321 mediam
691 1282 820 1321 aciem
842 1296 936 1321 cum
959 1284 1142 1336 equitatu
1164 1285 1351 1339 magister
1368 1287 1482 1339 equi-

176 1345 266 1375 tum
300 1337 496 1390 processit.
557 1339 780 1392 Parumper
814 1339 1015 1378 silentium
1053 1344 1095 1381 <Sc
1126 1341 1241 1393 quies
1276 1341 1369 1392 fuit,
1404 1357 1481 1383 nec

177 1392 370 1442 Etruscis,
401 1395 472 1433 nisi
506 1404 765 1449 cogerentur,
796 1410 976 1449 pugnam
998 1397 1173 1446 inituris,
1207 1401 1248 1438 δε
1281 1399 1480 1440 dictatore

177 1464 312 1489 arcem
336 1451 567 1490 Romanam
581 1451 847 1506 respe&ante,
869 1462 915 1491 ut
931 1452 979 1492 ab
997 1454 1234 1508 auguribus,
1257 1456 1371 1495 fimul
1387 1471 1480 1497 aves

178 1504 252 1546 rite
270 1507 508 1548 admififfent
521 1511 600 1562 (3),
621 1522 670 1548 ex
685 1509 904 1562 composito
921 1511 1130 1550 tolleretur
1145 1512 1312 1565 signum.
1353 1514 1480 1571 Qod

179 1563 294 1603 simul
329 1565 549 1618 conspexit,
581 1568 643 1619 (4)
664 1565 816 1619 primos
850 1567 1005 1618 equites
1036 1569 1212 1607 clamore
1246 1569 1401 1609 sublato
1437 1572 1479 1611 in

178 1620 334 1660 hostem
368 1622 508 1661 emisit.
530 1622 667 1661 secuta
703 1623 885 1675 peditum
907 1624 1013 1663 acies
1034 1625 1189 1678 ingenti
1209 1626 1247 1664 vi
1283 1627 1478 1667 conflixit.

176 1676 302 1716 Nulla
323 1687 434 1731 parte
462 1678 640 1732 legiones
660 1678 838 1718 Etruscae
855 1679 1075 1720 sustinuere
1102 1682 1301 1735 impetum
1324 1684 1480 1723 Roma-

177 1748 338 1773 norum.
365 1749 488 1788 eques
513 1734 688 1774 maxime
710 1735 934 1784 refistebat3
967 1738 1234 1791 equitumque
1256 1740 1375 1793 longe
1398 1740 1481 1780 for-

177 1791 344 1830 tissimus
366 1792 447 1845 ipse
483 1807 571 1843 rex,
603 1792 651 1832 ab
672 1793 785 1831 omni
807 1802 918 1846 parte
946 1794 1072 1835 effuse
1096 1795 1354 1848 sequentibus
1386 1798 1481 1838 obe-

177 1849 339 1903 quitans
361 1849 577 1903 Romanis,
609 1849 792 1890 trahebat
809 1860 1027 1897 certamen.

225 1966 260 1996 C.
280 1965 328 1997 18.
343 1965 399 2006 (1)
415 1967 465 1997 Ne
482 1966 611 2008 longam
627 1965 777 1998 militiam
790 1966 857 2008 pati
875 1967 1060 1999 recusarent
1079 1969 1197 2000 Falisci.
1213 1970 1278 2001 vid.
1296 1970 1391 2012 supra
1415 1980 1483 2004 not.

177 2020 208 2046 4.
220 2010 269 2040 ad.
286 2021 313 2040 c.
334 2020 384 2049 31.
397 2011 417 2041 l.
432 2021 458 2041 1.
504 2012 560 2052 (2)
576 2013 656 2042 Inter
667 2014 876 2049 dimicationem,
892 2023 953 2053 pro
970 2012 1092 2044 interea
1109 2016 1188 2045 dum
1205 2015 1387 2046 dimicatur.
1436 2018 1484 2047 Ita

179 2056 251 2084 inter
261 2057 402 2096 pralium,
416 2055 502 2085 infr-‘3
520 2067 545 2086 c.
566 2065 615 2096 19.
631 2059 704 2086 inter
719 2057 954 2098 commffzmjam
970 2065 1116 2095 certamen,
1139 2059 1158 2088 l.
1176 2059 1204 2089 6.
1221 2070 1246 2089 c.
1266 2069 1319 2096 24.
1344 2061 1399 2100 (3)
1416 2062 1485 2092 Sta-

180 2097 240 2128 tim
256 2106 292 2129 ut
316 2098 459 2141 auspicia
483 2099 621 2131 secunda
650 2099 861 2142 contigissent.
910 2103 944 2131 In
962 2100 1128 2143 disciplina
1142 2104 1289 2145 augurali
1313 2106 1401 2145 apud
1418 2106 1485 2135 Ro-

179 2152 303 2181 manos,
318 2155 393 2174 aves
409 2146 552 2175 admittere
567 2145 619 2176 seu
637 2148 759 2175 addicere
775 2145 942 2182 dicuntur,
958 2156 1030 2186 quae
1056 2147 1263 2188 permittunt,
1279 2159 1351 2188 quae
1368 2149 1488 2187 finum,

182 2194 218 2216 ut
243 2187 367 2227 aliquid
383 2188 456 2219 fiat:
483 2196 519 2219 ut
536 2189 633 2230 supra
648 2189 669 2219 l.
699 2199 725 2220 1.
755 2200 780 2221 c.
798 2189 839 2228 36
868 2191 899 2220 δε
918 2200 970 2228 55.
988 2198 1122 2231 tumque
1138 2203 1212 2223 aves
1228 2192 1421 2224 dicebantur
1437 2197 1487 2224 ade

182 2232 301 2272 mg'ffivae.
348 2232 472 2263 Contra
489 2232 683 2264 dicebantur
694 2244 769 2264 aves
785 2247 913 2270 remores,
934 2237 1045 2271 arculae,
1067 2236 1118 2266 vel
1132 2236 1273 2277 denique
1289 2238 1398 2275 indam,
1414 2249 1488 2278 quae

184 2273 218 2303 in
235 2275 382 2316 auspiciis
398 2285 570 2308 morantur
592 2285 751 2319 agentem,
773 2277 826 2309 seu
844 2286 955 2309 vetant
973 2279 1096 2319 aliquid
1114 2280 1191 2311 fieri.
1238 2280 1488 2314 Observandum

184 2328 285 2359 porro
298 2319 492 2360 dictatorem
509 2329 651 2361 quatuor
663 2322 715 2352 vel
732 2321 878 2362 quinque
890 2322 1040 2353 milliaria
1057 2324 1098 2354 ab
1116 2335 1188 2356 arce
1205 2325 1352 2355 Romana
1363 2326 1490 2364 distare,

184 2363 272 2394 unde
288 2363 328 2393 ab
345 2365 521 2405 auguribus
533 2366 715 2397 tollendum
731 2374 800 2397 erat
818 2365 950 2408 signum.
996 2368 1052 2408 (4)
1076 2370 1189 2399 Primos
1200 2373 1300 2410 equites
1318 2371 1413 2413 (γυψὶ,
1427 2382 1489 2411 pro

183 2406 308 2447 equites
316 2409 409 2448 prims>
421 2408 530 2439 emislt.
547 2418 583 2440 ut
596 2410 691 2452 supr}
706 2410 725 2440 l.
740 2420 766 2441 1.
779 2421 809 2441 c.
828 2420 880 2449 45.
896 2419 926 2441 ut
937 2415 1036 2453 prima
1052 2420 1120 2453 apta
1133 2416 1187 2443 dies
1194 2414 1336 2455 sacrfficio
1352 2417 1414 2454 visa
1431 2417 1464 2458 est
1476 2430 1487 2450 ,-

184 2451 218 2480 ἃ
236 2449 312 2482 alibi
331 2452 422 2493 saepe.
468 2454 569 2496 Emg'fit
584 2457 612 2484 in
640 2455 747 2497 hastem,
770 2465 887 2496 nempe
904 2467 942 2486 ex
957 2455 1081 2496 reliqua
1098 2457 1165 2487 acie
1182 2458 1215 2488 in
1232 2468 1330 2497 quam
1347 2458 1491 2492 ordinati

184 2503 291 2526 erant.
324 2495 475 2527 Similiter
491 2501 611 2528 emittere
625 2499 729 2543 hqstam
746 2501 773 2528 in
786 2500 875 2541 fines,
890 2510 1007 2540 nempe
1023 2511 1041 2531 e
1063 2511 1173 2538 manu,
1196 2503 1292 2542 supra
1317 2502 1336 2531 l.
1356 2512 1383 2532 1.
1396 2514 1421 2533 c.
1440 2513 1491 2542 32.

184 2542 292 2570 educere
303 2542 331 2570 in
348 2543 445 2576 aciem,
469 2551 585 2583 nempe
602 2552 641 2572 ex
671 2542 790 2579 castriS,
812 2542 836 2575 l.
865 2553 892 2574 1.
908 2554 933 2574 c.
958 2554 1008 2583 23.
1032 2547 1136 2575 educere
1153 2549 1180 2575 in
1197 2548 1297 2588 castra,
1320 2557 1436 2588 nempe
1453 2558 1491 2581 ex

184 2583 277 2622 urbe,
299 2583 360 2617 hoc
381 2584 435 2617 lib.
448 2596 477 2618 c.
496 2594 524 2626 5.
542 2586 667 2628 aliaque
684 2586 827 2628 plurima
842 2588 983 2630 ejusdem
998 2589 1131 2630 generis.

1243 2689 1360 2731 XIX.
1393 2659 1488 2732 Erat
