1853 3158
389 243 671 291 LIBER
730 242 806 284 VI.
868 241 1049 284 CAP.
1111 241 1166 283 V.

134 367 185 408 ab
219 366 311 407 odio
342 367 391 406 ad
424 362 701 419 pervastandos
732 359 846 409 fines,
877 373 927 399 ne
950 359 1047 412 quid
1069 358 1117 397 ad
1139 370 1240 396 nova
1264 353 1422 395 consilia

138 425 409 478 relinquerent
427 421 588 469 virium,
620 420 794 458 duxere:
825 419 995 457 alterurn
1017 416 1057 454 in
1089 428 1229 470 agrum
1250 413 1424 466 Tarquin-

139 482 329 522 niensem.
388 478 447 519 Ibi
475 477 621 531 oppida
642 475 901 515 Etruscorum
921 473 1116 515 Cortuosa
1150 476 1189 513 &
1224 471 1426 511 Contene-

139 540 209 579 bra
230 540 268 579 vi
290 546 401 591 capta
422 535 647 587 dirutaque.
713 532 777 572 Ad
798 531 1036 572 Cortuosam
1066 530 1167 569 nihil
1196 528 1427 569 certaminis

139 597 229 637 fuit.
261 592 476 649 improviso
498 592 641 640 adorti,
669 590 800 644 primo
821 591 995 629 clamore
1029 598 1147 641 atque
1181 588 1334 640 impetu
1363 599 1429 625 ce-

140 668 258 708 pere:
288 654 487 706 direptum
508 650 702 703 oppidum
725 657 844 700 atque
865 645 1072 685 incensum
1098 645 1167 685 est.
1228 646 1432 685 Contene-

140 713 210 752 bra
232 723 379 765 paucos
399 709 484 747 dies
511 705 854 761 oppugnationem
882 702 1092 751 sustinuit3
1125 702 1315 755 laborque
1337 715 1433 740 con-

141 770 296 818 tinuus,
326 780 409 806 non
442 766 506 805 die
527 779 609 804 non
630 763 750 803 nocte
777 761 971 809 remissus,
1003 759 1156 814 subegit
1191 774 1272 798 eos.
1305 772 1433 812 quum

141 827 184 866 in
205 826 269 866 sex
290 834 421 879 partes
443 823 589 863 divisus
605 821 803 862 exercitus
821 819 1034 859 Romanus
1056 819 1117 872 (6)
1140 817 1241 857 senis
1262 817 1370 856 horis
1393 816 1433 854 in

144 883 283 924 orbem
318 882 547 923 succederet
581 879 742 933 proelio,
773 877 995 931 oppidanos
1029 875 1188 915 eosdem
1221 881 1245 926 †
1280 874 1435 926 integro

144 944 206 995 (7)
241 941 394 994 semper
435 937 642 978 certamini
678 935 856 989 paucitas
895 933 1010 973 fefsos
1045 933 1263 988 objiceret3
1295 932 1437 971 ceffere

146 999 324 1047 tandem,
356 995 545 1048 locusque
569 993 780 1034 invadendi
815 992 955 1032 urbem
991 990 1188 1030 Romanis
1221 991 1337 1028 datus
1367 989 1445 1028 est„

144 1055 344 1097 Publicari
361 1054 536 1108 praedam
558 1051 728 1092 tribunis
749 1049 954 1104 placebat:
976 1048 1041 1088 sed
1064 1049 1293 1102 imperium,
1316 1048 1440 1100 quam

145 1113 370 1160 confilium,
402 1111 559 1165 segnius
594 1109 686 1149 fuit.
718 1109 817 1148 dum
858 1106 1120 1156 cunctantur,
1148 1108 1232 1161 jam
1266 1106 1440 1144 militum

146 1171 281 1224 praeda
297 1178 409 1218 erat;
432 1182 520 1217 nec,
536 1168 604 1207 nifi
629 1170 690 1221 (8)
710 1180 781 1220 per
794 1166 999 1212 invidiam,
1022 1164 1144 1203 adimi
1166 1173 1333 1217 poterat.
1365 1163 1444 1201 Eo-

147 1229 241 1268 dem
274 1242 394 1276 anno,
425 1241 475 1266 ne
512 1226 674 1280 privatis
708 1222 869 1264 tantum
904 1222 1092 1276 operibus
1120 1221 1311 1261 cresceret
1334 1220 1444 1267 urbs,

149 1285 396 1340 Capitolium
433 1297 594 1337 quoque
631 1282 722 1321 saxo
756 1282 950 1335 quadrato
981 1283 1040 1334 (9)
1074 1278 1344 1320 substructum
1366 1278 1445 1317 est:
1467 1278 1669 1319 Capi-'‘sl-''ifih‘

148 1357 252 1398 opus
273 1344 335 1383 vel
357 1343 397 1381 in
416 1340 525 1393 †h‘ac
548 1339 846 1394 magnificentia
862 1338 971 1378 urbis
990 1337 1330 1391 conspiciendum.

211 1401 264 1440 V.
297 1401 388 1452 Jam
413 1401 452 1439 ὅτ
475 1399 625 1438 tribuni
647 1397 788 1453 plebis,
805 1397 962 1436 civitate
980 1395 1217 1439 aedificando
1235 1394 1448 1449 occupata,

153 1457 368 1498 conciones
397 1456 484 1495 suas
512 1458 571 1510 (1)
592 1454 847 1508 frequentare
880 1453 1034 1509 legibus
1057 1453 1218 1508 agrariis
1250 1452 1450 1492 conaban-

155 1525 234 1555 tur.
265 1518 326 1569 (2)
360 1514 630 1553 ostentabatur
652 1513 693 1551 in
716 1512 824 1566 spem
846 1512 1087 1565 Pomptinus
1122 1525 1229 1565 ager,
1260 1520 1347 1551 tum
1371 1510 1450 1562 pri-

156 1571 289 1623 mum,
320 1571 405 1625 post
428 1571 572 1611 accisas
594 1586 614 1609 a
637 1570 811 1611 Camillo
831 1569 1073 1609 Volscorum
1105 1583 1180 1616 res,
1210 1567 1450 1621 possessionis

154 1630 264 1673 haud
286 1629 496 1683 ambiguae.
559 1627 896 1679 Criminibantur,
920 1627 1029 1665 multo
1050 1642 1130 1666 eum
1155 1629 1214 1679 (3)
1237 1625 1450 1681 irgfhstiorem

155 1702 291 1741 agrum
311 1687 355 1725 ab
376 1687 557 1726 nobilitate
577 1686 651 1740 tjffi’,
683 1685 794 1738 quhm
814 1702 837 1723 a
866 1683 1134 1739 l⁷0ffllsfi187⁹is
1149 1705 1161 1727 ,·
1195 1684 1239 1722 ab
1260 1684 1334 1722 illis
1353 1684 1451 1720 enim

155 1743 321 1794 tantiam,
338 1744 457 1799 quoad
469 1745 570 1783 vires
594 1743 645 1784 ἅθ’
663 1758 772 1781 arma
793 1741 1013 1792 habuerunt,
1030 1739 1242 1796 incufſscnes
1263 1757 1297 1780 eo
1303 1739 1451 1796 faHas.

1326 1798 1455 1838 nobiles

158 1930 256 1961 quem
280 1919 345 1961 ipse
367 1917 655 1950 Drakenborchius
671 1928 709 1948 ex
736 1916 856 1948 Ovidio
884 1916 1026 1953 adducit,
1049 1917 1110 1957 Ep.
1141 1925 1188 1945 11.
1205 1926 1238 1946 v.
1258 1915 1286 1946 8.
1313 1914 1368 1946 ubi
1390 1925 1455 1947 eme

160 1964 264 2007 phasis
290 1964 420 1994 minime
442 1963 633 2005 percipitur,
656 1963 677 1992 sl
704 1973 765 2003 pro
782 1962 915 2003 simplici
932 1965 1095 1992 examinare
1118 1960 1262 2001 accipias.
1311 1961 1371 1991 Sed
1396 1971 1455 1990 nec

161 2019 358 2051 magnopere
373 2009 570 2046 adversarer,
592 2008 614 2038 sr
630 2007 701 2048 quis
717 2009 884 2048 exigentibus
900 2014 962 2048 opus
980 2007 1102 2037 sumere
1119 2006 1228 2036 mallet
1250 2016 1310 2046 pro
1323 2008 1457 2046 adzjgmztiu

160 2056 207 2085 bus
230 2056 361 2096 populum
388 2057 427 2083 ad
448 2061 511 2095 opvs
532 2054 745 2095 perficiendum:
772 2052 1044 2092 quemadmodum
1065 2054 1174 2092 exigere
1183 2054 1328 2092 pam-dam
1346 2049 1456 2091 pafflm

164 2098 293 2130 dicitur.
311 2100 347 2129 E.
395 2098 449 2141 (6)
474 2100 520 2129 Ita
537 2097 708 2139 capesseret
723 2096 882 2138 proelium,
897 2104 933 2127 ut
949 2096 982 2127 in
1001 2095 1121 2137 singula
1138 2096 1285 2126 senarum
1302 2095 1457 2125 horarum

165 2143 266 2184 spatia
282 2143 409 2185 singulae
426 2142 584 2174 exercitus
607 2149 713 2183 partes
730 2140 786 2172 fibi
803 2141 837 2171 in
854 2141 966 2172 orbern
982 2141 1201 2172 succederent.
1249 2140 1302 2181 (7)
1327 2142 1457 2180 Semper

166 2199 264 2224 novo,
285 2198 452 2228 nunquam
474 2187 575 2217 finito.
624 2188 777 2228 Oppidanos
793 2189 888 2227 eofilem
905 2189 1035 2228 paucitas
1057 2188 1191 2226 objiceret,
1214 2196 1274 2225 pro
1303 2184 1460 2226 oppidani

166 2231 271 2263 eidem
297 2233 339 2262 ob
365 2232 559 2273 paucitatem
585 2231 814 2273 objicerentur.
860 2231 915 2272 (8)
939 2233 986 2262 Ita
1003 2239 1038 2262 ut
1061 2230 1182 2261 invidia
1207 2230 1282 2260 inde
1308 2229 1462 2265 oriretur,

167 2276 213 2307 ita
229 2284 264 2307 ut
283 2276 393 2307 odium
415 2276 525 2307 militis
541 2276 735 2307 excitaretur
751 2275 784 2305 iu
807 2277 916 2309 duces.
963 2276 1017 2317 (9)
1044 2276 1164 2306 Murus
1181 2286 1219 2306 ex
1235 2274 1342 2316 lapide
1358 2275 1460 2315 quad-

169 2328 241 2351 rato
258 2322 361 2351 fac‘tus
378 2321 460 2352 circa
474 2321 612 2352 radicem
623 2320 742 2354 montis
759 2320 936 2362 Capitolini
949 2321 1079 2363 ejusque
1096 2328 1202 2362 partes
1214 2319 1392 2356 inferiores,
1405 2320 1461 2360 qui

169 2365 358 2407 prohiberet
381 2376 421 2396 ne
437 2374 524 2396 terra
538 2366 751 2396 delaberetur.

214 2429 251 2462 C.
268 2437 297 2466 5.
319 2427 374 2467 (1)
390 2428 443 2458 Ad
456 2427 624 2458 conciones
641 2428 709 2459 suas
722 2429 925 2467 frequentem
935 2426 1056 2459 civium
1068 2427 1309 2459 multitudinem
1321 2427 1460 2458 allicere.

171 2473 259 2503 Idem
275 2472 525 2513 dixitfmquentici
542 2472 647 2502 ιινύαηᾶ
669 2474 804 2502 celebrare
822 2477 949 2509 αὲἲίοηω,
971 2473 1066 2514 supr}
1085 2473 1103 2503 l.
1124 2483 1152 2511 5.
1170 2485 1194 2503 c.
1220 2483 1267 2503 11.
1316 2474 1357 2502 Et
1380 2472 1461 2513 saepc

171 2517 303 2559 quidem
314 2520 497 2558 frequentare
513 2516 599 2546 idem
619 2516 662 2547 est
679 2517 767 2556 quod
783 2517 954 2548 celebrare.
979 2517 1064 2548 infra
1082 2517 1101 2548 l.
1125 2517 1176 2556 36.
1197 2529 1221 2548 c.
1240 2527 1289 2558 39.
1312 2519 1350 2546 ad
1363 2520 1462 2546 trima-

167 2565 254 2605 phum
262 2564 507 2602 frequentandum,
522 2561 552 2590 h.
568 2572 593 2591 e.
605 2562 808 2601 frequentem
820 2563 851 2592 δε
868 2561 1026 2592 celebrem
1039 2563 1231 2593 faciendum.
1276 2562 1331 2602 (2)
1355 2561 1462 2593 Aliter

172 2606 363 2648 diciturspes
379 2608 472 2649 qstendi
488 2607 519 2636 ὃς
535 2606 668 2648 (assentari,
713 2605 865 2646 [Locutio
880 2607 1008 2649 [stentare
1023 2609 1132 2649 inſjvem
1149 2608 1317 2649 desumpta
1333 2606 1464 2636 videtur

172 2651 264 2682 abiis
281 2651 336 2691 qui
355 2662 420 2681 rem
434 2651 575 2690 aliquam
586 2649 842 2690 conspiciendam
860 2652 1070 2691 protendunt,
1092 2663 1158 2692 quo
1176 2652 1228 2682 alii
1250 2652 1283 2682 in
1297 2652 1383 2693 spem
1396 2651 1463 2689 ejus,

174 2695 323 2743 potiundi
349 2697 520 2738 erigantur.
546 2694 593 2737 D]
637 2695 692 2736 (3)
718 2695 814 2738 Qasr
830 2695 935 2726 hostili
958 2696 1140 2738 direptione
1172 2705 1330 2728 vexatum.
1377 2694 1466 2724 Infra

1378 2740 1398 2769 1„
1417 2748 1465 2769 10,

1451 1327 1581 1369 sttui-lm.

1472 1615 1569 1644 ‘sribia
1587 1613 1638 1642 Pl.

1470 1661 1624 1690 molitiones.
