1853 3158
344 274 625 318 LIBER
684 271 782 311 VII.
840 270 1023 311 CAP.
1085 269 1222 311 XXX.

144 393 307 438 incendia
346 393 521 432 villarum
553 404 596 428 ac
630 388 776 436 ruinas,
806 388 925 426 omnia
941 387 1054 441 ferro
1093 387 1239 439 ignique
1272 383 1426 439 vestam.

149 452 298 505 Iifiine
327 453 385 488 ira
416 448 549 499 expleri
582 461 649 484 non
672 446 822 496 potuit?
885 445 955 483 Sed
975 444 1155 496 cupiditas
1179 442 1349 494 explenda
1371 442 1428 496 cst

146 525 187 547 ea
203 509 255 547 ad
270 504 541 560 oppugnandam
566 503 731 554 Capuam
760 503 871 554 rapit.
902 511 967 540 aut
987 501 1100 540 delere
1125 501 1247 539 urbem
1260 499 1432 552 pulcher-

152 568 303 614 rimam,
332 571 397 602 aut
429 560 491 615 ipsi
515 558 682 614 poffidere
715 559 852 597 volunt.
916 558 986 597 Sed
1015 573 1077 597 vos
1090 557 1225 610 potius,
1256 558 1433 605 Romani,

151 622 310 676 beneficio
324 620 434 674 vestro
451 626 614 670 occupate
634 631 725 664 eam,
756 615 867 668 quam
898 616 975 653 illos
995 615 1122 653 habere
1130 625 1199 666 per
1219 613 1433 668 maleficium

135 679 286 733 sinatis.
347 679 408 730 (5)
440 676 526 714 Non
543 676 664 727 loquor
677 673 777 726 apud
794 672 1012 725 recusantem
1017 671 1120 726 justa
1136 672 1223 709 bella
1232 673 1403 723 populum
1419 693 1432 716 ‚-

141 737 212 791 sed
226 745 359 782 tamen,
374 733 416 788 ſs
433 733 650 788 ostenderitis
669 730 810 769 auxilia
841 729 973 783 vssra,
1006 744 1048 766 ne
1068 729 1150 766 bello
1177 729 1317 780 quidem
1336 729 1438 767 arbi-

154 803 233 833 tror
265 793 362 831 vobis
395 801 480 844 opus
497 790 597 845 jore.
666 789 783 842 Usque
816 786 867 825 ad
896 801 957 824 nos
976 793 1195 837 contemptus
1217 785 1437 824 Samnitium

148 851 332 903 pervenit,
349 848 471 904 stipra
490 863 557 886 non
577 852 600 899 †
619 846 779 900 escendit.
841 844 970 896 Itaque
987 844 1046 896 (6)
1069 843 1201 881 umbra*
1223 843 1332 896 vestri
1345 858 1439 881 aux-

155 908 225 955 ilii,
268 907 444 954 Romani,
489 908 562 958 tegi
586 904 793 959 pffimus:
836 900 1010 954 quicquid
1039 900 1163 939 deinde
1194 899 1441 946 habuerimus,

156 964 330 1018 quicquid
346 962 408 1017 ipsi
411 963 621 1018 fuerimus,
653 960 810 1015 vestrum
831 959 873 997 id
896 973 995 996 omne
1021 957 1274 1012 existimaturi.
1338 957 1444 996 Vobis

156 1023 327 1060 arabitur
351 1036 440 1074 ager
463 1020 686 1071 Campanus,
716 1018 814 1056 vobis
846 1015 975 1068 Capua
1011 1016 1098 1054 urbs
1113 1015 1442 1070 frequentabitur:

156 1079 393 1125 conditorum,
421 1085 635 1130 parentum,
667 1075 834 1114 Deorum
871 1073 1132 1112 immortalium
1168 1086 1315 1110 numero
1351 1072 1447 1110 nobis

157 1137 273 1175 eritis.
336 1135 456 1175 Nulla
476 1134 607 1173 colonia
629 1132 747 1187 vestra
777 1133 864 1179 erit,
895 1146 970 1183 quae
1005 1145 1066 1168 nos
1089 1129 1240 1182 obsequio
1265 1144 1352 1182 erga
1383 1143 1447 1167 vos

147 1192 460 1248 fidequestlperet.
523 1194 583 1244 (7)
601 1191 782 1236 Annuite,
800 1189 938 1226 Patres
958 1187 1157 1240 conseripti,
1189 1194 1318 1224 nutum
1338 1191 1363 1238 †
1378 1201 1447 1224 nu-

162 1266 309 1303 menque
328 1249 485 1304 vestrum
507 1250 688 1287 invic‘tum
710 1246 924 1296 Campanis,
958 1245 1009 1284 ξδ’
1017 1244 1142 1298 jubete
1156 1244 1322 1297 sperare,
1354 1245 1448 1282 inco-

160 1309 291 1346 lumem
315 1307 480 1359 Capuam
491 1306 686 1360 futuram.
750 1302 1078 1357 Qia'frequentid
1100 1303 1258 1339 omnium
1274 1316 1449 1354 generum

166 1365 413 1404 multitudinis
426 1363 655 1416 prosequente
684 1361 831 1400 creditis
852 1375 912 1398 nos
931 1359 1031 1397 illinc
1052 1358 1229 1413 profestos
1243 1361 1262 1396 Ρ
1293 1364 1318 1410 †
1337 1358 1448 1411 quam

162 1424 282 1462 omnia
313 1430 477 1460 votorum
506 1420 815 1470 lacrimarumque
825 1417 936 1470 plena
960 1417 1092 1469 reliqui
1118 1419 1168 1454 e?
1200 1417 1238 1454 in
1259 1417 1334 1468 quoi
1355 1430 1451 1454 nunc

165 1480 415 1534 exspeffatione
421 1479 594 1531 senatum
607 1476 848 1528 populumque
883 1474 1131 1526 Campanum,
1160 1475 1338 1527 conjuges,
1367 1474 1453 1511 libe-

166 1538 286 1590 rosque
307 1536 436 1592 nostros
469 1535 564 1589 effe?
627 1534 733 1572 Stare
767 1547 902 1571 omnem
939 1531 1207 1570 multitudinem
1239 1530 1289 1568 ad
1310 1539 1452 1582 portas,
1478 1576 1481 1579 K

168 1609 269 1633 viam
289 1593 373 1632 hinc
378 1593 565 1648 ferentem
579 1591 854 1644 prospee'z‘antes,
882 1597 1018 1627 certam
1040 1588 1159 1638 habeo,
1191 1590 1252 1641 (8)
1273 1588 1363 1640 quid
1380 1588 1454 1626 illis

166 1667 242 1699 nos,
274 1650 413 1689 Patres
440 1650 639 1702 conscripti,
656 1647 824 1700 sollicitis
853 1662 896 1684 ac
916 1648 977 1699 (9)
991 1645 1228 1697 pendentibus
1254 1646 1370 1683 animi
1396 1660 1455 1683 rc·-

169 1709 345 1749 nunciare
364 1707 540 1760 jubeatis.
602 1705 776 1743 Alterum
811 1703 1005 1757 responsum
1039 1702 1213 1755 salutem,
1245 1703 1455 1750 vifftoriam,

167 1766 296 1814 lucem,
327 1780 370 1804 ac
408 1764 607 1802 libertatem
622 1783 636 1808 ;
681 1761 837 1801 alterum
872 1761 1029 1800 ominari
1066 1758 1204 1810 horreo,
1233 1774 1308 1813 quae
1331 1759 1455 1815 ferat.

173 1882 206 1923 βε
221 1892 239 1912 a
256 1891 321 1911 uno
347 1879 456 1911 codice
483 1878 602 1920 scripto
618 1877 720 1909 abesse
747 1877 895 1908 observat
924 1874 1115 1907 Crevierius.
1160 1875 1213 1916 (5)
1238 1876 1257 1906 i.
1269 1886 1295 1905 e.
1311 1874 1459 1915 quamvis

172 1925 321 1967 equidem
337 1925 430 1959 bella,
455 1925 554 1954 modo
569 1923 648 1964 justa
665 1922 736 1959 sint,
757 1933 814 1952 vos
835 1921 965 1952 minime
991 1921 1134 1951 recusare
1151 1920 1234 1951 soliti
1249 1919 1328 1957 estis,
1350 1927 1459 1951 tamen

173 1969 207 2002 id
235 1981 365 2011 quoque
396 1969 569 2000 dicendum
606 1966 757 2003 arbitror,
788 1977 828 1997 ne
866 1966 952 1996 bello
983 1965 1113 2006 quidem
1145 1964 1236 1995 vobis
1263 1975 1343 2005 opus
1380 1967 1459 1995 fore.

176 2015 230 2057 (6)
256 2014 351 2045 Nuda
377 2014 589 2044 ostentatione
615 2012 710 2042 vestri
731 2011 852 2042 auxilii.
899 2010 988 2040 Male
1006 2009 1070 2046 hic,
1101 2017 1136 2040 ut
1165 2009 1292 2051 opinor,
1312 2008 1460 2040 Draken-

175 2059 328 2094 borchius
345 2070 402 2100 per
419 2060 541 2089 umbram
567 2059 670 2088 auxilii
695 2055 844 2097 intelligit
860 2055 962 2096 ipsam
978 2055 1123 2091 tutelam,
1145 2053 1326 2095 praefidium
1342 2053 1460 2084 auxilii.

178 2107 291 2136 Fateor
308 2103 438 2144 quidem
454 2103 601 2133 umbram
617 2101 661 2132 ita
678 2101 759 2142 saepe
775 2099 992 2142 metaphorice
1015 2098 1173 2139 usurpari,
1196 2109 1255 2140 pro
1272 2109 1306 2129 re
1321 2098 1379 2128 sub
1396 2097 1461 2139 quii

176 2148 320 2180 homines
334 2149 439 2189 jacent
459 2146 570 2183 securi,
592 2147 758 2186 latentque
784 2145 864 2182 tuti3
887 2144 976 2185 quod
991 2143 1288 2180 Drakenborchius,
1308 2143 1461 2184 exemplis

179 2204 217 2224 ex
233 2193 339 2224 nostro
356 2192 468 2228 allatis,
491 2191 634 2222 ostendit.
657 2190 721 2220 vid.
749 2190 845 2230 supra
872 2189 926 2220 lib.
943 2189 966 2220 1.
984 2199 1012 2226 4.
1031 2200 1059 2219 c.
1079 2198 1133 2226 42.
1157 2187 1242 2218 infr}
1259 2188 1278 2218 l.
1296 2197 1347 2226 32.
1362 2199 1391 2218 c.
1409 2197 1461 2218 21.

177 2238 196 2267 l.
215 2248 264 2277 34.
281 2248 310 2268 c.
329 2247 361 2277 9.
385 2237 407 2268 l.
427 2237 476 2275 38.
489 2248 515 2267 c.
531 2246 581 2274 51.
604 2236 664 2266 Sed
676 2243 783 2266 tamen
801 2233 853 2265 hic
866 2236 960 2265 umbra
977 2235 1084 2264 anxilii
1098 2241 1211 2263 notare
1229 2232 1357 2263 videtur
1372 2232 1461 2263 auxi-

178 2282 259 2314 lium
287 2281 392 2322 potiiis
417 2281 572 2312 ostensum
599 2280 696 2321 quiim
717 2280 827 2310 latum.
871 2281 995 2310 Lucan.
1024 2277 1131 2309 Phars.
1151 2278 1170 2308 l.
1190 2278 1290 2320 1.stat
1306 2279 1462 2318 magnino-

180 2330 259 2358 minis
276 2327 380 2355 umbra.
404 2327 438 2355 E.
463 2326 515 2366 (7)
532 2325 580 2355 Sic
597 2324 789 2365 compellant
819 2323 976 2365 Campani
1004 2325 1166 2353 Romanos
1193 2330 1348 2362 tanquam
1375 2323 1462 2352 Deos

181 2372 347 2412 quosdam,
369 2372 507 2410 quorum
531 2377 612 2400 nutu
638 2376 812 2400 vertuntur
829 2380 864 2399 ac
882 2375 1038 2409 reguntur
1060 2367 1179 2398 omnia.
1225 2366 1375 2397 Similiter
1393 2366 1459 2397 Cic.

181 2428 227 2447 or.
244 2415 312 2456 post
324 2416 394 2445 Red
411 2415 450 2444 ad
468 2413 558 2457 Qir.
574 2425 598 2444 c.
613 2414 643 2445 8.
659 2427 803 2454 numenque
818 2414 935 2456 vestrum
951 2413 1021 2453 aequ?
1035 2414 1105 2443 mihi
1114 2425 1207 2454 grave
1226 2413 1409 2452 &fiznc‘i‘um,
1430 2424 1464 2441 ac

182 2463 302 2493 Deorum
320 2461 525 2490 immortalium.
549 2459 580 2488 ὃς
599 2469 624 2488 c.
642 2468 695 2489 10.
741 2459 795 2499 (8)
811 2457 896 2488 Scire
913 2457 1162 2498 cupienteS‘quid
1172 2458 1228 2486 illis
1244 2469 1290 2485 nos
1306 2458 1465 2486 renunciare

171 2508 305 2547 jzebeatIs.
352 2505 454 2544 Supra
470 2503 489 2532 l.
506 2513 535 2541 5.
551 2514 579 2534 c.
597 2502 647 2540 48.
669 2506 737 2532 diem
753 2506 783 2532 de
799 2505 840 2531 die
856 2504 1044 2543 pri-›speivanss
1067 2504 1164 2542 ecquod
1182 2503 1319 2531 auxilium
1344 2501 1378 2530 ab
1407 2503 1465 2531 dic·

181 2559 270 2583 tatere
281 2555 439 2592 appareret,
458 2549 492 2577 E.
541 2548 594 2587 (9)
611 2547 658 2578 Sic
674 2548 752 2578 Ter.
772 2548 892 2577 Heaut.
905 2557 933 2583 4.
947 2556 1016 2584 45.
1067 2547 1186 2587 Clitipho
1209 2559 1266 2575 cum
1277 2547 1330 2585 spe
1340 2546 1466 2586 pendebit

182 2598 279 2626 animi.
326 2593 394 2624 Cic.
408 2593 427 2622 l.
441 2592 468 2623 8.
482 2593 522 2623 ad
541 2595 610 2622 Att.
625 2594 681 2632 Ep.
696 2602 725 2629 5.
746 2593 784 2621 ⁴&
797 2590 882 2621 alibi.
894 2590 979 2621 infrii
993 2591 1014 2620 l.
1030 2591 1058 2622 8.
1073 2602 1102 2621 c.
1122 2601 1171 2630 13.
1183 2592 1339 2631 inter-spem
1355 2597 1468 2620 metum-

181 2654 232 2682 que
247 2640 386 2680 fispetgfhs
411 2640 506 2667 animi.
552 2635 701 2668 Similiter
716 2639 830 2668 territus
847 2638 931 2666 animi
948 2635 1008 2667 hoc
1032 2635 1086 2667 lib.
1110 2647 1135 2666 c.
1160 2645 1210 2675 34.
1224 2636 1364 2678 stupentes
1377 2636 1469 2665 animi

183 2685 315 2726 supral.
336 2683 362 2715 6.
380 2694 405 2713 c.
426 2681 479 2721 36.

1310 2722 1469 2762 Proinde

1565 281 1642 320 107
