1853 3158
145 238 222 279 218

139 646 162 674 I.
171 666 174 671 .
193 644 275 674 Smii

818 236 870 277 T.
929 236 1182 279 LIVII

360 350 580 391 Tusculum
603 355 664 406 (3)
691 352 740 391 ad
775 351 1093 405 supplementum
1129 354 1402 401 decernerent,
1443 351 1642 392 decemvi-

359 409 516 462 rosque,
547 409 594 449 ab
626 423 714 449 arce
735 409 899 449 Tusculi
921 411 1131 463 degressos,
1162 411 1202 449 in
1224 410 1357 449 castris
1376 408 1543 448 militem
1570 409 1642 449 ha..

359 465 475 505 bere:
523 466 646 506 castra
667 467 740 506 alia
755 481 776 505 a
797 467 955 507 Fidenis
977 468 1017 506 in
1038 467 1230 508 Sabinum
1252 481 1391 521 agrum
1412 465 1640 506 transferri:

358 521 542 576 belloque
565 525 669 563 ultro
701 523 908 563 inferendo
940 525 1128 564 deterreri
1158 524 1288 564 hostes
1310 539 1331 563 a
1352 523 1511 563 confilio
1533 522 1643 563 urbis

359 582 652 635 oppugnandae.

418 639 568 677 XLIII.
602 640 667 678 Ad
684 640 813 679 clades
831 638 877 678 ab
895 638 1070 679 hostibus
1092 648 1273 692 acceptas
1293 640 1373 678 duo
1395 637 1566 677 nefanda
1583 636 1644 676 fa-

361 696 495 738 cinora
517 695 728 735 decemviri
749 696 841 736 belli
864 697 1050 749 domique
1067 697 1270 750 adjiciunt.
1332 696 1378 735 L.
1401 695 1578 735 Siccium
1600 694 1641 733 in

359 753 532 804 Sabinis,
556 756 614 807 (1)
636 767 704 806 per
718 754 905 793 invidiam
922 754 1224 792 decemviralem
1241 752 1492 792 tribunorum
1507 765 1644 791 crean-

361 812 504 849 dorum
527 810 819 863 secessionisque
837 811 1059 850 mentiones
1081 812 1129 849 ad
1146 811 1287 863 vulgus
1308 809 1480 848 militum
1498 808 1644 847 sermo—-

360 867 477 907 nibus
509 868 678 911 occultis
701 867 908 918 serentem,
939 868 1258 921 prospeculatum
1281 866 1328 906 ad
1350 867 1484 906 locum
1509 865 1645 905 castris

361 926 597 978 capiendum
620 924 795 963 mittunt.
818 926 934 964 datur
956 925 1160 978 negotium
1179 923 1386 974 militibus,
1408 938 1508 976 quos
1530 921 1644 961 mise-

360 992 448 1022 rant
468 981 731 1034 expeditionis
752 982 837 1036 ejus
859 983 1039 1029 comites,
1071 990 1115 1020 ut
1134 996 1226 1020 eum
1254 991 1480 1034 opportuno
1516 979 1645 1019 adorti

360 1041 447 1079 loco
465 1038 746 1078 interficerent.
807 1039 930 1078 Haud
952 1039 1125 1077 inultum
1146 1038 1393 1077 interfecere.
1416 1051 1508 1076 nam
1541 1037 1646 1076 circa

360 1106 650 1149 repugnantem
676 1096 826 1148 aliquot
857 1096 1099 1134 insidiatores
1130 1095 1322 1143 cecidere,
1354 1109 1480 1147 quum
1507 1093 1585 1147 ipse
1607 1093 1644 1132 se

361 1153 611 1206 praevalidus,
643 1154 704 1206 (2)
735 1152 818 1206 pari
835 1153 982 1192 viribus
1003 1153 1151 1201 animo,
1183 1153 1476 1191 circumventus
1497 1160 1646 1189 tutare-

361 1221 438 1249 tur.
498 1210 706 1250 Nunciant
728 1210 768 1248 in
789 1209 911 1249 castra
934 1210 1071 1259 ceteri,
1103 1209 1394 1263 proecipitatum
1428 1208 1469 1247 in
1491 1207 1648 1247 infidias

361 1268 435 1307 esse
470 1270 557 1321 (3):
588 1267 764 1307 Siccium
800 1266 955 1321 egregie
991 1276 1251 1320 pugnantem,
1281 1266 1502 1318 militesque
1532 1264 1649 1317 quos-

361 1326 454 1363 dam
469 1339 561 1364 curn
581 1339 628 1363 eo
645 1324 811 1363 amifl'os.
844 1323 980 1365 Primo
1003 1324 1100 1364 fides
1123 1323 1404 1363 nunciantibus
1425 1323 1514 1362 fuit.
1545 1322 1646 1361 Pro-

362 1381 469 1422 feeaea
501 1382 643 1421 deinde
666 1381 807 1420 cohors
839 1382 888 1420 ad
918 1381 1174 1433 sepehendos,
1207 1381 1275 1435 qui
1307 1381 1548 1429 ceciderant,
1579 1380 1650 1418 de»

363 1438 630 1482 eemvirorum
664 1438 866 1491 permissu,
911 1438 1120 1503 postquam
1154 1439 1308 1476 nullum
1350 1437 1559 1489 spoliatum
1594 1435 1650 1475 ibi

363 1510 526 1561 corpus,
544 1495 830 1548 Sicciumque
822 1510 862 1534 m
882 1496 1014 1539 medio
1032 1496 1232 1550 jacentem
1248 1503 1540 1546 armatumque,
1562 1507 1650 1532 om-

365 1553 480 1593 nibus
518 1554 557 1592 in
593 1567 686 1592 eum
706 1552 822 1592 versis
859 1552 1104 1606 corporibus,
1135 1552 1295 1599 videre3
1325 1550 1499 1590 hostium
1520 1564 1650 1603 neque

365 1625 509 1664 corpus
532 1611 673 1658 ullum,
705 1624 778 1649 nec
799 1610 959 1664 vestigia
982 1609 1242 1656 abeuntium3
1273 1605 1457 1662 profefiffi
1489 1607 1537 1648 ab
1571 1608 1650 1647 suis

365 1667 625 1707 interfectum
658 1676 941 1716 memorantes,
987 1668 1154 1706 retulere
1187 1665 1649 1729 corpus.Inx1d1aeque

365 1726 481 1780 plena
502 1725 625 1767 castra
646 1734 775 1775 erant,
799 1727 836 1765 &
861 1725 1037 1766 Romam
1054 1723 1147 1765 ferri
1169 1723 1349 1777 protinus
1367 1721 1543 1762 Siccium
1565 1723 1650 1775 pla-

366 1842 385 1872 l.
404 1850 430 1873 2.
443 1852 470 1872 c.
487 1841 536 1872 60.
553 1842 572 1872 l.
590 1852 617 1881 3.
634 1852 658 1872 c.
674 1851 725 1880 52.
742 1841 761 1872 1.
781 1851 828 1880 15.
845 1853 870 1879 c.
888 1851 938 1882 39
983 1842 1037 1882 (3)
1063 1840 1246 1872 Gronovius
1263 1839 1390 1881 conjicit
1407 1839 1575 1880 legendum
1587 1837 1648 1869 effe

365 1900 407 1916 ac.
455 1887 502 1916 Dr
505 1886 738 1917 akenborchius
754 1886 873 1917 editam
885 1887 1055 1918 lectionem
1066 1894 1185 1922 tuetur,
1201 1886 1231 1915 δε
1249 1885 1309 1916 hoc
1322 1885 1418 1916 modo
1431 1883 1556 1914 locum
1550 1891 1650 1914 inter·

367 1938 521 1971 pretatur.
537 1933 684 1972 melfieppl
682 1938 814 1968 mentum,
836 1931 854 1961 i.
871 1942 895 1961 e.
907 1939 958 1972 pr
948 1939 1012 1961 eter
1028 1931 1247 1971 supplementa
1268 1929 1407 1959 militum
1424 1927 1456 1957 in
1475 1927 1610 1968 proelio
1601 1938 1652 1957 ln-

365 1976 585 2011 terse&orum,
608 1979 638 2005 cle
626 1989 681 2005 em
683 1983 774 2006 terent
791 1989 871 2005 arma
887 1977 1037 2016 ίΤιιβιιίιιιι,
1059 1974 1119 2005 illis
1132 1985 1246 2015 nempe
1262 1973 1317 2014 qui
1334 1984 1421 2004 arma
1437 1972 1469 2002 in
1486 1971 1559 2013 fugai
1576 1982 1653 2013 pro-

363 2019 514 2059 jecerant.
559 2022 606 2050 Eo
619 2020 707 2050 sensu
728 2023 767 2050 ad
785 2020 966 2062 praepofitio
986 2021 1017 2050 &
1038 2021 1124 2060 apud
1140 2019 1281 2049 nostrum
1299 2019 1329 2048 δε
1342 2018 1428 2059 apud
1444 2016 1523 2047 alios
1538 2027 1650 2047 occur·

367 2074 437 2094 rere
455 2063 635 2097 solet-infra
652 2076 676 2095 c.
691 2064 770 2096 62.1.
789 2074 838 2103 23.
855 2076 878 2095 c.
897 2064 978 2104 38.1.
998 2074 1049 2101 24.
1064 2075 1088 2094 c.
1105 2074 1155 2102 45.
1171 2063 1190 2093 l.
1209 2063 1260 2094 26.
1275 2072 1339 2101 c.5.
1352 2063 1372 2091 l.
1393 2071 1441 2101 30.
1458 2072 1482 2092 c.
1502 2071 1527 2091 1.

414 2127 448 2157 C.
462 2135 512 2164 43.
534 2126 587 2166 (1)
613 2125 778 2166 Captanda*
796 2125 957 2156 occasione
974 2136 1010 2156 ex
1022 2124 1151 2166 publico
1167 2124 1200 2154 in
1212 2122 1407 2155 decemviros
1418 2122 1502 2158 odio,
1518 2123 1548 2152 δι
1560 2121 1651 2152 simul

352 2211 355 2214 ,
368 2169 448 2200 illud
460 2181 588 2210 quoque
601 2172 750 2201 fovendo.
795 2171 849 2211 (2)
873 2171 971 2200 Haud
987 2170 1112 2199 minore
1127 2169 1225 2199 animi
1240 2168 1441 2203 fortitudine,
1464 2166 1561 2207 quam
1576 2166 1654 2196 viri—

369 2214 428 2244 brs
446 2214 598 2255 corporis.
644 2215 698 2255 (3)
722 2214 964 2244 Distind'tionem
981 2214 1073 2249 hanc,
1097 2224 1169 2244 cum
1188 2212 1351 2243 Crevierio
1365 2211 1504 2251 aliisque,
1525 2211 1557 2241 in
1575 2221 1653 2241 con-

371 2266 494 2290 textum
506 2259 624 2289 admifi.
669 2258 953 2289 Drakenborchius
978 2258 1040 2288 fine
1061 2258 1124 2287 uua
1146 2256 1346 2288 diffinistione
1363 2256 1473 2292 edidit,
1490 2259 1654 2297 praecipita-

370 2310 426 2333 tum
443 2307 470 2333 ιἰι
487 2305 593 2345 irsdias
610 2304 656 2345 eff
681 2305 750 2333 Sica*
732 2317 767 2332 ιι
752 2316 794 2332 um
810 2304 912 2344 egregie}
932 2309 1105 2344 pugilantrm,
1127 2304 1272 2342 militesque
1289 2302 1346 2332 ἃς.
1391 2304 1437 2331 At
1451 2311 1515 2330 non
1528 2307 1656 2330 tantum

371 2347 534 2378 codicibus
563 2347 769 2378 tribuendum
796 2345 828 2376 in
846 2347 904 2377 hac
930 2358 964 2377 rc
981 2347 1101 2383 censeo,
1123 2347 1200 2386 quin
1226 2345 1502 2386 interpunctiones
1527 2352 1655 2375 mutare

371 2392 475 2429 liceat,
497 2393 627 2432 quando
644 2393 747 2422 sensus
764 2391 909 2432 postulat.
956 2393 990 2422 ld
1006 2399 1112 2422 autem
1136 2391 1196 2421 hoc
1224 2391 1295 2421 loco
1317 2389 1393 2421 mihi
1411 2389 1538 2420 videtur
1554 2389 1584 2419 se
1607 2388 1654 2422 ita.

372 2437 497 2467 habere.
509 2447 611 2476 neque
622 2436 706 2467 enim
719 2435 905 2466 nunciatum
916 2436 976 2466 fuit
988 2437 1075 2476 quod
1087 2435 1203 2467 Siccius
1214 2434 1334 2476 egregie
1349 2445 1501 2477 pugnanS,
1513 2433 1564 2464 seu
1575 2433 1654 2465 dum

372 2481 493 2523 egregie
517 2489 684 2522 pugnaret,
707 2479 925 2521 praecipitatus
942 2481 984 2511 est
1011 2480 1043 2510 in
1068 2479 1214 2515 infidias3
1240 2478 1372 2519 (etenim
1394 2489 1459 2508 non
1473 2485 1653 2519 pugnatum

372 2524 477 2555 miffus
494 2527 609 2562 fuerat,
632 2526 683 2556 sed
700 2525 975 2566 prospeculatum)
992 2525 1042 2555 sed
1063 2525 1150 2564 quod
1166 2523 1354 2564 postquam
1347 2534 1379 2553 m
1396 2522 1522 2553 infidias
1544 2522 1654 2562 praeci-

372 2569 493 2609 pitatus
510 2570 617 2606 fuerit,
631 2569 752 2611 egregie
767 2580 910 2610 pugnans
926 2570 1114 2600 interfed'tus
1132 2569 1181 2599 est.
1229 2568 1558 2609 Verbumpraecipitare
1573 2567 1654 2607 saepe

373 2613 515 2644 absolute
533 2614 609 2655 poni
627 2614 690 2647 fine
711 2615 794 2647 casu
816 2614 942 2646 abunde
960 2614 1099 2652 constat3
1122 2624 1179 2644 nec
1193 2613 1286 2645 video
1300 2623 1353 2644 cur
1372 2623 1436 2643 non
1448 2608 1655 2654 praec'pifatarJn

371 2658 418 2702 ff
434 2657 687 2701 impersonaliter
703 2658 885 2701 accipiatur.
902 2661 935 2691 E.

1520 2698 1652 2750 cebat,
