1853 3158
156 291 236 347 356

162 931 194 962 'I⁴
192 945 217 961 r.
244 931 318 962 Il'Iil.

154 977 289 1019 plebeius-²

161 1157 202 1186 U.
222 1165 247 1186 c.
268 1164 342 1195 355.

156 1203 198 1231 A.
216 1201 257 1231 C.
275 1210 348 1240 397.

161 1247 195 1275 P.
207 1243 335 1276 Licinio

158 1289 220 1320 ὅτε.
227 1289 361 1321 Tr.Mil.

878 287 921 327 s.
981 287 1238 329 Livii

375 401 481 441 sunt.
547 400 604 441 At
638 399 678 439 in
702 400 875 452 Volscis,
907 403 1150 456 depopulato
1185 417 1297 457 agro,
1332 401 1478 442 Anxur
1512 397 1681 455 nequies

378 472 504 512 quam
537 467 835 512 oppugnatum,
867 461 957 499 loco
990 461 1069 500 alto
1106 461 1249 508 fitum3
1284 462 1343 509 δι’,
1374 458 1586 512 postquam
1620 460 1681 499 vis

378 515 489 555 irrita
510 524 611 564 erat,
641 516 745 554 vallo
766 515 950 569 fossaque
969 516 1136 557 obsideri
1157 528 1353 571 coeptum.
1414 515 1580 555 Valerio
1600 514 1681 555 Po*

379 572 454 611 tito
477 574 537 625 (4)
557 571 698 612 Volsci
719 574 923 626 provincia
943 584 1142 614 evenerat.
1204 576 1297 614 Hoc
1320 574 1423 614 statu
1444 572 1682 612 militarium

378 643 533 679 rerum,
564 628 704 669 seditio
736 630 921 670 intestina
951 633 1103 686 majore
1138 633 1244 671 mole
1266 641 1403 672 coorta
1441 633 1517 684 (5),
1555 627 1681 682 quam

378 685 482 726 bella
499 686 789 728 trae’cabantur.
816 691 871 736 δι,
902 703 1030 742 quum
1051 688 1248 728 tributum
1270 688 1444 728 conferri
1466 700 1536 741 per
1557 685 1684 725 tribu-

379 757 453 783 nos
475 757 557 783 non
579 745 719 798 posset,
750 758 823 785 nec
846 745 1089 799 stipendium
1112 745 1422 800 imperatoribus
1440 745 1684 791 mitteretur,

379 814 540 854 aeraque
561 802 747 841 militaria
775 802 971 856 flagitaret
1004 803 1136 853 miles,
1167 803 1276 842 haud
1293 803 1434 856 procul
1449 810 1550 851 erat,
1582 801 1683 854 quin

379 858 504 897 castra
540 873 702 912 quoque
725 859 886 899 urbanae
909 859 1111 900 seditionis
1138 860 1378 914 contagione
1409 859 1681 899 turbarentur.

379 915 490 955 Inter
509 915 581 956 has
612 916 689 956 iras
711 916 838 969 plebis
865 917 906 955 in
923 917 1077 965 Patres,
1109 932 1236 971 quum
1253 916 1405 957 tribuni
1427 915 1553 970 plebis
1572 928 1681 954 nunc

379 973 479 1012 illud
495 982 654 1027 tempus
671 974 746 1013 esse
762 974 941 1013 dicerent
962 974 1205 1015 stabiliendae
1220 974 1429 1024 libertatis,
1463 976 1501 1015 &
1527 972 1574 1012 ab
1591 972 1684 1012 Ser-

380 1030 455 1084 giis
474 1030 747 1084 Virginiisque
765 1032 814 1070 ad
830 1031 1007 1085 plebeios
1023 1032 1129 1072 viros
1151 1032 1274 1072 fortes
1289 1046 1333 1071 ac
1356 1031 1537 1071 strenuos
1558 1028 1685 1069 trans*

382 1085 537 1126 ferendi
561 1087 707 1127 summi
740 1087 934 1137 honoris;
966 1102 1047 1127 non
1070 1098 1206 1128 tamen
1228 1090 1332 1128 ultra
1362 1088 1585 1142 processum
1607 1086 1682 1137 est,

382 1143 505 1197 quam
521 1154 564 1184 ut
581 1159 686 1184 unus
708 1158 757 1184 ex
773 1144 906 1197 plebe,
922 1147 983 1198 (6)
1001 1145 1217 1199 usurpandi
1233 1146 1336 1200 juris
1353 1145 1489 1194 causa,
1509 1145 1556 1184 P.
1575 1143 1684 1185 Lici-

381 1202 473 1242 nius
481 1201 629 1241 Calvus
643 1201 829 1241 tribunus
843 1202 1019 1241 militum
1037 1203 1234 1242 consulari
1248 1202 1441 1256 potestate
1458 1210 1691 1242 crearetur:

381 1260 442 1313 (7)
462 1259 584 1299 ceteri
601 1259 758 1312 patricii
778 1259 901 1299 creati
921 1259 968 1300 P.
990 1259 1190 1311 Maenius,
1206 1260 1255 1300 L.
1275 1258 1471 1309 Titinius,
1497 1257 1545 1298 P.
1575 1258 1685 1298 Mae-

378 1316 472 1366 lius,
504 1316 553 1356 L.
576 1316 722 1356 Furius
749 1316 1020 1366 Medullinus,
1049 1317 1097 1356 L.
1127 1317 1326 1357 Publilius
1346 1314 1532 1357 Volscus.
1594 1314 1685 1368 Ipsa

378 1373 515 1427 plebes
528 1373 763 1423 mirabatur,
785 1373 823 1413 se
844 1383 998 1413 tantam
1015 1388 1100 1413 rem
1116 1374 1326 1415 obtinuisse
1342 1390 1354 1422 ;
1384 1387 1467 1413 non
1488 1373 1524 1412 is
1539 1369 1684 1422 modo,

378 1431 449 1482 qui
466 1440 622 1472 creatus
644 1440 742 1479 erat,
773 1431 833 1470 vir
846 1431 966 1470 nullis
983 1440 1074 1471 ante
1091 1429 1312 1471 honoribus
1329 1430 1438 1479 usus,
1458 1440 1574 1469 vetus
1595 1438 1684 1468 tan-

376 1485 468 1528 turn
488 1488 644 1527 senator
665 1491 743 1542 (8),
777 1491 818 1528 &
841 1498 956 1528 aetate
973 1489 1059 1543 jam
1086 1488 1229 1542 gravis.
1290 1488 1379 1528 Nec
1402 1487 1492 1527 satis
1513 1485 1684 1535 constat,

377 1559 451 1585 cur
478 1545 632 1599 primus
659 1560 702 1585 ac
721 1545 943 1598 potissimus
969 1547 1018 1585 ad
1035 1559 1186 1586 novum
1208 1545 1469 1586 delibandum
1485 1544 1684 1584 honorem

379 1602 425 1642 fit
445 1602 619 1643 habitus.
682 1605 744 1657 (9)
778 1603 861 1643 Alii
883 1601 962 1644 Cn.
999 1602 1179 1644 Cornelii
1211 1602 1361 1652 fratris,
1393 1603 1463 1657 qui
1495 1601 1685 1641 tribunus

1505 1658 1684 1699 militurn

378 1776 558 1818 obseffizsunt.
584 1775 637 1807 sed
654 1775 780 1808 codices
797 1774 907 1817 scripti
924 1775 1081 1807 omittunt
1095 1775 1129 1807 τὸ
1144 1789 1196 1806 nec.
1242 1776 1298 1816 (4)
1321 1774 1370 1806 Sic
1387 1775 1483 1816 supra
1497 1775 1522 1806 l.
1540 1783 1567 1806 2.
1592 1785 1617 1805 c.
1631 1783 1683 1811 40.

380 1823 507 1862 Aquillio
524 1822 647 1851 Hernici
667 1824 818 1862 provincia
834 1823 939 1852 evenit.
962 1822 993 1851 ὃ(
1007 1820 1084 1851 alibi
1101 1821 1191 1861 saepe.
1237 1821 1293 1861 (5)
1322 1822 1445 1851 Coorta
1460 1819 1545 1850 mole
1561 1819 1683 1860 majore

380 1864 480 1906 quam
493 1864 557 1906 qua
568 1865 654 1896 bella
677 1865 918 1896 traetabantur.
963 1865 1013 1895 Sic
1029 1865 1119 1907 Virg.
1146 1866 1164 1895 l.
1193 1874 1220 1895 1.
1242 1866 1317 1894 AEn.
1337 1875 1367 1894 v.
1390 1872 1462 1901 147.
1477 1871 1568 1894 coorta
1584 1865 1617 1906 est
1634 1864 1684 1894 Se-

378 1913 456 1940 ditio.
502 1912 548 1941 Ita
570 1917 660 1940 coorta
688 1912 735 1940 vis
757 1910 853 1950 supra
871 1910 893 1940 l.
914 1919 941 1948 3.
976 1920 1004 1941 c.
1025 1919 1074 1940 11.
1119 1907 1175 1951 (6)
1201 1910 1272 1939 Vid.
1295 1916 1361 1939 not.
1381 1919 1408 1948 3.
1425 1908 1466 1938 ad
1492 1918 1517 1938 c.
1530 1918 1586 1945 44.
1611 1908 1634 1938 l.
1653 1918 1683 1944 4.

379 1955 436 1995 (7)
462 1954 587 1985 Contra
609 1954 813 1985 statuendum
840 1954 971 1984 videtur
988 1965 1099 1984 omnes
1116 1953 1233 1984 Licinii
1259 1953 1406 1994 collegas,
1434 1960 1551 1993 praeter
1579 1952 1683 1983 solum

381 1999 526 2033 Furium¹
553 1998 707 2039 plebeios,
722 2009 789 2029 non
807 1998 971 2039 patricios,
994 1998 1097 2029 fuisse.
1145 2000 1184 2028 Et
1202 1998 1269 2039 ipse
1281 1997 1395 2028 Livius
1411 2007 1448 2028 ex
1465 1996 1515 2026 his
1531 1996 1682 2028 omnibus

379 2042 530 2074 tribunos
547 2042 660 2084 plebis,
685 2044 726 2073 ad
743 2054 840 2083 quem
856 2043 1075 2084 magistratum
1088 2042 1201 2083 utique
1218 2041 1364 2072 homines
1380 2040 1592 2082 patriciarum
1607 2051 1683 2082 gen-

380 2088 463 2118 tium
479 2098 546 2118 non
572 2087 839 2123 admittebantur,
862 2099 919 2128 per
945 2087 1143 2118 occasionem
1164 2087 1198 2117 in
1226 2085 1363 2117 historiis
1388 2085 1450 2116 suis
1476 2085 1681 2115 memoravit.

381 2131 573 2163 Perizonius
598 2131 631 2161 in
649 2132 758 2162 Anim.
780 2131 859 2162 Hist.
875 2143 904 2162 c.
923 2131 955 2163 3.
988 2131 1093 2162 censet
1119 2131 1152 2161 id
1169 2130 1266 2161 Livio
1282 2129 1388 2160 fraudi
1406 2128 1507 2165 fuisse,
1530 2130 1619 2168 quod
1648 2129 1682 2159 in

380 2176 465 2208 fastis
482 2176 600 2217 legiffet
618 2176 782 2207 Licinium
792 2180 917 2218 primum
934 2186 971 2206 ex
989 2176 1082 2216 plebe
1103 2176 1273 2206 tribunum
1289 2174 1429 2204 militum
1446 2173 1607 2204 consulari
1624 2184 1683 2214 po-

381 2221 491 2252 testate
513 2222 638 2252 fat‘tum
655 2220 736 2258 ess'e3
760 2222 846 2251 unde
863 2220 1053 2260 etiamsblum
1076 2221 1116 2250 de
1139 2219 1233 2260 plebe
1251 2226 1396 2250 creatum
1420 2217 1480 2249 esse
1507 2217 1684 2258 putaverit.

381 2266 466 2296 Illud
479 2273 587 2296 autem
603 2266 643 2296 de
660 2264 787 2296 Licinio
804 2265 1002 2306 potissimum
1014 2264 1090 2301 dici,
1111 2265 1200 2304 quod
1217 2263 1242 2294 is
1256 2263 1363 2304 primo
1374 2263 1447 2293 loco
1460 2261 1545 2293 inter
1558 2269 1683 2293 ceteros

381 2309 525 2351 plebeios
553 2310 733 2351 designatus
760 2310 857 2340 fuerit
872 2322 877 2339 :
905 2309 1180 2350 quemadmodum
1210 2310 1246 2339 L.
1264 2310 1385 2338 Brutus
1404 2310 1516 2348 primus
1540 2308 1638 2347 Cctgsul
1663 2318 1686 2338 a*

380 2354 515 2385 Valerio
532 2356 624 2385 Max.
641 2354 774 2394 aliisque
791 2354 920 2385 dicitur.
968 2354 1022 2395 (8)
1050 2355 1123 2384 Hoc
1149 2353 1291 2394 primum
1308 2352 1380 2383 loco
1397 2351 1432 2382 fit
1453 2350 1576 2382 mentio
1593 2352 1682 2392 apud

380 2399 514 2431 Livium
530 2399 683 2430 senatoris
700 2398 825 2440 plebeii.
876 2400 952 2441 Qo
968 2405 1077 2428 autem
1092 2405 1238 2439 tempore
1254 2397 1360 2428 aditus
1377 2396 1410 2426 in
1423 2395 1620 2427 senatorium
1631 2406 1684 2426 orn

380 2444 490 2475 dinem
518 2443 652 2484 plebeiis
679 2443 831 2484 patuerit,
855 2454 921 2473 non
944 2443 1016 2474 satis
1045 2443 1174 2473 constat.
1220 2441 1394 2483 Dionysius
1411 2441 1543 2481 quidem
1559 2441 1598 2470 de
1615 2440 1683 2480 ple-

380 2488 459 2519 beiis
473 2489 506 2518 in
519 2488 665 2519 senatum
678 2488 826 2524 admistis,
848 2487 933 2519 inter
947 2487 1009 2518 alia
1024 2487 1191 2528 ejusmodi,
1214 2487 1244 2517 se
1260 2487 1317 2517 suo
1334 2486 1407 2517 loco
1423 2485 1590 2516 dicturum
1607 2495 1682 2525 pro=

381 2533 495 2564 mittit„
543 2534 655 2574 Qum
671 2532 770 2573 igitur
792 2533 825 2562 in
847 2532 938 2563 libris
956 2531 1176 2573 superstitibus
1200 2532 1294 2572 hujus
1323 2530 1368 2561 rei
1394 2540 1461 2560 non
1489 2528 1683 2565 meminerit„

379 2577 455 2607 libri
468 2585 576 2608 autem
593 2576 782 2619 Dionyfiani
800 2576 956 2617 supersint
978 2577 1079 2617 usque
1090 2577 1130 2607 ad
1147 2587 1269 2607 annum
1286 2587 1320 2607 u.
1334 2587 1359 2606 c.
1377 2584 1451 2613 312.
1466 2572 1611 2604 accidiffe
1627 2574 1683 2604 de-³

380 2622 452 2652 buit
478 2621 564 2652 intra
587 2620 865 2662 quadragesimum
879 2629 1033 2661 quartum
1055 2632 1177 2652 annum
1194 2628 1269 2651 ante
1286 2619 1450 2650 Licinium
1466 2617 1608 2659 prinlum
1625 2617 1683 2647 tri.-

380 2666 506 2696 bunum
523 2666 663 2696 militum
679 2666 840 2697 consulari
857 2666 1012 2706 potestate
1029 2676 1066 2696 ex
1089 2666 1195 2706 plebe.
1242 2665 1297 2706 (9)
1320 2663 1387 2694 Alii
1408 2664 1544 2693 credunt
1562 2661 1682 2692 Licini-

382 2721 435 2742 um
453 2712 494 2742 ad
510 2717 638 2742 tantum
655 2711 813 2743 honorem
835 2711 1018 2744 extractum
1040 2709 1130 2742 fuiss'e
1144 2709 1246 2752 gratia
1263 2708 1372 2741 fratris
1389 2707 1435 2739 sui
1450 2708 1509 2739 Cn.
1529 2706 1682 2737 Cornelii,

1538 2750 1683 2783 ,Licinius
