1853 3158
218 1467 252 1495 V
250 1469 297 1497 iffi
314 1468 394 1497 Sam-

216 1513 292 1544 nites.

914 246 965 288 T.
1025 245 1279 286 LIVII

451 368 539 400 atus
554 361 727 415 possent:
748 374 878 415 neque
890 374 972 410 eos,
989 375 1115 415 quum
1130 361 1308 415 quotidie
1323 360 1427 416 signa
1441 361 1481 402 in
1494 361 1620 402 aciem
1636 376 1730 403 con-

451 417 510 458 sul
531 418 740 472 proferret,
771 420 913 459 elicere
927 420 977 459 ad
997 430 1197 459 certamen
1216 429 1396 473 poterat:
1427 418 1593 472 satisque
1615 434 1733 474 appa-

449 475 576 525 rebat,
607 491 738 530 neque
773 476 996 517 Samnitem
1029 486 1230 517 certamen
1265 476 1452 531 praesens,
1482 490 1556 516 nec
1578 477 1731 517 Rorna-

449 545 549 571 num
586 535 817 574 dilationem
850 534 944 575 belli
970 535 1158 575 laturum.
1221 535 1431 574 Adventus
1452 534 1614 584 Marcii,
1645 534 1730 587 qui,

447 589 639 630 Hernicis
660 591 849 641 subactis,
881 593 1093 632 maturavit
1115 593 1277 646 collegae
1293 592 1427 632 venire
1449 591 1612 640 auxilio,
1643 605 1731 631 mo-

448 660 534 686 ram
571 649 799 690 certaminis
819 650 922 690 hosti
943 650 1102 689 exemit.
1133 663 1240 697 nam,
1273 659 1316 688 ut
1352 649 1421 702 qui
1442 663 1491 688 ne
1512 649 1622 689 alteri
1644 649 1733 702 qui-

446 705 538 744 dem
577 707 770 748 exercitui
811 708 849 746 se
883 709 932 747 ad
972 717 1173 747 certamen
1207 706 1455 746 credidiffent
1476 721 1604 761 pares,
1636 720 1731 745 con-

440 762 559 818 jungi
582 764 720 817 utique
742 768 802 819 (7)
824 764 916 819 paffi
938 765 1038 804 duos
1060 764 1284 804 consulares
1306 764 1502 804 exercitus
1524 764 1624 803 nihil
1645 777 1730 803 cre-

444 821 585 860 derent
619 821 809 875 superesse
836 822 932 875 spei,
965 822 1242 861 advenientem
1277 821 1538 874 incomposito
1569 821 1728 875 agmine

443 878 648 918 {Marcium
677 881 975 935 aggrediuntur.
1037 879 1205 932 Raptim
1227 880 1380 919 collatae
1402 879 1562 918 sarcinae
1583 879 1624 917 in
1645 892 1728 918 me-

443 935 586 985 dium,
636 940 690 1001 &3
737 947 855 1005 prout
896 947 1054 990 tempus
1094 936 1335 990 patiebatur,
1381 935 1574 976 instructa
1609 936 1727 976 acies.

442 991 606 1033 Clamor
626 993 803 1046 primum
825 995 865 1033 in
887 995 1023 1034 stativa
1043 996 1236 1047 perlatus,
1267 994 1360 1033 dein
1377 993 1614 1047 conspectus
1634 1007 1727 1047 pro-

440 1051 506 1088 cul
539 1051 682 1103 pulvis,
715 1052 935 1090 tumultum
972 1053 1077 1104 apud
1109 1053 1278 1091 alterum
1305 1052 1537 1092 consulem
1528 1065 1569 1090 m
1592 1050 1728 1091 castris

440 1106 549 1145 fecit.
589 1107 713 1172 isque,
750 1107 961 1148 confestim
1002 1122 1110 1147 arma
1149 1123 1290 1162 capere
1330 1108 1456 1164 jussis,
1499 1108 1725 1172 raptimque

438 1164 598 1205 eductis
632 1165 674 1204 in
708 1165 834 1205 aciem
857 1164 1067 1214 militibus,
1097 1166 1354 1205 transversam
1387 1166 1560 1206 hostium
1583 1166 1726 1216 aciem,

437 1230 558 1275 atque
604 1223 682 1262 alio
725 1223 942 1263 certamine
974 1232 1226 1275 occupatam,
1275 1223 1449 1264 invadit:
1499 1224 1725 1275 clamitans,

425 1280 617 1334 summum
634 1281 833 1334 flagitium
852 1280 957 1336 fore,
971 1279 1015 1334 st
1043 1280 1200 1319 alterum
1222 1295 1305 1318 exer
1307 1281 1418 1318 citum
1439 1282 1624 1335 utritgsque
1644 1283 1724 1320 vic-

438 1340 538 1377 toria?
557 1347 745 1390 compotem
762 1338 930 1393 sinerent
947 1338 1056 1392 βειὶ,
1089 1353 1150 1376 nec
1170 1337 1221 1377 ad
1235 1338 1279 1392 st
1300 1337 1366 1391 stci
1390 1338 1469 1377 belli
1490 1339 1723 1378 vindicarent

436 1395 555 1435 decus.
617 1396 740 1460 Qa
731 1411 809 1450 im}
844 1406 927 1435 tum
949 1396 1125 1443 dederat,
1147 1395 1396 1449 perrumpit,
1429 1395 1636 1448 aciemque
1653 1409 1723 1449 per

436 1454 611 1495 mediam
633 1468 673 1494 ln
694 1453 818 1494 castra
838 1453 1014 1493 hostium
1044 1453 1187 1500 tendit,
1222 1455 1259 1492 &
1297 1467 1420 1492 vacua
1451 1452 1726 1493 defensoribus

436 1511 543 1564 capit
580 1521 700 1565 atque
740 1512 932 1552 incendit.
992 1511 1097 1568 Qae
1140 1510 1207 1549 ubi
1243 1510 1449 1564 flagrantia
1490 1510 1724 1550 Marcianus

436 1570 550 1610 miles
586 1569 806 1623 conspexit,
841 1572 878 1609 ἃ
914 1567 1047 1608 hostes
1083 1567 1305 1621 respexere,
1338 1577 1425 1606 tum
1456 1567 1592 1620 passim
1626 1567 1724 1622 fuga

436 1637 571 1680 coepta
602 1627 846 1667 Samnitium
869 1626 968 1666 fieri.
992 1625 1056 1665 sed
1078 1625 1212 1667 onmia
1233 1625 1388 1665 obtinet
1414 1626 1557 1676 caedes,
1588 1639 1660 1665 nec
1683 1626 1724 1666 in

438 1686 559 1724 ullam
588 1695 741 1739 partem
774 1695 908 1724 tutum
930 1683 1161 1738 perfugium
1182 1682 1253 1722 est.
1308 1684 1414 1735 Jam,
1446 1682 1608 1737 triginta
1635 1683 1721 1722 mil-

436 1742 540 1782 libus
561 1742 737 1782 hostium
759 1743 882 1793 caefis,
912 1742 1066 1795 {ignum
1098 1741 1277 1794 receptui
1302 1740 1482 1780 consules
1515 1740 1725 1792 dederant,

436 1800 758 1855 colligebantque
794 1800 836 1839 in
870 1813 997 1838 unum
1029 1799 1180 1852 copias,
1211 1798 1252 1837 in
1284 1798 1414 1838 vicem
1447 1798 1550 1837 inter
1575 1797 1612 1836 se
1635 1812 1723 1852 gra-

437 1868 589 1898 tantes:
632 1872 758 1911 quum
796 1856 959 1911 repente
994 1857 1084 1896 visae
1121 1857 1260 1910 procul
1299 1855 1473 1894 hostiurn
1509 1869 1621 1895 novae
1656 1869 1723 1895 co-

437 1916 587 1964 hortes,
620 1931 709 1969 quae
731 1916 771 1955 in
794 1915 1116 1968 supplementum
1143 1913 1296 1967 scriptae
1326 1912 1499 1961 fuerant,
1533 1915 1593 1966 (8)
1620 1912 1722 1953 inte-

435 1987 597 2027 gravere
619 1975 783 2014 caedem.
808 1973 848 2011 in
885 1986 998 2025 quas,
1029 1985 1102 2016 nec
1130 1971 1234 2025 juffu
1255 1970 1479 2019 consulum,
1512 1984 1584 2009 nec
1613 1970 1722 2024 signo

435 2040 615 2085 accepto,
646 2031 820 2070 vinstores
859 2031 1036 2077 vadunt3
1070 2031 1130 2082 (9)
1170 2029 1262 2067 malo
1292 2029 1456 2068 'tirocinio
1489 2029 1720 2067 imbuendum

437 2088 653 2138 Samnitem,
698 2088 959 2128 clamitantes.
1038 2086 1253 2140 Indulgent
1292 2085 1473 2125 consules
1513 2085 1721 2140 legionum

435 2146 579 2190 ardori,
624 2155 668 2184 ut
704 2146 772 2198 qui
807 2144 928 2198 probe
966 2143 1122 2191 scirent,
1154 2157 1304 2183 novum
1341 2143 1510 2186 militem
1545 2142 1722 2183 hostium

434 2203 538 2242 inter
559 2202 760 2256 perculsos
782 2200 878 2254 fuga
910 2211 1117 2241 veteranos
1151 2215 1199 2240 ne
1226 2201 1418 2240 tentando
1447 2200 1611 2253 quidem
1631 2200 1723 2242 satis

434 2260 642 2300 certamini
665 2260 764 2299 fore.
823 2254 912 2298 Nec
935 2261 1024 2312 (10)
1046 2273 1113 2298 eos
1130 2258 1266 2311 opinio
1284 2257 1439 2297 fefellit.
1453 2271 1593 2298 omnes
1607 2258 1722 2299 Sam-

435 2318 580 2358 nitium
610 2318 752 2371 copiae,
783 2326 935 2357 veteres
964 2330 1172 2380 novaeque,
1204 2325 1361 2355 montes
1391 2315 1595 2369 proximos
1625 2315 1723 2370 fuga

435 2377 612 2434 capiunt.
644 2389 693 2416 eo
725 2377 762 2414 &
799 2376 985 2415 Romana
1006 2379 1029 2428 1-
1049 2373 1215 2428 erigitur
1245 2373 1376 2421 acie83
1409 2387 1482 2413 nec
1504 2373 1721 2427 quicquam

1630 2430 1721 2473 satis

437 2553 693 2596 qrtoinfr5133.
712 2562 737 2582 c.
756 2550 840 2590 13.l.
865 2550 916 2589 36.
936 2561 964 2580 C.
983 2559 1033 2589 35.
1080 2549 1132 2590 (7)
1158 2548 1230 2580 Vid.
1246 2550 1266 2588 †
1283 2549 1438 2590 participii
1459 2549 1525 2588 asin.
1549 2560 1590 2577 ’ω
1617 2554 1647 2577 ut
1673 2549 1722 2587 qvi

436 2599 605 2630 referenda
621 2598 661 2628 ad
687 2604 863 2635 utrumque
879 2595 1015 2625 verbum
1031 2595 1198 2636 crcdidffint
1216 2594 1246 2623 δε
1262 2596 1410 2623 crederent
1455 2593 1511 2633 (8)
1533 2591 1610 2622 Vid.
1624 2591 1721 2632 supra

436 2651 503 2674 not.
532 2652 560 2681 3
576 2643 615 2673 ad
633 2653 658 2672 c.
682 2651 732 2681 29.
756 2641 774 2671 l.
790 2650 820 2678 5.
865 2641 918 2680 (9)
943 2639 1092 2670 Dandam
1118 2649 1250 2680 operam
1267 2637 1338 2674 esle,
1360 2646 1395 2668 ut
1419 2637 1506 2668 haud
1522 2636 1586 2667 fine
1602 2646 1719 2677 magno

436 2688 521 2718 malo
538 2687 593 2717 suo
611 2686 674 2717 tiro
691 2685 742 2716 hic
767 2684 959 2715 Samnitium
979 2682 1137 2714 exercitus
1154 2683 1294 2723 primum
1316 2681 1459 2712 bellandi
1475 2680 1657 2722 periculum
1674 2681 1719 2710 fa-

437 2740 529 2764 ceret
554 2733 587 2761 E.
636 2731 712 2772 (10)
734 2729 784 2761 Sic
804 2729 926 2760 infral
952 2728 1004 2761 28.
1024 2739 1051 2761 c
1078 2737 1129 2767 27.
1147 2735 1277 2769 quantum
1302 2740 1343 2757 me
1358 2729 1418 2768 opit
1414 2729 1448 2757 i·0
1464 2727 1595 2766 jsllit!
1623 2724 1718 2803 has&

1653 2777 1719 2814 per
