1853 3158
379 271 668 316 LIBER
726 269 803 313 111.
864 272 1047 316 CAP.
1108 273 1241 317 LXII.

152 385 213 444 Jis
228 389 342 442 equis,
361 387 494 442 exigite
512 401 530 426 e
545 396 678 439 campo.
741 386 829 426 Non
829 387 1058 444 fistznebunt
1084 390 1269 442 impetum.
1296 387 1348 431 ἔθ’
1368 401 1465 430 nunc

167 450 393 486 minitantur
408 444 542 497 magis,
557 443 670 497 quam
691 443 758 498 ''fs
741 443 865 498 stunt
917 445 1135 486 Concitant
1155 460 1282 499 equos
1300 449 1362 500 (5)
1376 461 1466 500 per-

166 503 414 554 mittuntque
439 499 481 539 in
496 500 669 550 hostem,
686 500 953 555 pedestrijam
971 502 1178 543 turbatum
1213 501 1373 557 pugnssiz
1407 507 1466 556 &,

166 559 367 613 perruptis
384 556 608 606 ord1n1bus‚
620 558 714 596 elati
749 558 799 597 ad
830 557 1080 598 noviffimam
1118 561 1261 608 aciem,
1300 563 1360 614 (6)
1374 575 1466 614 pars

166 616 292 657 libero
313 615 437 669 spatio
458 614 770 663 circumvecti,
756 628 841 668 Jam
862 614 1004 668 fugam
1024 617 1203 670 undique
1226 619 1467 670 capessentes

168 672 378 727 plerosque
403 687 426 712 a
452 671 588 712 castris
610 680 811 721 avertunt,
840 673 1291 726 praeterequitantesque
1320 675 1468 714 abster-

167 740 271 771 rent.
329 728 522 769 Peditum
543 728 665 780 acies‚
690 731 730 769 δι
757 728 896 769 consul
926 728 1024 782 ipse,
1045 729 1181 782 visque
1210 731 1342 772 omnis
1372 730 1468 771 belli

167 787 298 827 fertur
327 786 370 826 in
405 786 530 826 castra
549 801 557 825 ι
590 785 793 838 captisque
833 799 929 826 cum
962 785 1117 840 ingenti
1152 788 1275 836 caede,
1315 789 1469 842 majore

168 844 305 898 praedfi
319 843 484 897 potitur.
544 843 684 896 Hujus
704 855 855 897 pugnae
869 842 977 883 fama
992 844 1143 896 perlata
1159 857 1242 883 non
1264 844 1306 883 in
1326 845 1468 885 urbem

171 899 313 950 modo,
334 901 401 940 sed
423 900 464 938 in
486 899 657 939 Sabinos
692 900 742 939 ad
774 901 946 939 alterum
985 900 1222 940 exercitum.
1283 901 1332 940 In
1371 901 1470 941 urbe

170 958 308 997 laetitizi
328 955 452 996 modo
473 956 670 996 celebrata
691 956 774 1004 est,
762 973 771 981 ·
808 956 849 996 in
870 956 1006 997 castris
1024 957 1180 997 animos
1211 957 1389 998 militum
1420 958 1472 998 ad

170 1015 448 1054 aemulandum
462 1014 586 1054 decus
606 986 802 1053 accendit.
863 1013 957 1065 Jam
972 1014 1187 1066 Horatius,
1209 1028 1293 1066 eos,
1321 1017 1384 1069 (7)
1404 1029 1474 1055 ex·-

170 1069 420 1111 curfionibus
456 1070 705 1119 sufficiendo,
746 1070 978 1124 proeliisque
1024 1071 1177 1112 levibus
1223 1073 1473 1126 experiundo

170 1127 431 1168 affuefecerat
449 1127 518 1167 fibi
539 1126 676 1181 potius
707 1127 850 1178 fidere,
885 1142 1009 1181 quam
1043 1128 1263 1168 meminisse
1300 1129 1475 1184 ignomio

174 1185 255 1225 niae
286 1185 609 1225 decemvirorum
641 1184 771 1225 duCtu
801 1195 1000 1239 acceptae:
1032 1200 1234 1239 parvaque
1254 1187 1474 1226 certamina

175 1242 271 1296 (8)
262 1257 304 1282 m
325 1242 524 1282 summam
546 1242 670 1282 totius
686 1241 942 1296 profecerant
960 1242 1052 1296 spei.
1084 1243 1173 1282 Nec
1190 1243 1388 1283 ceffabant
1404 1243 1477 1283 Sa-

173 1297 275 1350 bini,
298 1298 452 1340 feroces
473 1298 523 1339 ab
543 1311 586 1339 re
607 1299 739 1353 priore
764 1313 870 1339 anno
890 1299 993 1339 bene
1015 1299 1333 1354 gestQlacess'ere
1355 1309 1476 1354 atque

174 1355 339 1408 instare,
361 1356 600 1411 rogitantes,
626 1355 741 1411 Q‘id
759 1357 944 1396 latrocinii
971 1358 1069 1396 modo
1092 1358 1350 1411 procursantes
1364 1359 1479 1409 pauci

175 1414 470 1469 recurrentesque
489 1422 650 1452 tererent
669 1422 827 1465 tempus,
853 1414 905 1454 &5
925 1415 963 1452 in
986 1414 1102 1452 multa
1122 1415 1257 1466 proelia
1279 1425 1479 1468 parvaque

177 1479 372 1522 carperent
379 1471 568 1524 summam
591 1471 701 1509 unius
721 1471 801 1509 belli
818 1473 838 1508 ἓ
860 1469 972 1525 Qcin
985 1471 1041 1509 illi
1061 1471 1367 1524 congrederentur
1385 1473 1478 1524 acie,

175 1527 501 1580 inclinandamque
508 1527 626 1581 stmel
630 1527 798 1582 fortunae
815 1543 891 1566 rem
913 1526 1046 1566 darent
1064 1531 1084 1565 ?

237 1583 371 1623 LXII.
406 1585 473 1623 Ad
490 1584 546 1632 id,
569 1584 678 1636 quod
700 1584 769 1623 sufi
786 1583 925 1636 sponte
947 1584 1038 1623 satis
1069 1584 1288 1625 collectum
1325 1586 1480 1625 animo-

180 1653 271 1679 rum
285 1649 384 1689 erat,
405 1640 644 1694 indignitate
666 1640 787 1679 etiam
805 1641 985 1680 Romani
1006 1641 1342 1682 accendebantur.
1381 1642 1482 1699 Jam

178 1698 339 1737 alterum
361 1697 559 1736 exercitum
591 1699 766 1736 vitiorem
789 1698 827 1736 in
867 1698 990 1736 urbem
1025 1698 1234 1737 rediturum
1250 1719 1264 1744 ;
1281 1699 1358 1752 fibi
1386 1700 1484 1738 ultro

173 1764 245 1807 per
260 1754 493 1794 contumelias
506 1754 631 1809 hostem
653 1755 840 1807 irfitltare.
863 1754 1005 1807 quando
1025 1763 1146 1794 autem
1155 1756 1214 1809 st,
1229 1754 1272 1809 si
1302 1763 1382 1795 tum
1414 1771 1484 1796 non

163 1810 263 1864 stin,
271 1821 385 1864 pares
405 1811 686 1867 hostibusfore?
719 1811 807 1851 Ubi
824 1810 911 1851 haec
934 1811 1106 1851 fremere
1127 1811 1298 1851 militem
1330 1813 1372 1852 in
1403 1812 1486 1855 cas-

182 1868 254 1908 tris
271 1868 410 1908 consul
430 1868 560 1918 sensit,
581 1867 778 1909 concione
804 1869 1012 1918 advocata,
1046 1867 1385 1924 chmadmodum,
1424 1870 1486 1910 in-

184 1925 290 1978 quit,
313 1927 351 1964 in
382 1925 520 1978 Algido
541 1941 600 1965 res
609 1925 706 1981 gesta
722 1924 796 1980 stt,
831 1927 996 1965 arbitror
1022 1941 1102 1977 vos,
1138 1927 1285 1976 milites,
1318 1927 1452 1983 audg‘ffl’
1466 1949 1485 1973 ‚⁶

184 1983 327 2036 qualem
348 1983 453 2021 liberi
465 1983 590 2035 populi
610 1984 808 2022 exercitum
825 1982 944 2022 decuit
969 1983 1044 2039 ff,
1083 1982 1171 2022 talis
1196 1983 1297 2038 ficit.
1326 1985 1488 2039 consultu

184 2040 334 2093 collegae,
348 2041 492 2079 virtute
505 2040 665 2079 militum
682 2041 838 2079 viHoria
852 2049 968 2092 parta
984 2040 1041 2096 fst.
1066 2039 1185 2095 Quod
1196 2040 1247 2080 ad
1265 2054 1320 2080 me
1339 2044 1488 2091 attinet,

185 2096 230 2136 id
243 2096 374 2150 consilii
388 2098 575 2150 animique
590 2097 785 2137 habiturus
792 2098 897 2151 sum,
916 2097 1011 2151 quod
1025 2113 1089 2137 vos
1106 2096 1197 2137 mihi
1217 2097 1418 2153 afficeritis.
1455 2106 1491 2139 et

186 2153 291 2194 trahi
303 2154 432 2193 bellam
433 2154 655 2209 salubriter,
671 2162 703 2194 et
720 2151 869 2194 matur}
882 2153 1015 2209 perfici
1023 2154 1145 2210 potest.
1208 2155 1248 2195 Si
1268 2155 1489 2195 trahendum

189 2278 217 2300 c.
235 2278 284 2308 30.
309 2270 425 2300 illibatis
450 2270 568 2301 viribus.
614 2269 670 2312 (5)
682 2269 758 2301 Vid.
781 2276 848 2302 not.
866 2278 893 2302 2.
910 2270 952 2301 ad
968 2281 993 2302 c.
1010 2270 1062 2309 56.
1079 2270 1098 2301 l.
1113 2279 1141 2303 2.
1187 2269 1241 2312 (6)
1264 2270 1377 2302 Sensus
1404 2269 1493 2303 Livii

190 2313 235 2343 est
251 2314 405 2352 quosdam
422 2314 569 2355 equitum
586 2325 644 2356 per
665 2314 805 2346 mediam
832 2314 934 2349 aciem
961 2315 1150 2356 perrupisse,
1173 2315 1329 2356 quosdam
1350 2327 1369 2346 a
1392 2315 1494 2347 latere

192 2357 410 2398 pugnantium
425 2358 555 2390 ordines
573 2359 809 2391 circumvectos
825 2358 895 2390 effe.
943 2359 1138 2413 Hujusmodi
1155 2367 1263 2391 autem
1287 2359 1493 2391 distributiva

191 2400 228 2431 in
244 2401 391 2432 membro
407 2402 509 2443 priori
526 2403 608 2444 saepe
621 2403 752 2435 omittit.
767 2411 803 2434 ut
820 2403 917 2444 supra
934 2414 959 2435 c.
983 2413 1034 2444 37.
1054 2418 1085 2434 vi
1081 2408 1146 2446 'isrg
1162 2406 1236 2442 ceaed}
1250 2406 1347 2445 aliis
1348 2417 1396 2434 cur
1398 2407 1408 2434 i
1423 2406 1461 2444 su
1462 2405 1493 2434 b

183 2448 250 2487 jici.
296 2444 622 2487 (7)Excurs10nibus
649 2449 829 2479 exercendo
856 2446 890 2478 δε
917 2448 1006 2490 quafi
1030 2447 1216 2480 imbuendo.
1261 2450 1299 2478 S
1284 2450 1331 2490 ff
1331 2461 1374 2478 c
1375 2448 1495 2480 etinc

195 2498 306 2520 torum
322 2489 375 2526 est,
392 2498 454 2521 utz
445 2492 551 2532 iaeficere
565 2491 913 2543 ;significatquesulstet
914 2506 983 2524 'nere
1010 2494 1163 2530 colorem,
1192 2492 1244 2524 cui
1273 2493 1352 2523 alius
1376 2493 1495 2524 deinde·

196 2532 381 2565 inducatur.
427 2534 477 2566 Sic
510 2535 576 2567 Cic.
599 2535 634 2567 in
666 2538 819 2567 Hortens.
845 2536 935 2579 Virg.
962 2540 1038 2568 AEn.
1063 2548 1091 2570 2.
1117 2548 1146 2568 v.
1176 2546 1249 2570 210.
1295 2537 1363 2568 Alii
1385 2545 1495 2568 autem

196 2587 338 2609 voceme
325 2592 371 2609 ccx
375 2580 441 2622 ursio
420 2581 520 2610 eoiusnb
508 2580 572 2611 sin
582 2580 682 2613 dandi
700 2580 784 2618 casu,
801 2582 945 2623 &sfficie
946 2585 994 2613 nod
1020 2593 1082 2623 pro
1107 2581 1376 2614 subministrando
1413 2580 1493 2613 acci-

197 2622 302 2663 piunt.
318 2630 355 2654 ut
369 2625 457 2664 apud
468 2624 557 2666 Virg.
574 2627 690 2666 Georg.
709 2634 737 2657 2.
750 2635 780 2656 v·
796 2635 872 2665 423.
887 2626 967 2658 lbid.
984 2637 1014 2659 v
1031 2636 1105 2667 435.
1153 2627 1208 2669 (8)
1225 2627 1274 2658 Sic
1297 2626 1383 2658 infra
1401 2627 1419 2657 1.
1443 2634 1491 2665 31

198 2669 478 2709 e21M37'n11summam
494 2670 818 2714 belliprsefiumfiret.

255 2728 295 2772 T
299 2741 376 2772 OM.
395 2730 427 2771 Ι.
834 2730 875 2773 R
1439 2729 1498 2784 ψ.
