1853 3158
854 251 906 294 T.
968 247 1229 295 LIVII

381 368 452 408 tud
487 368 661 421 templmn
691 367 848 420 accipiat
884 368 958 422 (1).
1019 366 1124 409 Haec
1155 375 1359 422 precatus,
1395 367 1456 422 (2)
1479 365 1688 423 superante

381 425 659 473 multitudine,
681 424 730 464 ab
745 423 936 465 omnibus
956 425 1054 465 locis
1077 425 1219 466 urbem
1241 424 1488 480 aggreditur,
1510 439 1591 478 quo
1612 427 1690 466 rni-

381 496 455 522 nor
470 482 517 522 ab
535 482 725 523 cuniculo
743 482 968 536 ingruentis
982 480 1149 536 periculi
1168 483 1301 523 sensus
1318 483 1425 522 effet.
1475 481 1688 537 Vejentes‚

380 538 509 594 ignari
530 540 568 579 se
601 541 687 594 jam
721 539 769 578 ab
801 537 879 579 suis
915 539 1087 589 vatibus,
1114 541 1200 595 jam
1222 539 1270 579 ab
1306 539 1482 579 externis
1517 539 1690 579 oraculis.

380 598 577 650 proditos,
604 598 690 652 jam
721 596 762 635 in
795 605 951 649 partem
983 598 1128 650 praedae
1163 597 1243 638 suae
1270 606 1433 637 vocatos
1465 595 1578 637 Deos
1611 598 1689 650 (3),

380 654 478 694 alios
495 655 599 694 votis
617 668 665 694 ex
689 653 787 694 urbe
808 652 878 693 su⁶a
897 663 1084 694 evocatos
1106 656 1167 708 (4)
1188 654 1366 694 hostium
1384 654 1534 708 templa
1550 652 1691 694 novas-

381 725 460 765 que
489 711 601 752 sedes
622 711 801 765 spe&are
819 713 896 764 (5),
928 710 1252 764 seque‘ultirnum
1274 711 1388 750 illum
1409 711 1518 751 diem
1540 723 1656 765 agere
1675 726 1689 758 ;

380 769 482 808 nihil
504 766 642 809 minus
668 768 872 816 timentes,
905 769 1029 820 quam
1057 767 1232 808 subrutis
1269 767 1459 808 cuniculo
1481 766 1688 807 moenibus

380 839 515 865 arcem
532 827 618 880 jam
640 827 801 879 plenam
822 824 1000 865 hostium
1021 826 1114 876 effe,
1146 825 1187 864 in
1210 839 1347 865 muros
1369 839 1442 879 pro
1460 824 1498 864 se
1520 823 1688 878 quisque

382 883 523 922 armati
538 882 767 923 discurrunt
783 899 794 930 3
818 882 1009 922 mirantes
1025 883 1220 936 quidnam
1234 882 1274 922 id
1288 882 1397 932 effet,
1414 879 1542 935 quod,
1560 895 1689 934 quum

380 949 440 979 tot
454 954 525 994 per
541 940 626 979 dies
643 954 764 979 nemo
782 939 819 978 se
841 938 889 978 ab
910 939 1146 980 stationibus
1188 941 1249 993 (6)
1272 939 1471 979 Romanis
1492 937 1689 986 movisset,

380 1007 485 1046 tum,
516 998 628 1037 velut
647 996 859 1050 repentino
888 996 959 1035 iffi
981 996 1133 1046 furore,
1165 997 1380 1050 improvidi
1402 1004 1610 1036 currerent
1639 996 1690 1035 ad

380 1068 532 1094 muros.
594 1053 786 1093 Inseritur
806 1052 901 1092 huic
924 1054 1013 1092 loco
1035 1052 1194 1093 fabula:
1226 1054 1461 1093 immolante
1488 1066 1581 1107 rege
1603 1053 1689 1092 Ve-

375 1111 570 1165 jentium,
600 1124 743 1149 vocem
764 1109 954 1162 aruspicis
976 1110 1161 1158 dicentis,
1188 1113 1252 1163 qni
1272 1112 1349 1164 ejus
1370 1110 1482 1164 hqstiae
1502 1119 1586 1149 exta
1599 1120 1690 1162 pro-

367 1168 532 1223 stcufft
553 1169 631 1221 (7),
663 1168 696 1205 ei
716 1167 912 1205 vifioriam
934 1167 1034 1216 dari,
1066 1167 1297 1206 exauditam
1311 1166 1354 1205 in
1375 1167 1580 1215 cuniculo,
1601 1180 1690 1206 rno·⁵

379 1225 470 1264 viffe
489 1225 702 1264 Romanos
724 1223 888 1272 milites,
921 1232 980 1272 ut,
1012 1224 1203 1277 adaperto
1226 1223 1432 1273 cuniculo,
1463 1232 1554 1263 exta
1575 1237 1689 1276 rape-

378 1291 485 1332 rent,
512 1283 549 1321 8<
570 1282 620 1321 ad
635 1281 877 1320 dietatorem
894 1279 1060 1320 ferrent.
1086 1280 1184 1321 vSed
1205 1281 1245 1320 in
1260 1280 1380 1320 rebus
1396 1290 1478 1319 tam
1496 1280 1688 1333 antiquis,

382 1339 426 1389 fi,
459 1353 550 1392 quae
583 1339 722 1387 similia
743 1341 805 1391 (8)
826 1337 910 1377 veri
932 1338 1020 1386 sint,
1057 1352 1131 1391 pro
1164 1338 1266 1378 veris
1302 1338 1567 1391 accipiantur,
1599 1337 1690 1376 satis

379 1395 563 1436 habeam.
627 1398 688 1450 (9)
720 1396 823 1435 Haec
856 1396 905 1434 ad
941 1395 1251 1434 ostentationem
1288 1393 1431 1446 scenae,
1476 1394 1690 1449 gaudentis

380 1453 599 1503 miraculis,
630 1453 799 1506 aptiora,
832 1454 955 1505 quam
992 1453 1043 1491 ad
1076 1451 1214 1500 fidem,
1245 1466 1377 1505 neque
1399 1451 1598 1491 affirmare
1620 1465 1693 1490 nea

381 1525 460 1563 que
477 1510 659 1551 refellere
682 1510 738 1549 est
754 1523 886 1563 operae
909 1510 1098 1562 pretium.
1158 1509 1400 1557 Cuniculus,
1423 1507 1594 1548 delecffis
1615 1508 1691 1547 mi==

384 1567 520 1608 litibus
553 1581 601 1607 eo
630 1576 812 1621 tempore
835 1567 994 1620 plenus,
1027 1567 1068 1606 in
1105 1567 1190 1606 aede
1211 1566 1400 1619 junonis,
1433 1580 1522 1620 quae
1545 1565 1586 1604 in
1607 1565 1694 1605 Ve-

1521 1624 1689 1678 jentana

430 1743 465 1772 C.
478 1751 493 1771 α·
504 1752 528 1771 1.
542 1740 597 1782 (1)
611 1742 658 1772 Ita
671 1738 760 1777 urbs,
772 1739 880 1775 castra,
898 1739 1055 1770 dicuntur
1072 1739 1218 1781 accipere
1231 1749 1306 1771 eum
1318 1739 1374 1779 qui
1388 1735 1577 1780 ingreditur.
1591 1737 1690 1779 supra

384 1786 403 1816 Ῐ.
427 1797 452 1816 1.
469 1797 495 1816 c.
513 1786 563 1817 60.
587 1787 761 1816 liberatorem
776 1787 851 1814 urhis
874 1786 938 1814 Λεία
962 1785 1052 1827 cqstra
1068 1793 1201 1826 accepere.
1248 1785 1303 1825 (2)
1326 1786 1448 1824 Superat
1460 1783 1601 1813 multitudo
1618 1792 1691 1822 quae

384 1830 535 1871 superest,
558 1830 712 1861 abundat.
728 1829 768 1860 sic
786 1828 883 1869 supra
900 1828 919 1858 l.
937 1838 966 1866 3.
991 1839 1017 1859 c.
1034 1838 1063 1867 5.
1087 1828 1173 1860 infra
1195 1829 1288 1867 e.38.
1335 1827 1488 1858 Similiter
1509 1826 1634 1858 Sallust.
1655 1827 1690 1857 in

386 1875 482 1906 Catil.
503 1886 532 1907 c.
553 1885 602 1905 20.
615 1877 672 1905 illis
689 1875 961 1914 divitiasfiaperarc.
1006 1874 1062 1913 (3)
1085 1874 1172 1904 Deos
1188 1875 1256 1904 alios
1270 1880 1403 1904 vocatos
1418 1871 1453 1901 in
1465 1879 1591 1912 partem
1609 1881 1692 1911 prae-

385 1921 434 1950 tlt-z:
448 1920 521 1955 suae,
545 1922 614 1949 alios
627 1919 712 1949 votis
726 1926 876 1949 evocatos
894 1918 953 1947 &c.
998 1917 1072 1947 Vid.
1089 1925 1156 1948 not.
1172 1927 1198 1949 2.
1220 1918 1261 1948 ad
1278 1928 1347 1958 cap.
1364 1927 1461 1957 praec.
1492 1917 1565 1945 Deos
1582 1923 1691 1945 vocatos

384 1968 412 1994 in
424 1972 538 2005 partem
550 1967 654 2005 praedae
667 1964 698 1993 h.
714 1974 744 1994 e.
758 1970 793 1993 ut
812 1969 938 2003 partem
950 1962 1067 2002 praedae
1079 1961 1274 2004 acciperent,
1286 1968 1378 2002 parte
1393 1960 1510 2001 praedae
1522 1958 1592 1989 Diis
1604 1958 1691 1990 vota,

386 2009 435 2039 Sic
456 2008 545 2050 Virg.
561 2009 583 2038 l.
604 2018 636 2047 3.
669 2010 746 2038 AEn.
767 2018 797 2038 V.
816 2015 889 2037 222.
936 2008 1029 2036 Divos
1045 2009 1182 2048 ipfiaemque
1194 2019 1319 2037 vocamus
1342 2007 1377 2035 In
1389 2012 1501 2047 partem
1513 2006 1692 2046 praedamque

388 2055 502 2095 Jovem.
549 2055 711 2094 lupariam
727 2065 827 2082 vocare
852 2051 975 2081 locutio
1001 2050 1045 2080 est
1061 2062 1099 2081 ex
1124 2052 1196 2092 jure
1212 2051 1392 2091 desumpta,
1415 2060 1451 2080 ac
1478 2048 1612 2090 ponitur
1629 2057 1691 2089 pro

387 2097 581 2138 partivipem
598 2099 712 2128 facere.
738 2097 803 2128 Cic.
820 2106 882 2137 pro
900 2097 982 2126 Caec.
998 2106 1023 2125 c.
1041 2106 1071 2132 4.
1086 2100 1177 2136 itaque
1192 2099 1219 2125 in
1231 2102 1345 2137 partem
1362 2096 1485 2123 mulieres
1502 2095 1690 2132 vocataefimt.

387 2143 441 2182 (4)
466 2143 571 2172 Docet
589 2141 782 2172 Macrobius
798 2141 821 2171 l.
841 2150 872 2179 3.
905 2141 1032 2170 Saturn.
1050 2151 1075 2169 c.
1096 2149 1124 2180 9.
1140 2150 1265 2170 morem
1288 2141 1513 2169 Romanorum
1534 2147 1691 2168 arcanum

390 2188 421 2217 ἃ
439 2187 548 2217 multis
562 2187 709 2228 ignotum
734 2184 834 2220 fuisse,
860 2192 907 2221 ut,
930 2195 1032 2224 quum
1051 2184 1235 2215 obfiderent
1252 2183 1368 2214 urbem
1384 2181 1533 2218 hostium,
1555 2191 1692 2222 eamque

386 2233 452 2273 jam
480 2231 552 2271 capi
577 2230 663 2271 posse
691 2229 904 2265 confiderent,
927 2236 1017 2259 certo
1039 2228 1182 2259 carmine
1208 2234 1383 2258 evocarent
1411 2226 1566 2256 tutelares
1593 2226 1690 2256 deos:

388 2277 479 2317 quod
491 2283 547 2306 aut
560 2275 654 2306 aliter
667 2274 782 2305 urbem
799 2273 869 2314 capi
881 2272 969 2314 posse
985 2283 1052 2302 non
1064 2274 1244 2309 crederent,
1264 2279 1332 2308 aut,
1346 2270 1368 2301 fi
1380 2270 1493 2312 poffet‚
1508 2271 1597 2301 nefas
1614 2269 1692 2301 aestie

388 2328 515 2351 max-ent
528 2321 604 2350 deos
622 2319 741 2350 habere
758 2318 912 2359 captiwffi.
960 2316 1159 2347 Numinibus
1181 2324 1290 2348 autem
1307 2314 1463 2352 evocatis,
1483 2314 1580 2346 urbes
1604 2325 1693 2345 exer-

388 2366 533 2404 citusque
545 2363 683 2395 hostium
696 2363 912 2393 devovebant.
943 2362 999 2403 (5)
1022 2361 1071 2392 Sic
1088 2361 1173 2392 infru
1186 2361 1209 2392 l.
1225 2361 1252 2391 6.
1266 2372 1291 2391 c.
1310 2370 1360 2398 24.
1376 2362 1560 2401 quidvallum
1580 2361 1618 2391 ⁸&
1634 2360 1693 2399 cas-

387 2412 580 2451 traspefflatis
592 2408 608 2438 ?
633 2408 689 2448 (6)
713 2406 825 2438 Potius
838 2409 978 2437 Romanus
990 2421 999 2440 ,·
1027 2407 1303 2446 quemadmodum
1319 2405 1446 2436 codices
1461 2403 1586 2444 aliquot
1610 2410 1692 2444 prae-

389 2456 510 2484 ferunt.
526 2453 590 2483 vid.
607 2460 674 2483 not.
687 2462 719 2491 3.
731 2453 771 2482 ad
788 2463 816 2482 c.
837 2451 888 2482 60.
908 2450 927 2480 l.
940 2460 968 2489 3.
1017 2452 1071 2491 (7)
1094 2451 1242 2481 Verbum
1264 2448 1494 2480 sacrificiorum
1510 2448 1692 2489 proprium,

390 2497 499 2529 Graeci
525 2497 639 2528 dicunt
666 2505 857 2536 σπλαγχνων
882 2495 1080 2537 ἀπαξξαιθαι.
1129 2497 1272 2535 Pusam,
1294 2494 1357 2524 five
1374 2494 1508 2536 preficiae,
1530 2492 1603 2522 sunt
1620 2498 1693 2522 exta

389 2553 461 2583 quae
483 2541 546 2572 aris
563 2543 694 2577 dantur,
716 2552 754 2571 ex
767 2541 856 2570 fibris
869 2541 1030 2581 pecudum
1048 2539 1188 2570 dissecta.
1220 2539 1298 2570 Vid.
1313 2537 1446 2568 Brifl'on.
1460 2538 1499 2568 de
1512 2538 1606 2566 form.
1621 2535 1644 2565 l.
1666 2545 1695 2565 1.

389 2597 420 2628 p.
439 2597 492 2624 24.
512 2587 543 2616 &a
558 2586 699 2616 Salmafii
714 2585 795 2615 Plin.
808 2587 917 2615 Exere.
929 2595 959 2624 p.
979 2592 1051 2622 127.
1065 2585 1095 2613 ἃς
1114 2585 1175 2624 seq.
1224 2583 1280 2624 (8)
1302 2583 1409 2613 Aliter
1426 2581 1622 2622 dixitfimilia
1645 2592 1695 2610 ve·-

390 2635 430 2662 ris
448 2632 466 2661 l.
487 2641 535 2660 10.
552 2642 577 2661 c.
596 2640 647 2661 20.
692 2631 752 2660 Sed
763 2629 894 2660 Livium
906 2629 1047 2668 aliosque
1058 2628 1131 2659 voci
1148 2630 1252 2671 smilis
1274 2628 1373 2658 modo
1387 2625 1572 2660 secuudum,
1593 2624 1695 2657 modo

390 2676 523 2706 tertium
535 2676 643 2705 casum
656 2675 801 2715 jungere,
823 2674 914 2704 nullo
933 2672 1045 2703 habito
1063 2672 1255 2710 discrimine,
1278 2671 1390 2715 passim
1412 2669 1584 2704 observare
1604 2667 1694 2699 licet.

389 2721 447 2762 (9)
470 2719 612 2751 &inm-em
636 2718 825 2751 sententiam
855 2717 917 2749 vid.
934 2718 1031 2758 supr-².
1051 2717 1084 2748 in
1101 2719 1226 2758 prefat-

1480 2755 1558 2797 (10)
1580 2754 1696 2791 Potius
