1853 3158
128 322 212 363 390

129 642 246 672 Romam
265 639 338 669 Gal-

130 689 152 716 li
174 687 337 716 contendunt.
356 707 364 714 .

139 1363 261 1392 Vincunt
273 1362 331 1391 Ro-

132 1419 226 1437 manos
238 1411 278 1438 ad
287 1410 344 1441 Al·

133 1453 213 1485 liam.

818 306 872 347 Τ.
933 308 1192 350 LIVII

351 420 463 459 suam
486 419 575 469 effe,
606 418 847 474 flagrantes
838 423 1050 477 1ra‚cujus
1072 424 1273 488 impotens
1295 422 1350 463 est
1368 435 1481 477 gens,
1503 422 1660 463 confes-

351 478 426 516 tim
448 477 565 531 signis
587 480 800 528 convulsis,
833 479 954 519 citato
977 482 1135 534 agmine
1158 482 1233 521 iter
1267 481 1561 536 ingrediuntur.
1594 481 1663 520 Ad

353 549 529 588 quorum
547 537 879 588 praetereuntium
907 538 1053 591 raptim
1071 540 1295 578 tumultum
1313 553 1440 591 quum
1463 538 1663 576 exterritae

354 592 473 632 urbes
507 593 556 631 ad
591 607 700 633 arma
734 607 1034 643 concurrerent,
1067 595 1244 650 fugaque
1281 596 1495 650 agrestium
1534 594 1663 642 fieret,

355 650 516 690 Romam
537 651 582 703 fi>
602 652 671 699 ire,
702 665 850 706 magno
887 653 1060 692 clamore
1084 653 1385 706 fignificabant3
1419 653 1663 705 quacunque

355 707 483 759 ibant,
514 707 630 760 equis
665 707 837 761 virisque
866 709 984 763 longe
1014 724 1059 749 ac
1092 708 1169 750 late
1201 709 1290 749 fuso
1312 710 1472 764 agmine
1494 710 1667 748 immen-

355 765 443 805 sum
475 764 704 804 obtinentes
734 766 812 805 loci
846 768 919 819 (4).
980 766 1075 815 Sed,
1112 768 1373 807 antecedente
1417 766 1524 806 fama
1561 779 1668 804 nun-

355 822 506 875 ciisque
540 822 814 873 Clusinorum,
846 826 909 877 (5)
941 823 1128 877 deinceps
1160 825 1253 863 inde
1287 824 1459 863 aliorum
1495 823 1667 876 populo-

356 893 465 929 rum,
497 880 718 932 plurimum
753 881 915 920 terroris
950 881 1129 920 Romam
1158 881 1340 921 celeritas
1361 881 1538 920 hostium
1561 880 1667 919 tulit.

355 936 506 990 quippe
528 936 693 989 quibus,
724 939 835 977 velut
858 939 1123 978 tumultuario
1145 939 1324 978 exercitu
1356 938 1504 992 raptim
1525 936 1668 986 duCto,

356 1008 462 1047 aegre
495 995 545 1033 ad
582 994 845 1034 undecimum
879 995 1053 1048 lapidem
1080 995 1292 1036 occursum
1309 995 1381 1043 est,
1413 997 1493 1048 qua
1515 994 1668 1034 flumen

358 1051 480 1100 Allia,
498 1051 772 1091 Crustuminis
797 1052 1004 1092 montibus
1023 1055 1189 1106 praealto
1210 1053 1391 1093 defluens
1412 1054 1540 1101 alveo,
1560 1051 1669 1090 haud

357 1109 536 1148 multum
553 1107 657 1147 infra
684 1108 792 1148 viam
812 1108 1008 1149 Tiberino
1031 1111 1140 1150 amni
1161 1110 1364 1150 miscetur.
1422 1110 1514 1163 Jam
1532 1108 1669 1148 omnia

356 1168 421 1219 (6)
453 1164 594 1205 contra
619 1165 807 1220 circaque
835 1166 1011 1206 hostium
1034 1168 1151 1220 plena
1173 1177 1312 1215 erant3
1349 1169 1385 1209 8<
1426 1176 1518 1207 nata
1540 1166 1581 1204 in
1602 1180 1670 1204 va·-

358 1237 433 1264 nos
455 1223 656 1262 tumultus
677 1237 790 1277 gens,
813 1223 917 1262 truci
935 1233 1056 1263 cantu
1078 1224 1399 1277 clamoribusque
1420 1223 1556 1275 variis,
1577 1221 1671 1262 hora

358 1280 487 1320 rendo
510 1280 658 1319 cuneta
680 1281 980 1333 compleverant
1014 1280 1124 1321 sono.

419 1337 664 1377 XXXVIII.
697 1337 759 1377 Ibi
794 1336 947 1376 tribuni
979 1338 1171 1386 militum,
1202 1352 1284 1377 non
1309 1339 1398 1377 loco
1421 1337 1556 1377 castris
1578 1334 1671 1376 ante

362 1404 494 1448 capto,
539 1409 622 1434 non
658 1395 903 1449 praemunito
938 1395 1058 1445 vallo,
1096 1394 1179 1448 quo
1224 1404 1410 1448 receptus
1451 1394 1559 1442 esset,
1589 1406 1672 1432 non

360 1453 548 1493 Deorum
580 1455 641 1506 (1)
673 1452 826 1500 saltem,
854 1452 879 1491 fi
902 1466 982 1491 non
997 1451 1229 1502 hominum,
1253 1464 1471 1501 memoreS,
1505 1453 1566 1504 (2)
1596 1463 1671 1489 nec

361 1508 585 1563 auspicato,
618 1523 692 1550 nec
728 1506 859 1558 litato,
892 1508 1095 1561 instruunt
1129 1509 1255 1549 aciem
1288 1512 1348 1562 (3)
1382 1507 1602 1548 dedufitam
1631 1507 1674 1545 in

363 1581 533 1616 cornua,
565 1581 615 1606 ne
636 1567 921 1607 circumveniri
938 1567 1198 1607 multitudine
1215 1565 1392 1606 hostium
1410 1566 1575 1618 pofl'ent.
1599 1577 1675 1605 nec

360 1634 497 1664 tamen
527 1624 678 1677 aequari
703 1624 857 1663 frontes
886 1633 1088 1677 poterant,
1120 1637 1247 1676 quum
1284 1623 1540 1663 extenuando
1562 1621 1676 1661 infir·-

360 1696 469 1721 mam
499 1684 537 1722 δε
560 1682 626 1721 vix
654 1681 925 1721 cohaerentem
948 1681 1123 1721 mediam
1155 1681 1282 1720 aciem
1315 1679 1522 1719 haberent.
1554 1678 1676 1718 Paul-

360 1741 447 1779 lum
469 1748 554 1778 erat
590 1738 638 1778 ab
661 1739 823 1783 dextera
846 1738 943 1777 editi
975 1739 1068 1786 loci,
1101 1751 1222 1790 quem
1255 1737 1494 1776 subfidiariis
1531 1735 1676 1789 repleri

361 1797 540 1850 placuit3
572 1810 698 1848 eaque
719 1809 797 1845 res,
830 1805 874 1834 ut
915 1795 1076 1834 initium
1114 1794 1271 1848 pavoris
1300 1808 1345 1833 ac
1367 1793 1491 1848 fugae,
1523 1793 1572 1832 fic
1593 1806 1675 1833 una

361 1853 466 1893 salus
499 1853 750 1908 fugientibus
788 1852 881 1892 fuit.
942 1852 1052 1891 Nam
1085 1852 1288 1901 Brennus,
1331 1852 1496 1905 regulus
1535 1850 1677 1890 Gallo-

362 1925 470 1959 rum,
503 1911 544 1950 in
580 1910 781 1964 paucitate
817 1909 996 1948 hostium
1018 1918 1144 1948 artem
1166 1907 1340 1947 maxime
1372 1909 1535 1957 timens,
1566 1916 1677 1949 ratus

363 1969 415 2010 ad
437 1969 477 2009 id
497 1977 663 2025 captum
698 1967 944 2021 superiorem
967 1967 1073 2006 locu
1063 1981 1119 2016 n,
1151 1976 1211 2015 ut,
1244 1965 1312 2005 ubi
1336 1965 1446 2005 Galli
1475 1978 1568 2005 cum
1592 1965 1677 2005 acie

1467 2022 1675 2078 legionum

368 2142 460 2181 3-2121
478 2152 503 2172 c.
529 2140 594 2179 51·
622 2149 649 2170 1.
696 2139 751 2192 (4)
776 2140 822 2170 Ita
839 2138 925 2170 infra
942 2140 961 2170 l.
987 2149 1037 2172 21.
1061 2150 1091 2170 ς.
1117 2148 1169 2178 33.
1192 2141 1220 2170 in
1245 2142 1282 2170 im
1283 2140 1398 2181 mcrfitm
1416 2139 1582 2172 altitudinis.
1629 2138 1677 2169 Ita

365 2190 480 2217 contra
496 2188 612 2226 exiam
605 2187 725 2225 ιιιιιίιιρ
750 2185 768 2214 l.
794 2194 844 2223 27.
862 2196 889 2215 c.
918 2193 968 2223 27.
1014 2184 1164 2224 Ejusdem
1177 2183 1301 2225 generis
1327 2184 1400 2214 sunt
1417 2184 1532 2213 multum
1548 2184 1611 2219 diei,
1634 2196 1678 2212 γε(

363 2233 423 2271 liqu
426 2243 469 2260 ιιιιι
487 2244 532 2260 ιιιιι
528 2233 572 2261 ‘iis
576 2230 640 2264 ,ἃ
657 2227 783 2259 similia.
829 2230 864 2269 (5
871 2230 885 2269 )
909 2228 1062 2260 Similiter
1078 2229 1127 2258 hae
1148 2230 1221 2259 duae
1238 2227 1407 2269 particulae
1421 2228 1605 2268 junguntur
1623 2226 1677 2257 Ci

364 2286 483 2306 cerone
505 2275 539 2304 in
558 2276 659 2305 Bruto
677 2273 970 2313 c.90.‚1ndicant
989 2281 1098 2304 autem
1115 2272 1184 2313 post
1202 2272 1350 2304 Clusinos
1373 2272 1459 2303 idem
1483 2272 1580 2302 etiam
1597 2271 1677 2302 alios

365 2320 506 2361 populos
524 2321 662 2350 Romam
675 2316 848 2355 nunciasse,
871 2318 916 2348 ita
934 2326 1042 2349 tamen
1059 2325 1095 2348 ut
1122 2328 1236 2348 eorum
1259 2317 1370 2348 nuncii
1389 2327 1455 2347 non
1472 2315 1564 2346 simul
1580 2317 1677 2346 adve

365 2363 486 2400 nerim,
510 2364 561 2394 sed
579 2362 631 2393 alii
647 2362 716 2403 post
732 2361 822 2399 alios,
845 2370 944 2403 prout
962 2363 1025 2393 adv
1017 2370 1141 2393 enturn
1159 2361 1329 2393 Gallorum
1347 2362 1522 2392 senserant.
1546 2360 1611 2390 vid.
1627 2360 1678 2390 su-

366 2411 435 2483 ξω
455 2415 522 2438 not.
547 2418 576 2445 4.
599 2408 640 2438 ad
667 2418 693 2438 c.
714 2416 770 2445 47.
794 2407 813 2436 l.
837 2416 865 2439 2.
911 2406 966 2448 (6)
990 2409 1029 2437 Et
1057 2416 1096 2439 ex
1123 2406 1259 2437 adverso
1284 2406 1450 2443 Romanis,
1473 2406 1504 2435 δι
1525 2416 1543 2435 a
1569 2404 1677 2436 lateri

392 2464 426 2483 us

413 2516 449 2545 C.
478 2514 529 2553 3?
565 2513 619 2555 (1)
659 2511 772 2554 Ellipti
775 2523 812 2544 ca
852 2513 984 2545 locutio.
1023 2527 1074 2544 non
1109 2517 1217 2545 deorum
1241 2527 1380 2551 memores,
1404 2523 1546 2554 quorum
1568 2514 1678 2552 stzltem

370 2569 532 2590 memores
550 2559 612 2589 esse
636 2558 832 2593 debuerunt,
862 2558 996 2602 etiams
1009 2572 1060 2589 non
1076 2560 1224 2590 hominum.
1247 2559 1312 2590 vid.
1340 2566 1408 2590 not.
1427 2568 1455 2597 3.
1468 2558 1518 2588 ad.
1534 2567 1602 2597 cap.
1622 2566 1677 2594 43.

367 2604 390 2635 l
416 2614 443 2634 2.
466 2605 501 2633 E.
550 2604 604 2644 (2)
649 2602 719 2634 Diis
752 2613 858 2643 neque
889 2603 1033 2648 auspicio
1070 2611 1167 2644 capto
1210 2603 1375 2640 consultis,
1406 2612 1512 2641 neque
1544 2600 1680 2641 placatis

366 2647 524 2680 sacrificio
555 2648 652 2678 fac’to.
709 2648 765 2688 (3)
800 2646 868 2679 Alii
903 2651 1047 2679 ιίίιιίιιΎιιιι
1109 2650 1248 2679 Diducere
1287 2655 1396 2679 autem
1435 2646 1479 2678 est
1523 2645 1682 2686 separare,

367 2693 401 2724 in
432 2700 538 2733 partes
566 2692 717 2723 scindere.
740 2695 876 2729 deducere,
912 2692 946 2722 in
970 2692 1208 2733 longitudinem
1247 2693 1432 2726 extendere,
1455 2691 1487 2720 δε
1513 2689 1559 2720 ita
1590 2688 1680 2729 quasi

367 2744 561 2776 extenuare3
600 2747 667 2779 quo
700 2736 791 2772 sensu
806 2737 867 2780 fla
896 2736 1052 2770 dicuntur
1083 2739 1183 2770 deduci.
1212 2738 1363 2769 Deductum
1398 2734 1554 2777 Virgilius
1586 2733 1678 2765 usur-

1620 2785 1678 2819 pat
