1905 3168
160 268 214 306 26

154 919 193 948 U.
205 928 228 947 c.
248 927 264 956 3
274 925 298 956 7.

838 266 891 306 T.
951 265 1205 307 LIVII

376 379 478 419 vinae
517 378 682 432 originis
718 376 1010 429 divinitatisque
1050 376 1136 431 post
1168 384 1339 416 mortem
1373 377 1534 416 creditae
1564 375 1669 425 suit3

376 450 458 475 non
480 435 636 475 animus
665 434 705 474 in
735 448 859 488 regno
892 434 998 474 avito
1026 435 1315 487 recuperando,
1346 448 1429 474 non
1449 434 1670 474 condendae

378 493 485 533 urbis
521 493 745 544 confilium,
791 506 873 532 non
907 491 1012 532 bello
1047 507 1092 532 ac
1126 505 1222 546 pace
1251 491 1471 532 firmandae.
1516 491 1566 532 ab
1600 492 1670 531 illo

375 551 484 590 enim
505 553 568 605 (3)
589 549 791 604 profectu,
821 548 970 597 viribus
991 551 1054 604 (4)
1075 550 1176 590 datis
1202 547 1361 589 tantum
1386 549 1525 600 valuit,
1556 559 1600 590 ut
1628 550 1670 589 in

376 609 639 664 quadraginta
661 608 805 648 deinde
826 622 952 647 annos
974 617 1102 647 tutam
1124 621 1264 661 pacem
1285 606 1462 647 haberet.
1484 608 1671 647 multitu-

375 666 460 705 dini
482 676 617 706 tamen
639 667 790 721 gratior
804 665 898 718 fuit,
922 663 1045 719 quam
1060 665 1273 713 Patribus3
1316 663 1434 719 longe
1457 675 1548 705 ante
1571 666 1671 706 alios

377 724 668 779 acceptissimus
696 724 870 764 militum
903 724 1060 763 animis.
1102 722 1380 775 trecentosque
1418 732 1591 770 armatos
1620 724 1670 763 ad

375 782 597 823 custodiam
619 782 811 839 corporis,
854 795 955 835 quos
977 784 1039 836 (5)
1070 781 1231 822 Celeres
1268 780 1494 834 appellavit,
1525 795 1608 821 non
1629 781 1670 820 in

374 839 478 880 bello
495 838 639 890 solum,
668 840 733 880 sed
754 840 875 880 etiam
897 840 936 878 in
959 854 1070 893 pace,
1101 838 1254 881 habuit,

430 898 547 938 XVI.
608 898 686 938 His
707 901 770 952 (1)
791 897 1084 937 immortalibus
1105 897 1222 936 editis
1243 895 1446 950 operibus,
1477 909 1606 950 quum
1622 897 1674 936 ad

153 965 194 992 A.
213 963 248 993 C.
267 971 339 1001 715·
372 956 593 996 exercitum
615 955 902 996 recensendum
923 955 1160 1000 concionem
1183 955 1224 994 in
1264 968 1408 1008 campo
1439 954 1491 994 ad
1529 953 1676 1008 Caprae

153 1053 183 1082 lt.

152 1009 353 1059 QfforsRomu-
372 1015 561 1069 paludem
600 1013 781 1064 haberet,
825 1010 954 1054 subito
978 1022 1113 1053 coorta
1134 1012 1365 1066 tempestas,
1395 1026 1673 1066 cumymagno

371 1072 531 1127 fragore
556 1071 871 1125 tonitribusque,
902 1070 1128 1120 tamdenso
1149 1084 1286 1124 regem
1322 1070 1482 1124 operuit
1516 1069 1673 1120 nimbo,

373 1140 418 1170 ut
444 1130 706 1184 conspeCmm
742 1131 830 1185 ejus
861 1129 1047 1172 concioni
1083 1128 1315 1177 abstulerit3
1354 1143 1428 1168 nec
1449 1127 1594 1168 deinde
1630 1128 1673 1167 in

363 1189 488 1234 ,terris
525 1189 730 1228 Romulus
763 1187 855 1227 fuit.
916 1187 1105 1228 Romana
1145 1186 1286 1240 pubes,
1333 1185 1467 1226 sedato
1508 1186 1672 1240 tandem

372 1261 536 1300 pavore,
567 1246 778 1300 postquam
799 1260 848 1285 ex
869 1254 952 1289 tam
968 1245 1130 1285 turbido
1149 1242 1214 1284 'die
1237 1244 1371 1284 serena
1394 1247 1437 1285 ὅτ
1457 1243 1674 1297 tranquilla

357 1298 443 1343 'lux
463 1304 597 1354 rediit,
629 1303 697 1343 ubi
717 1318 885 1343 vacuam
907 1303 1039 1343 sedem
1068 1303 1220 1358 regiam
1239 1302 1354 1351 vidit,
1385 1303 1454 1342 etfi
1475 1301 1567 1342 satis
1587 1306 1689 1342 cre-⁷

371 1361 492 1401 debat
513 1361 713 1410 Patribus,
744 1361 814 1414 qui
831 1361 1004 1414 proximi
1020 1361 1225 1411 steterant,
1267 1359 1479 1403 sublimem
1511 1368 1674 1413 raptum

370 1417 573 1472 procella,
605 1428 756 1466 tamen,
786 1419 896 1457 velut
918 1420 979 1472 (2)
1001 1418 1181 1458 orbitatis
1214 1426 1327 1458 metu
1353 1417 1449 1465 isla,
1481 1417 1674 1457 moestum

372 1476 621 1530 aliquamdiu
656 1475 854 1523 silentium
887 1475 1075 1523 obtinuit.
1135 1475 1311 1525 Deinde,
1342 1489 1365 1514 a
1392 1474 1531 1530 paucis
1558 1474 1676 1514 initio

372 1532 502 1584 faeto,
532 1534 672 1574 Deum
693 1534 785 1573 Deo
807 1543 963 1581 natum,
981 1547 1118 1588 regem
1149 1531 1438 1587 parentemque
1455 1531 1565 1573 urbis
1587 1532 1675 1572 Ro-

371 1606 518 1640 manae,
549 1592 694 1632 salvere
716 1591 884 1631 universi
903 1591 1130 1633 Romulum
1147 1589 1304 1645 jubent.
1327 1604 1468 1644 pacem
1489 1589 1676 1644 precibus

372 1649 607 1703 exposcunt,
639 1649 698 1689 uti
728 1650 865 1689 volens
887 1651 949 1702 (3)
970 1648 1167 1702 propitius
1188 1647 1300 1687 suam
1336 1647 1490 1702 semper
1515 1647 1676 1702 sospitet
1699 1693 1701 1695 ,

372 1708 621 1771 progeniem.
682 1707 809 1747 Fuiffe
836 1707 955 1746 credo
988 1704 1077 1745 tum
1107 1719 1271 1760 quoque
1304 1705 1476 1759 aliquos,
1507 1705 1576 1759 qui
1594 1705 1676 1746 dis-

372 1774 557 1818 cerptum
578 1778 715 1819 regem
739 1766 902 1805 Parrum
925 1763 1110 1804 manibus
1131 1763 1241 1804 taciti
1267 1773 1506 1818 arguerent:
1536 1777 1676 1803 mana-.-

372 1823 430 1863 vit
450 1823 558 1863 enim
579 1822 666 1863 haec
688 1836 865 1876 quoque,
897 1822 963 1862 sed
983 1821 1237 1876 perobscura,
1258 1820 1379 1861 fama.
1440 1821 1555 1861 Illam
1577 1822 1676 1860 alte-

372 1895 460 1920 ram
481 1880 691 1923 admiratio
707 1880 781 1920 viri
805 1883 845 1920 ἃ
867 1881 930 1934 (4)
952 1894 1074 1933 pavor
1094 1879 1267 1935 praesens
1286 1878 1523 1925 nobilitavit.
1565 1879 1677 1919 Con-

374 1939 458 1979 {ilio
478 1939 598 1979 etiam
616 1939 734 1978 unius
755 1937 931 1978 hominis
953 1938 1086 1978 addita
1106 1937 1163 1977 rei
1185 1937 1331 1977 dicitur
1352 1936 1466 1977 fides.
1497 1950 1675 1990 namque

374 1997 570 2037 Proculus
601 1996 750 2049 Julius,
782 1995 947 2035 sollicita
982 1995 1141 2034 civitate
1177 1994 1369 2034 defiderio
1396 1994 1516 2049 regis,
1550 1997 1590 2035 &
1613 1994 1676 2033 in-

373 2053 491 2094 fensa
526 2054 728 2103 Patribus,
769 2053 915 2108 gravis,
947 2062 992 2093 ut
1012 2053 1197 2102 traditur,
1228 2052 1411 2109 quamvis
1433 2054 1495 2108 (5)
1517 2066 1677 2106 magnae

1613 2123 1673 2150 rei

374 2229 560 2271 respiciunt.
606 2229 661 2270 (3)
685 2229 740 2260 Ab
753 2227 958 2259 incrementis
975 2227 1037 2258 illis
1053 2238 1125 2269 quae
1142 2234 1296 2269 regnante
1313 2226 1455 2258 Romulo
1473 2233 1675 2267 acceperant.

373 2275 430 2315 (4)
454 2274 587 2304 Viribus
610 2284 689 2314 quas
715 2274 875 2304 Romulus
895 2274 961 2314 jam
986 2274 1142 2310 dederat;
1176 2272 1357 2313 quibusque
1385 2272 1485 2308 nulla,
1519 2278 1674 2312 regnante

375 2320 495 2355 Numa,
517 2318 648 2350 acceffio
662 2320 748 2349 faeta
764 2319 814 2349 est.
839 2320 874 2348 E.
907 2319 964 2359 (5⁴)
986 2318 1058 2348 Sive
1074 2329 1094 2348 a
1114 2319 1264 2354 celeritate,
1286 2325 1322 2348 ut
1339 2317 1533 2348 Plutarchus
1550 2316 1676 2353 censet3

375 2364 439 2395 sive
453 2365 560 2405 (quod
573 2363 773 2396 verisimilius
787 2364 846 2404 est)
869 2374 888 2394 a
902 2362 1012 2394 Graecii
1024 2373 1103 2395 voce
1121 2370 1222 2398 κελης,
1245 2372 1354 2404 eques,
1375 2369 1432 2394 aut
1448 2372 1552 2405 equus
1567 2360 1677 2392 solita-

374 2409 442 2440 rius
455 2408 508 2440 cui
520 2408 633 2440 insidet
650 2419 754 2449 eques.

422 2473 458 2503 C.
473 2471 522 2502 16.
548 2471 605 2512 (Ι)
629 2470 768 2512 Conjicit
783 2470 968 2502 Crevierius
983 2470 1156 2512 legendum
1173 2468 1234 2502 effe
1249 2469 1410 2500 mortalibus
1426 2468 1493 2511 (uti
1516 2467 1613 2510 supra
1631 2468 1675 2499 de

374 2518 489 2548 AEneae
505 2516 640 2547 interitu
658 2527 683 2547 c.
702 2516 747 2555 2.)
766 2517 797 2546 δε
814 2515 944 2546 mallem
960 2515 1043 2551 sane,
1052 2514 1086 2545 ni
1108 2514 1233 2546 codices
1249 2521 1479 2556 repugnarent.
1502 2513 1558 2555 (2)
1574 2514 1673 2545 Metu

375 2572 444 2592 non
456 2560 590 2592 absimili
602 2561 669 2602 ejus
680 2560 737 2601 qui
753 2560 883 2591 orbatos
894 2567 1029 2601 parente
1041 2567 1188 2601 occupat.
1213 2559 1269 2601 (3)
1281 2561 1376 2591 Hanc
1392 2559 1454 2590 effe
1465 2561 1602 2590 formam
1612 2557 1674 2588 sol-

375 2607 505 2637 lennem
527 2605 721 2647 precationis
734 2605 836 2649 liquet
856 2616 894 2636 ex
905 2604 1053 2646 plurimis
1076 2603 1273 2636 auetoribus.
1311 2604 1463 2638 Occurrit
1475 2602 1561 2635 infra
1576 2602 1629 2640 l.7.
1647 2613 1673 2633 c.

378 2653 429 2682 26.
440 2653 473 2682 E.
497 2652 553 2692 (4)
567 2652 721 2681 honus-2.
732 2660 819 2681 :0:122
832 2649 923 2681 redii
944 2651 983 2679 ad
997 2648 1206 2689 ἓεισιδσιιμονιαν
1222 2649 1382 2692 proclives
1392 2647 1541 2680 omnibus
1557 2656 1673 2678 notum

377 2698 429 2727 est.
475 2698 516 2726 Et
542 2696 671 2736 quidem
697 2704 793 2737 pavor
825 2695 912 2736 apud
947 2695 1060 2725 Silium
1089 2694 1175 2725 idem
1199 2695 1289 2726 sonat
1319 2705 1356 2725 ac
1378 2692 1593 2733 δεισιδαιμονιως
1624 2692 1674 2723 uti

375 2744 472 2783 religio
489 2742 576 2782 apud
588 2740 778 2771 Lucretium
794 2740 878 2770 idem
890 2750 925 2770 ac
942 2747 1035 2770 metus.
1059 2742 1093 2777 Ε.
1139 2740 1194 2780 (5)
1218 2739 1318 2770 Haud
1330 2738 1408 2771 levis
1420 2738 1547 2774 auditor,
1560 2747 1676 2778 quam<

375 2786 424 2817 vi}
442 2786 488 2825 rei
501 2786 554 2817 vix
571 2785 739 2818 credibilis.
787 2785 835 2817 Sic
856 2786 938 2817 Hor.
952 2786 1048 2818 Sei-m.
1062 2794 1089 2818 1.
1102 2792 1131 2826 9.
1143 2793 1196 2826 52.
1207 2794 1360 2829 magnum
1374 2796 1490 2821 narras,
1511 2785 1565 2816 vix
1586 2784 1675 2813 credi-

1613 2827 1675 2859 blak
