1853 3158
368 244 654 287 LIBER
715 243 791 285 IV.
852 243 1041 285 CAP.
1102 236 1282 286 XXXV.
1601 258 1680 299 305

157 359 213 401 ris
245 360 285 399 in
308 360 405 401 urbe
431 360 591 413 praedae,
622 359 671 397 ad
704 367 862 410 portam
883 359 1023 407 ducit3
1056 360 1319 412 receptusque
1354 359 1457 398 intra

160 431 299 458 muros
331 418 371 457 in
393 429 540 464 arcem,
572 413 655 467 quo
678 429 793 454 ruere
816 415 1062 469 fugientium
1092 416 1251 455 turbam
1284 416 1459 466 videbat,

157 475 302 529 pergit.
375 467 463 513 Nec
499 471 632 511 minor
666 472 796 511 caedes
832 470 873 510 in
908 471 1022 522 urbe,
1065 471 1189 526 quum
1226 473 1266 512 in
1298 473 1459 526 proelio,

159 530 267 579 fuit3
299 525 441 577 donec,
473 523 640 583 abjecffis
662 527 801 578 armis,
833 528 933 567 nihil
953 539 1098 581 prae'ter
1117 531 1239 570 vitam
1262 540 1460 583 petentes,

159 588 347 628 di&atori
368 587 583 626 deduntur.
631 580 745 625 Urbs
761 585 968 637 castraque
990 582 1248 640 diripiuntur.
1292 587 1458 627 Postero

157 645 222 684 die
255 648 315 699 (2)
345 643 505 697 singulis
539 642 783 696 captivis'ab
804 642 940 694 equite
961 643 1010 682 ad
1045 644 1325 683 centurionem
1355 644 1457 683 sorte

153 701 303 750 duffis,
339 703 394 750 &,
429 714 603 753 quorum
622 699 768 739 eximia
789 699 915 738 virtus
943 698 1092 751 fuerat,
1124 700 1243 749 binis,
1276 701 1362 741 aliis
1385 700 1455 739 sub

156 759 305 798 coron&
337 757 605 805 venumdatis,
647 757 870 796 exercitum
903 756 1101 796 vifilorem
1134 759 1456 811 opulentumque

158 814 292 868 praed‘sz
327 814 581 868 triumphans
617 814 792 853 dietator
828 814 1007 853 Romam
1043 814 1230 854 reduxit:
1271 815 1456 869 jussoque

157 872 346 926 magistro
382 872 566 924 equitum
603 870 786 910 abdicare
825 870 862 909 se
899 870 1151 925 magistratu,
1193 871 1273 924 ipse
1311 872 1455 911 deinde

157 930 314 969 abdicat
336 926 399 968 die
428 926 716 977 sextodecimo,
748 927 905 967 reddito
937 928 979 966 in
1008 942 1106 981 pace
1128 929 1313 981 imperio,
1346 930 1455 982 quod

158 986 199 1024 in
221 986 324 1026 bello
347 985 589 1038 trepidisque
607 983 726 1024 rebus
749 994 971 1038 acceperat.
1003 988 1064 1039 (3)
1095 985 1212 1025 Claffi
1229 1000 1392 1040 quoque
1407 986 1455 1025 ad
1478 1006 1604 1048 Claſjflw

153 1042 324 1083 Fidenas
341 1052 567 1096 pugnatum
587 1056 681 1081 cum
705 1041 962 1096 Vejentibus,
981 1043 1146 1095 quidam
1169 1045 1330 1083 annales
1349 1054 1457 1083 retu-
1470 1058 1623 1091 pugnatum
1643 1048 1681 1076 ad

155 1101 261 1139 lere:
293 1114 379 1139 rem
402 1098 517 1153 aeque
539 1099 745 1138 difficilem
768 1107 888 1151 atque
911 1099 1217 1149 incredibilem;
1250 1114 1324 1140 nec
1347 1115 1455 1141 nunc
1477 1096 1602 1127 finimas.

155 1158 236 1197 lato
269 1156 359 1196 satis
393 1158 443 1195 ad
473 1156 550 1196 hoc
586 1170 729 1204 amne;
770 1159 811 1196 ἃ
834 1165 921 1195 tum
947 1156 1169 1209 aliquanto,
1203 1167 1290 1197 uta
1312 1160 1456 1198 veteri-

154 1213 230 1254 bus
252 1214 494 1268 accepimus,
527 1213 729 1253 arcstiore:
764 1213 833 1252 nifi
867 1213 908 1252 in
938 1214 1111 1268 trajeetu
1143 1214 1247 1254 forte
1278 1215 1456 1255 fluminis

155 1270 423 1324 prohibendo,
455 1270 682 1323 aliquarum
708 1267 872 1309 navium
896 1271 1137 1310 concursum
1168 1271 1209 1310 in
1230 1273 1360 1326 majus
1394 1276 1456 1326 (ut

156 1328 218 1382 fit)
256 1328 518 1378 celebrantes,
561 1327 711 1368 navalis
743 1327 923 1368 vidioriae
956 1340 1106 1368 vanum
1139 1329 1303 1369 titulum
1335 1343 1457 1384 appe-

158 1385 294 1425 tivere.

213 1442 394 1483 XXXV.
440 1444 658 1496 Insequens
681 1457 809 1484 annus
832 1444 1014 1484 tribunos
1037 1444 1230 1485 militares
1260 1445 1456 1485 consulari
1478 1463 1517 1492 U.
1537 1472 1562 1492 c.
1578 1471 1654 1501 330·-

156 1499 350 1552 potestate
371 1499 528 1549 habuit,
561 1502 612 1539 A.
635 1501 922 1553 Sempronium
943 1502 1195 1553 Atratinum,
1228 1503 1276 1542 L.
1299 1503 1451 1560 Qinc·
1476 1509 1521 1537 A.
1536 1507 1656 1544 0422<

155 1557 257 1596 tium
291 1557 596 1607 Cincinnatum,
632 1558 680 1597 L.
715 1558 882 1597 Furium
915 1559 1207 1607 Medullinum,
1243 1561 1292 1599 L.
1323 1561 1457 1599 Hora·
1475 1552 1678 1625 4.S{mpr0‘

154 1614 256 1652 tium
291 1613 524 1654 Barbatum.
590 1614 834 1668 Vejentibus
871 1629 1071 1654 annorum
1108 1616 1250 1670 viginti
1281 1617 1455 1657 induciae
1474 1605 1649 1670 ssgbss’ffl

153 1672 272 1718 datae,
317 1674 379 1723 (1)
419 1673 458 1710 δε
480 1671 631 1723 AEquis
664 1671 840 1720 triennii,
883 1685 1010 1723 quum
1041 1673 1221 1725 plurium
1254 1688 1455 1713 annorum

152 1728 349 1781 petissent.
395 1727 445 1766 Et
468 1727 516 1767 ab
539 1727 798 1767 seditionibus
822 1728 984 1769 urbanis
1000 1730 1129 1768 otium
1148 1729 1240 1770 fuit.
1285 1732 1455 1771 Annum

152 1785 445 1837 insequentem,
480 1799 611 1837 neque
648 1785 753 1824 bello
789 1784 902 1834 foris,
946 1800 1078 1838 neque
1114 1787 1225 1826 domi
1262 1787 1455 1828 seditione

150 1841 359 1895 insignem,
392 1841 476 1881 ludi
507 1841 612 1881 bello
645 1842 727 1880 voti
751 1841 964 1892 celebrem,
999 1846 1037 1883 &
1061 1843 1318 1885 tribunorum
1349 1847 1456 1885 mili-

151 1907 239 1937 tum
274 1908 482 1952 apparatu,
522 1901 562 1939 &
597 1898 864 1938 finitimorum
898 1901 1111 1950 concursu,
1150 1901 1296 1942 fecere.
1360 1904 1454 1942 Tri-
1474 1902 1516 1932 U·
1532 1911 1679 1957 c·331·‚

149 1955 248 1994 buni
292 1956 488 1995 consulari
527 1956 722 2008 potestate
764 1966 877 1996 erant
918 1959 998 2011 Ap.
1038 1959 1235 1999 Claudius
1277 1948 1658 2022 Csaflhs’ffcbiiaiffss

149 2012 219 2065 Sp.
251 2013 427 2052 Nautius
464 2013 646 2061 Rutilus,
689 2014 737 2052 L.
765 2013 929 2067 Sergius
965 2015 1152 2063 Fidenas,
1193 2017 1286 2057 Sex.
1320 2018 1452 2069 Julius
1471 2002 1606 2065 dig'ssoe.

151 2069 275 2110 Iulus.
326 2073 385 2125 (2)
424 2069 699 2124 spe&aculum
743 2072 932 2111 comitate
974 2072 1095 2112 etiam
1136 2073 1356 2127 hospitum,
1403 2077 1452 2115 ad
1470 2079 1561 2110 Trib-
1580 2079 1652 2109 Mil.

1341 2134 1450 2185 quod

153 2263 207 2302 (2)
233 2263 342 2305 Qum
369 2263 518 2301 Romani,
551 2275 617 2295 non
644 2265 775 2305 quidem
805 2276 926 2303 omnes,
960 2265 1012 2297 sed
1041 2266 1168 2297 tantum
1196 2267 1238 2298 ab
1266 2266 1375 2308 equite
1408 2268 1449 2299 ad

151 2307 385 2344 centurionem,
407 2309 491 2339 sorte
516 2309 673 2340 duxissent
697 2310 834 2351 singulos
862 2310 1008 2352 captivos
1033 2311 1089 2341 fibi
1115 2312 1334 2348 addicendos3
1368 2323 1449 2352 quo-

149 2361 222 2380 rum
247 2358 355 2382 autem
381 2352 495 2383 eximia
517 2353 620 2384 virtus
644 2356 761 2391 fuerat,
783 2354 885 2385 binos.
931 2355 986 2396 (3)
1016 2357 1081 2386 Pro
1105 2357 1194 2397 clqffe.
1241 2356 1309 2386 Alii
1326 2357 1447 2387 habent

145 2396 276 2436 clastibus.
324 2397 453 2427 Constat
479 2405 586 2428 autem
612 2409 650 2428 ex
675 2399 762 2429 Festo
790 2400 820 2429 Se
846 2401 887 2429 A.
916 2399 1022 2430 Gellio
1046 2401 1150 2442 claſjbm
1171 2403 1345 2442 procinfflzm
1370 2401 1448 2431 olim

149 2438 211 2469 dici
239 2438 339 2469 aciem
363 2439 567 2471 insti-uastam:
603 2443 688 2473 unde
707 2443 807 2473 Faber
824 2443 943 2484 aliique
967 2443 1037 2485 post
1058 2455 1131 2475 eum
1155 2444 1342 2486 conjiciunt,
1364 2444 1447 2475 nihil

148 2483 236 2514 aliud
265 2483 397 2514 voluisse
422 2484 538 2515 horum
562 2486 727 2517 annalium
744 2487 924 2528 scriptores,
951 2488 1050 2529 qudm
1066 2489 1258 2520 exercitibus
1284 2489 1446 2519 instruc-<tis

148 2525 337 2558 dimicatum
360 2528 463 2559 fuisse.
515 2530 576 2560 Sed
600 2530 675 2561 huic
706 2531 870 2562 sententiae
898 2543 962 2562 vox
985 2545 1084 2574 quoque
1111 2534 1307 2564 adversatur.
1354 2534 1445 2570 Nlox,

148 2582 209 2612 pro
224 2574 334 2612 quidam
359 2575 472 2603 annales
489 2576 614 2610 retulere,
637 2575 760 2605 codices
778 2575 912 2616 aliquot,
934 2576 1032 2617 hique
1049 2577 1189 2609 melioris
1206 2586 1302 2615 notae,
1325 2577 1445 2609 habent

142 2618 252 2656 quidam
267 2616 302 2647 in
317 2619 429 2647 canolas
446 2620 573 2649 retulem
619 2620 768 2660 Utraque
784 2619 905 2651 locutio
922 2622 1026 2662 proba
1042 2622 1085 2653 est

193 2695 233 2725 C.
252 2705 300 2734 35.
338 2697 392 2737 (ι)
409 2697 481 2729 Vid.
504 2705 569 2729 not„
589 2707 619 2731 2‘
645 2697 685 2729 ad
702 2709 725 2730 c.
745 2696 798 2739 30.
825 2699 929 2741 supra,
968 2700 1023 2741 (2)
1041 2702 1276 2741 Spectaculum,
1299 2704 1339 2733 ad
1357 2702 1444 2741 quod

191 2739 288 2771 TOM.
309 2742 327 2769 l.
778 2744 803 2771 X
1319 2746 1443 2775 mihim&
