1832 3137
466 809 905 867 JoHANNES
966 813 1330 857 WALKER

702 959 1021 1002 LECTORI
1071 962 1113 1005 S„

237 1156 469 1244 QUUM
525 1184 630 1227 Livii
685 1183 928 1239 exemplaria
969 1186 1032 1224 vel
1078 1185 1206 1227 rarius
1253 1201 1544 1243 comparerent}

232 1259 297 1300 vel
314 1273 462 1315 magno
482 1268 720 1313 pararentur
740 1260 886 1313 pretio,
918 1261 981 1299 vel
997 1261 1171 1314 denique
1193 1276 1336 1315 parum
1358 1265 1407 1303 ad
1430 1265 1543 1305 usum

225 1332 414 1374 studiosae
430 1335 658 1387 juventutis
677 1334 801 1374 efi'ent
826 1336 1160 1386 accommodatae,
1190 1336 1454 1378 hortabantur
1475 1354 1540 1379 me

228 1406 473 1450 ,Academiae
512 1407 657 1449 nostrae
690 1408 869 1448 rectores
892 1411 1086 1461 (quorum
1108 1410 1298 1450 omnibus
1333 1413 1544 1454 observans*

232 1478 350 1529 tiam,
378 1480 584 1520 nonnullis
617 1495 781 1534 quoque
807 1482 978 1535 gratiam
999 1483 1216 1535 plurimam
1239 1485 1385 1540 debeo)
1408 1497 1450 1526 ut
1473 1502 1544 1527 nou

232 1565 323 1595 vam
339 1554 428 1608 ejus
449 1554 669 1594 editionem
691 1568 965 1608 procurarem.
1028 1556 1166 1610 Atque
1188 1572 1280 1612 ego,
1312 1559 1405 1599 licet
1426 1562 1543 1603 variis

229 1627 565 1680 occupationibus
600 1629 848 1684 jampridem
884 1629 1108 1681 distinerer,
1139 1640 1275 1671 tamen
1311 1647 1451 1674 eorum
1474 1650 1544 1676 voa

230 1701 378 1742 luntati
412 1701 539 1742 deesse
560 1703 697 1752 nolui;
731 1717 859 1758 quum
895 1715 1060 1759 propter
1094 1705 1218 1759 ipsam
1240 1709 1371 1760 operis
1393 1710 1542 1763 jucun=

230 1776 415 1826 (litatem,
448 1777 557 1831 (quis
597 1778 707 1818 enim
743 1778 890 1831 absque
933 1779 1088 1818 summa
1122 1780 1391 1821 delectatione
1426 1783 1541 1824 Livio

228 1849 365 1891 nostro
385 1850 621 1892 incumbere
642 1852 772 1906 potest
791 1852 825 1907 ?)
857 1862 945 1893 tum
973 1853 1084 1906 quia,
1115 1853 1192 1893 hoc
1215 1855 1416 1909 praecipue
1439 1868 1541 1898 tem-

228 1938 342 1980 pore,
371 1924 680 1967 humanioribus
702 1927 827 1966 literis
849 1941 922 1981 pro
942 1927 1046 1970 virili
1065 1926 1382 1968 subveniendum
1404 1935 1540 1984 putavi

227 1999 278 2040 ab
296 2001 505 2054 omnibus,
537 2001 607 2055 qui
643 2010 711 2042 aut
731 2002 915 2056 religioni
940 2001 1180 2042 Christianae
1203 2013 1272 2042 aut
1298 2005 1416 2045 cultis
1453 2020 1539 2046 mo-

225 2074 337 2116 ribus
358 2076 496 2119 favent
514 2091 523 2117 :
552 2078 638 2132 jam
660 2076 769 2117 enim
790 2076 976 2117 homines
1007 2077 1195 2118 novitatis
1217 2077 1377 2119 studiofi
1407 2080 1538 2124 literas

224 2149 395 2194 Graecas
431 2165 476 2192 ac
508 2150 674 2193 Latinas
709 2152 819 2192 haud
854 2161 1044 2192 verentur
1064 2153 1126 2192 vel
1148 2154 1355 2207 propalam
1382 2155 1538 2197 obtrec-

225 2234 336 2274 tare3
372 2234 493 2279 atque
528 2227 628 2268 dum
665 2227 740 2267 alia
780 2226 910 2267 studia
945 2227 1112 2268 summis
1134 2228 1320 2268 laudibus
1354 2233 1536 2272 concele-

227 2298 341 2344 brare
363 2300 567 2351 videntur,
597 2316 640 2342 re
681 2301 770 2357 ipsa
813 2304 851 2344 δι
891 2302 1068 2348 divinam
1094 2304 1132 2343 &
1155 2301 1377 2344 humanam
1411 2305 1536 2347 scien-

224 2372 323 2415 tiam
342 2375 534 2417 radicitus
555 2378 724 2418 evellere
746 2387 901 2432 parant.

279 2447 377 2497 Sed,
408 2450 551 2501 fateor,
582 2452 743 2506 prorsus
770 2452 1005 2507 ignorabam
1027 2462 1227 2506 quantum
1248 2452 1290 2493 in
1312 2468 1376 2494 me
1398 2458 1532 2500 oneris

221 2521 474 2576 susciperem.
534 2526 735 2580 Equidem
761 2527 862 2573 mihi
884 2528 937 2567 ita
966 2525 1135 2580 persuafi
1167 2526 1330 2568 brevem
1366 2528 1452 2570 fore
1488 2533 1529 2572 &

224 2598 458 2652 expeditum
497 2599 690 2651 laborem,
736 2602 823 2656 post
858 2611 919 2643 tot
954 2611 1160 2642 tantorum
1200 2602 1379 2644 virorum
1415 2618 1528 2645 curas

222 2671 341 2720 Livio
362 2677 593 2718 exornando
614 2676 828 2733 impensas,
844 2691 938 2720 eum
961 2678 1095 2724 denuo
1116 2676 1158 2719 in
1175 2678 1308 2723 lucem
1330 2679 1523 2720 emittere*

1470 2754 1526 2796 At:
