1905 3168
192 317 247 356 90
881 295 1245 337 T-LIVII

423 411 621 464 Superbum
644 408 920 462 Tarquinizmz;
954 408 1055 447 velut
1083 407 1325 447 haereditatem
1351 407 1473 460 gentis
1492 406 1627 461 scelere
1660 422 1703 447 ac

419 471 460 508 vi
479 469 644 523 rc’petg'ffl’.
707 466 789 506 Pul
800 482 817 505 o
838 465 1003 517 Superbo,
1017 476 1126 519 penes
1147 466 1368 505 Collatinum
1399 465 1592 517 imperium
1626 465 1701 520 ff..

420 526 569 580 IVescire
590 524 813 577 ‘Tarquinios
827 525 996 576 privatos
1016 525 1156 562 vivere.
1189 538 1256 563 non
1268 524 1413 576 placere
1441 537 1577 561 nomen.
1602 523 1705 574 peri-

418 584 569 637 culosum
595 583 755 621 libertati
780 582 851 636 effe.
912 581 993 621 Hic
1025 578 1156 634 primo
1188 580 1327 620 sensim
1359 580 1599 620 tentantium
1622 579 1707 623 ani-

419 655 506 680 mos
529 640 656 680 sermo
680 653 751 693 per
771 648 897 678 totam
919 639 1118 678 civitatem
1159 638 1215 679 est
1252 640 1382 686 datus,
1415 637 1705 690 sollicitamque

419 697 638 751 suspicione
660 696 817 750 plebem
843 697 995 736 Brutus
1027 697 1075 735 ad
1098 696 1333 735 concionem
1350 704 1476 735 vocat.
1539 695 1598 734 Ibi
1620 708 1709 733 om·-

418 756 532 796 nium
568 753 744 809 primum
774 755 1060 809 jusjurandum
1099 752 1236 806 populi
1295 752 1447 792 recitat.
1510 753 1708 791 Neminem

419 829 574 867 regnare
583 814 761 868 pafficros,
775 828 837 851 nec
855 812 915 866 ff
934 812 1058 850 Romae
1077 811 1170 849 unde
1191 810 1397 862 periculum
1417 810 1577 848 libertati
1588 810 1706 865 foret.

421 872 627 925 Idsttmmd
645 881 703 923 ope
723 870 894 909 tuendum
921 869 999 924 ff‘
1021 883 1129 921 neque
1145 868 1257 907 ullam
1288 883 1381 916 rem,
1417 883 1493 920 quae
1520 865 1558 906 eb
1589 868 1710 919 perti-

422 938 517 977 neat,
540 928 842 967 contemnendam.
904 927 1074 965 Invitum
1088 926 1132 979 se
1158 925 1273 964 dicere
1297 924 1450 964 hominis
1474 927 1587 965 causa‘¹
1605 942 1616 963 .·
1649 933 1711 963 nec

421 986 744 1041 dffhwumficffl,
767 986 805 1022 ni
823 985 960 1025 caritas
982 984 1178 1036 reipchlicae
1208 984 1382 1022 vinceret.
1442 982 1530 1021 Non
1568 982 1711 1021 credere

413 1045 586 1104 populum
609 1044 837 1092 Romanum,
848 1042 1005 1096 ſslidam
1021 1042 1222 1080 libertatem
1239 1048 1488 1093 recuperatam
1498 1040 1569 1096 ff.
1633 1040 1712 1079 Re-

418 1104 523 1156 gium
546 1101 628 1159 (5)
646 1115 774 1154 genus,
796 1102 936 1154 regium
957 1114 1095 1147 nomen,
1126 1114 1194 1137 non
1219 1097 1340 1153 solum
1381 1099 1420 1137 in
1457 1098 1622 1146 civitate,
1644 1097 1716 1151 sed

421 1161 532 1199 etiam
553 1161 590 1198 in
609 1160 756 1211 imperio
771 1158 842 1213 ff.
905 1157 954 1196 Ia'
969 1156 1118 1213 officere,
1148 1156 1188 1195 id
1208 1156 1339 1214 obstare
1359 1157 1533 1195 libertati.
1596 1155 1713 1194 Hunc

424 1226 480 1266 tu,
501 1216 648 1269 inquit,
665 1219 733 1256 tua
755 1215 955 1265 voluntate,
969 1215 1021 1254 L.
1042 1213 1244 1268 Tarquini,
1260 1230 1401 1254 remove
1412 1222 1558 1252 metum.
1621 1212 1714 1252 Me·-

424 1276 616 1324 minimus,
623 1274 813 1330 fatemur,
847 1272 973 1328 ejecisti
1009 1287 1119 1325 reges.
1182 1272 1335 1326 Absolve
1353 1271 1557 1326 benificium
1591 1279 1713 1310 tuum.

426 1332 553 1386 Aufer
571 1331 656 1370 hinc
676 1333 816 1384 regium
836 1346 972 1369 nomen.
1034 1330 1112 1370 Res
1131 1338 1216 1369 tuas
1235 1330 1301 1369 tibi
1321 1345 1388 1368 non
1407 1327 1530 1384 solum
1567 1327 1715 1367 reddent

425 1390 524 1429 cives
544 1390 612 1437 tui,
630 1392 773 1427 auHore
793 1403 847 1426 me
860 1409 873 1432 ,·
891 1387 1022 1442 sed‚st
1040 1388 1131 1440 quid
1147 1388 1206 1426 dee
1236 1417 1248 1436 ,
1271 1385 1442 1441 munficss’
1481 1385 1507 1440 (
1511 1388 1536 1427 6
1540 1387 1566 1445 )
1605 1401 1715 1439 auge-

427 1448 528 1486 bunt.
590 1446 747 1486 Amicus
761 1446 831 1484 abi.
849 1460 999 1484 exonera
1015 1446 1201 1484 civitatem
1223 1460 1317 1484 vano
1319 1444 1481 1500 fhrsitan
1498 1452 1606 1483 metu.
1655 1443 1716 1482 Ita

420 1505 631 1559 persuasum
652 1503 697 1558 ss
710 1504 859 1551 animis,
880 1518 961 1542 cum
974 1511 1079 1556 gente
1094 1501 1306 1555 Tarquinia
1340 1516 1492 1555 regnum
1527 1501 1613 1541 hinc
1639 1501 1717 1539 abi-

427 1571 570 1601 turum.
630 1560 796 1607 Consuli
819 1560 951 1614 primo
973 1570 1055 1599 tam
1083 1574 1196 1600 novae
1222 1560 1280 1599 rei
1301 1575 1346 1600 ac
1382 1559 1521 1599 subitae
1549 1558 1721 1599 admira-

428 1620 485 1659 tio
507 1618 721 1659 incluserat
741 1632 894 1658 vocem.
955 1618 1102 1658 Dicere
1124 1618 1268 1660 deinde
1289 1617 1548 1671 incipientem
1569 1615 1720 1670 primo-

428 1691 491 1717 res
531 1676 700 1717 civitatis
732 1675 1038 1724 circumsistunt,
1069 1675 1209 1714 eadem
1231 1675 1367 1715 multis
1382 1673 1568 1729 precibus
1589 1682 1719 1716 orant.

429 1735 481 1774 Et
493 1735 615 1775 ceteri
632 1734 796 1787 quidem
818 1732 1032 1773 movebant
1053 1730 1202 1773 minus.
1245 1732 1455 1787 postquam
1477 1732 1546 1786 Sp.
1568 1732 1722 1773 Lucre-1·

429 1792 524 1841 tius,
543 1789 671 1847 major
693 1794 754 1846 (7)
776 1800 891 1831 aetate
913 1805 957 1834 ac
979 1790 1188 1845 dignitate,
1221 1790 1330 1831 socer
1360 1800 1552 1846 praeterea
1586 1789 1723 1843 ipsius,

430 1864 546 1904 agere
567 1849 691 1899 varie,
705 1849 884 1903 rogando
901 1848 1062 1888 alternis
1083 1848 1380 1901 suadendoque,
1401 1848 1543 1903 coepit,
1564 1856 1609 1886 ut
1637 1847 1724 1886 vin·-

434 1908 471 1947 ci
491 1907 528 1947 se
550 1906 742 1947 consensu
770 1906 941 1953 civitatis
962 1915 1190 1962 pateretur3
1207 1906 1354 1946 timens
1370 1905 1523 1954 consul,
1545 1919 1595 1944 ne
1617 1903 1724 1960 post-

432 1966 601 2004 modum
624 1965 776 2018 privato
794 1964 862 2004 fibi
883 1965 1022 2003 eadem
1046 1964 1110 2004 illa
1142 1978 1236 2003 cum
1267 1963 1468 2009 Bonorum
1504 1962 1725 2013 amissione,

433 2023 647 2076 additaque
660 2023 734 2063 alia
755 2021 914 2075 insuper
928 2021 1164 2076 ignominia,
1180 2021 1423 2072 acciderent,
1452 2020 1651 2064 abdicavit
1686 2019 1725 2060 se

433 2080 641 2122 consulatu
660 2096 669 2120 :
699 2079 894 2132 rebusque
912 2079 990 2121 suis
1007 2079 1194 2121 omnibus
1211 2079 1425 2124 Lavinium
1441 2077 1649 2127 transsatis,
1671 2077 1728 2117 ci-

433 2139 554 2179 vitate
571 2138 689 2178 cessit.
763 2138 911 2177 Brutus
926 2151 973 2176 ex
991 2137 1331 2178 senatusconsulto
1343 2138 1391 2177 ad
1406 2137 1603 2191 populum
1617 2135 1727 2187 tulit,

435 2206 480 2238 ut
494 2210 634 2236 omnes
649 2195 883 2252 Tarquiniae
904 2194 1035 2251 gentis
1057 2194 1209 2239 exsules
1242 2195 1388 2237 essent:
1426 2195 1621 2248 collegam
1659 2188 1728 2246 srbi

214 2078 335 2107 Abdicat
344 2076 377 2116 st:

213 2123 344 2163 cwfidatu
351 2142 359 2151 .

437 2311 649 2357 pertinenti53
674 2312 726 2343 sed
742 2312 844 2349 illum,
858 2311 947 2343 velut
972 2310 1191 2345 haereditatem
1217 2319 1395 2353 paternam,
1417 2321 1552 2352 regnum
1583 2307 1730 2351 repetisse·

436 2358 533 2389 etiam
547 2369 604 2399 per
620 2357 686 2388 vim
704 2357 854 2388 &scelus·
901 2357 954 2397 (5)
970 2359 1020 2390 At
1050 2358 1169 2389 Brutus
1196 2356 1266 2398 ipse
1293 2367 1392 2398 genus
1417 2363 1631 2386 mater-numa
1646 2355 1729 2384 Tar-

439 2402 557 2444 quiniis
577 2402 681 2433 traxit.
727 2401 843 2433 Verius
869 2400 967 2443 igitur
1000 2401 1128 2435 videtur
1159 2402 1248 2442 quod
1278 2400 1451 2443 Dionysius
1477 2400 1508 2430 6<
1536 2398 1731 2435 Plutarchus

439 2454 572 2479 narrant
586 2459 594 2484 ;
618 2446 816 2478 Collatinum
833 2457 898 2476 non
915 2446 1043 2487 pulsum
1055 2446 1146 2483 urbe,
1161 2446 1218 2480 nisi
1236 2446 1403 2488 postquam
1423 2444 1586 2486 Aquillios
1612 2442 1730 2474 sororis

440 2492 521 2522 filios
538 2491 654 2522 merito
667 2490 824 2532 supplicio
840 2490 964 2533 eripere
982 2498 1126 2528 conatus,
1144 2491 1178 2521 in
1196 2490 1405 2532 suspicionem
1417 2490 1541 2522 civibus
1557 2487 1619 2519 suis
1634 2498 1731 2518 vene.-

442 2537 482 2567 rit
500 2536 714 2578 propenfioris
732 2536 764 2565 in
782 2543 936 2578 tyrannos
958 2535 1065 2567 animi.
1110 2535 1165 2577 (6)
1191 2536 1289 2579 Qod
1310 2531 1445 2576 'quidem
1469 2536 1626 2570 fecerunt,
1652 2531 1729 2568 teste

441 2581 606 2624 Dionysio.
666 2582 721 2621 (7)
756 2581 867 2621 Major
887 2579 1006 2611 dicitur
1034 2580 1180 2621 respectu
1213 2582 1405 2618 ceterorum,
1429 2578 1485 2620 qui
1533 2577 1730 2610 Collatinum

442 2625 547 2656 minus
563 2625 744 2656 movebann
791 2624 933 2667 Qidam
949 2625 1064 2657 volunt
1078 2637 1151 2657 eum
1167 2625 1321 2666 majorem
1337 2625 1400 2656 dici
1424 2628 1522 2665 quam
1550 2620 1730 2655 Collatinus

443 2678 535 2701 :etate
552 2681 587 2701 ac
601 2669 754 2712 dignitate
768 2682 774 2699 :
798 2671 886 2710 quod
903 2669 1034 2710 quidem
1050 2670 1127 2702 ferri
1141 2670 1264 2713 potest3
1287 2680 1361 2701 nam
1376 2672 1495 2712 dignitas
1511 2675 1603 2700 notat
1620 2676 1731 2707 quam?

444 2714 490 2748 vis
507 2715 733 2747 auctoritatem
746 2722 800 2746 aut
812 2714 1068 2757 amplitudinem.

1557 2754 1730 2797 comitiis
