1905 3168
961 312 977 365 (
1034 311 1104 352 viii
1162 316 1178 369 )

420 420 542 476 qnam
565 419 747 462 XXXV.
778 421 890 462 Nam·
904 423 1080 464 fecu'ffffa'
1099 424 1219 479 periit
1235 424 1368 476 decas,
1401 423 1443 469 &-
1461 422 1654 482 quicquid
1668 420 1725 470 se-

418 497 616 550 quebatur
633 495 782 535 librum
805 498 1153 551 quadragesimum
1175 500 1378 553 quintum.

468 570 630 609 Citatur
651 585 674 608 a
698 569 816 608 Livio
837 569 978 621 Fabius
998 572 1132 612 Ρὶἑῖον
1152 574 1391 628 scriptorum
1413 577 1724 630 antiquissimus:

415 646 456 684 ἃ
480 643 624 683 ΛῙασεν
643 644 820 683 Licinius
840 654 961 697 atque
994 645 1056 700 Q.
1077 646 1232 687 Tubero.
1292 649 1354 688 Ex
1378 650 1535 691 Graecis
1557 652 1724 706 scripto-

411 717 523 759 ribus
558 714 731 773 Polybius
746 718 766 757 :'
801 719 843 758 in
871 712 921 760 eo
953 727 1089 759 autem
1119 724 1318 762 vertendo·
1352 723 1488 763 noster
1518 724 1724 766 interdum

409 791 679 834 hallucinatus
713 794 783 833 est.
812 794 928 847 Saepe
965 794 1087 834 etiam
1121 797 1372 837 mentionem
1406 797 1505 838 facit
1545 800 1723 840 librorum

407 869 615 908 linteorum.
682 869 749 908 De
786 869 952 909 defeetu
991 868 1071 908 fide
1108 870 1326 924 dignorum
1362 881 1723 913 monumentorum

405 943 701 996 antiquioribus
733 943 984 997 temporibus
1015 944 1231 999 caliginem
1266 946 1503 986 offundente
1541 947 1725 1000 queritur

405 1025 494 1056 tum
511 1017 620 1066 alibi,
653 1027 745 1058 tum
767 1019 793 1058 1.
813 1022 851 1059 8.
879 1033 914 1059 e.
933 1032 1003 1069 40.

463 1092 627 1132 Asinius
645 1093 776 1134 Pollio
810 1093 907 1133 teste
937 1094 1223 1153 QinfifilianO
1260 1096 1286 1136 l.
1320 1109 1407 1136 1.c.
1427 1110 1467 1151 5.
1504 1098 1541 1136 8(
1567 1097 1594 1136 l.
1619 1100 1656 1138 8.
1686 1110 1723 1138 c.

409 1179 445 1206 1.
474 1167 605 1207 aiebat
626 1167 663 1208 se
685 1169 726 1207 in
743 1169 851 1209 Livii
872 1169 1029 1224 scriptis
1059 1171 1365 1212 Patavinitatem
1394 1172 1600 1226 quandam
1621 1172 1662 1210 h.
1685 1182 1723 1211 e.

402 1242 604 1283 diffiones
638 1246 856 1286 nonnullas
900 1245 1102 1287 Romanis
1135 1247 1303 1287 auribus
1342 1247 1559 1287 insolentes
1589 1245 1723 1286 obser-

400 1317 532 1365 vaffe3
566 1333 739 1371 quarum
775 1329 914 1360 tamen
946 1323 1058 1362 nulla
1082 1322 1124 1361 in
1151 1321 1308 1375 scriptis
1347 1315 1437 1375 ejus
1465 1320 1630 1374 vestigia
1658 1319 1723 1359 su-

399 1391 548 1441 pereffe
569 1394 781 1432 contendit
800 1395 1050 1436 Morhofius.
1109 1395 1277 1448 Jamd'iu
1298 1393 1411 1435 ἀοᾶἰ
1442 1407 1586 1434 omnes
1606 1407 1722 1448 mag-

398 1477 454 1503 no
474 1465 670 1506 consensu
707 1467 790 1508 iere
827 1469 870 1508 in
902 1469 1179 1527 Qinfhliani
1202 1470 1459 1520 sententiam,
1490 1469 1561 1522 qui
1596 1469 1625 1508 1.
1654 1480 1717 1508 10.

397 1552 434 1579 c.
461 1552 497 1577 Ι.
517 1539 684 1579 Livium
705 1543 780 1581 effe
797 1544 970 1593 judicat.
1001 1560 1118 1589 Quum
1151 1546 1192 1581 in
1226 1544 1418 1584 narrando
1450 1545 1553 1582 mira·
1573 1544 1720 1593 jucun·-

396 1612 527 1652 ditatis
545 1612 803 1665 clar-ffmiqzce
821 1611 1005 1659 candoris,
1035 1619 1117 1650 tum
1147 1612 1188 1649 in
1218 1612 1444 1651 concionibus
1456 1613 1582 1667 supra
1601 1615 1717 1668 quhm

397 1687 577 1725 enarrari
589 1686 702 1740 potest
719 1686 952 1739 eloquentem.
1714 1731 1716 1733 Ι

456 1760 543 1818 Qi
565 1761 680 1814 plura
701 1760 788 1799 vult
825 1760 942 1800 adeat
978 1759 1164 1800 Vossiurn
1204 1761 1255 1800 de
1288 1760 1505 1803 Historicis
1541 1761 1714 1814 Latinis,

396 1835 570 1876 Fabricii
610 1834 906 1876 Bibliothecam
946 1835 1152 1886 Latinam,
1185 1836 1472 1877 Praefationem
1500 1837 1711 1895 Crevierii,

398 1909 493 1950 Saxi
513 1910 808 1952 Onomasticon
831 1910 1093 1964 Literarium,
1117 1915 1157 1956 δε
1178 1912 1363 1954 Noltenii
1384 1913 1580 1955 Lexicon.
