1905 3168
199 301 252 343 62

899 301 949 343 T.
1007 301 1263 346 LIVII-

194 426 235 455 U.
250 434 366 467 0197·
412 410 517 452 fama
537 409 698 453 ferrent.
759 413 936 455 Censum
957 416 1015 469 (8)
1035 414 1142 455 enim
1161 415 1345 468 instituit,
1373 429 1457 456 rem
1485 414 1693 457 saluberri-

191 473 233 501 A.
250 472 288 501 C·
307 482 380 510 555-
411 483 518 508 mam
540 479 650 510 tanto
671 470 807 511 futuro
829 471 1021 525 imperio:
1055 486 1102 512 ex
1125 488 1205 526 quo
1225 473 1317 514 belli
1342 473 1525 527 pacisque
1552 475 1691 514 munia

190 568 253 590 tmt.

194 704 299 744 aff..

195 516 304 567 C‘ffi‘m
319 519 393 560 i'stl·
410 540 491 565 non
512 528 675 578 viritim,
707 538 751 567 ut
772 533 878 578 ante,
909 529 975 569 sed
996 544 1067 583 pro
1086 529 1225 570 habitu
1253 531 1513 585 pecuniarum
1534 531 1688 571 fierent.

408 584 518 623 Tum
549 586 680 625 claffes
712 588 775 641 (9)
805 587 1079 640 centuriasque
1105 591 1144 628 δε
1169 588 1277 628 hunc
1310 591 1400 642 (ιο)
1427 589 1609 629 ordinem
1638 603 1689 629 ex

408 642 527 681 censu
546 642 762 698 descripsit,
791 645 853 684 vel
871 645 959 698 paci
979 646 1186 697 decorum,
1214 646 1276 685 vel
1302 645 1419 685 bello.

464 699 617 740 XLIII.
677 702 738 742 Ex
778 702 843 753 iis,
887 703 958 756 qui
990 712 1154 742 eentum
1189 703 1360 742 millium
1391 705 1454 757 (1)
1483 704 1586 753 aeris,
1618 712 1690 744 aut

406 759 618 812 majorem,
639 759 802 799 censum
820 759 1026 808 haberent,
1047 759 1254 813 oetoginta
1275 759 1449 800 confecit
1470 762 1688 811 centurias,

406 816 679 870 quadragenas
715 819 778 871 (2)
812 817 1011 857 seniorum
1033 831 1079 856 ac
1109 817 1332 872 juniorum.
1390 816 1525 857 Prima
1561 819 1686 858 claffis

407 887 548 913 omnes
589 875 788 927 appellati.
866 874 1069 924 Seniores,
1120 875 1170 913 ad
1227 873 1336 914 urbis
1377 874 1598 914 custodiam
1639 884 1686 915 ut

403 930 549 983 praestd
570 933 714 971 effent:
742 933 926 986 juvenes,
958 941 1003 971 ut
1023 931 1121 972 foris
1141 931 1242 971 bella
1264 941 1460 986 gererent.
1491 946 1600 971 arma
1620 932 1685 973 his

404 988 613 1042 imperata,
635 989 760 1044 galea,
778 989 970 1043 clipeum,
993 1003 1136 1037 ocreae,
1158 989 1307 1037 loriea;
1341 989 1477 1028 omnia
1508 1003 1556 1028 ex
1589 1003 1684 1029 aere.

402 1044 490 1085 haec
514 1056 557 1085 ut
578 1055 810 1100 tegumenta
831 1047 1008 1100 corporis
1029 1047 1162 1086 effent.
1195 1047 1271 1086 tela
1292 1046 1333 1084 in
1353 1045 1525 1096 hostem,
1555 1046 1686 1087 hasta-

403 1117 481 1155 que
507 1106 543 1143 &
567 1104 734 1158 gladius.
797 1105 960 1143 Additae
979 1104 1073 1143 huic
1095 1103 1198 1143 claffi
1220 1106 1281 1157 (3)
1303 1104 1394 1142 duae
1414 1102 1575 1144 fabrum
1589 1118 1684 1144 cen-

403 1160 532 1210 turiae,
594 1176 654 1200 uae
676 1162 754 1200 fine
775 1162 894 1201 armis
916 1161 1109 1215 stipendia
1139 1160 1330 1200 facerent.
1353 1162 1492 1200 datum
1518 1175 1684 1211 munus,

402 1227 447 1256 ut
467 1176 671 1258 macfiinas
693 1219 733 1257 in
754 1218 859 1258 bello
891 1219 1054 1258 ferrent.
1114 1218 1300 1258 Secunda
1320 1218 1443 1258 claffis
1465 1219 1568 1258 intra
1589 1233 1685 1259 cen-

401 1283 487 1313 tum
510 1275 634 1328 usque
669 1277 721 1315 ad
755 1276 934 1329 quinque
973 1279 1011 1316 &
1043 1275 1292 1330 septuaginta
1324 1275 1497 1315 millium
1517 1276 1682 1316 censum

398 1331 606 1381 instituta;
654 1335 691 1372 &
726 1347 775 1372 ex
814 1333 894 1384 his,
924 1333 1144 1373 senioribus
1185 1336 1247 1387 (4)
1273 1333 1594 1388 junioribusque,
1624 1335 1684 1373 vi-

396 1388 499 1442 ginti
531 1388 764 1443 conscriptae
796 1390 1012 1430 centuriae:
1042 1404 1151 1430 arma
1186 1390 1392 1444 imperata,
1422 1390 1578 1430 scutum
1619 1394 1684 1446 (5)

398 1460 470 1499 pro
503 1447 647 1500 clipeo,
697 1450 735 1487 &
773 1456 916 1500 praeter
948 1448 1113 1487 loricam
1152 1448 1288 1486 omnia
1317 1449 1471 1487 eadem.
1529 1449 1682 1488 Tertiae

395 1503 521 1543 claffis
542 1506 603 1558 (6)
625 1505 665 1543 in
688 1504 977 1559 quinquaginta
999 1505 1170 1543 millium
1187 1504 1349 1544 censum
1370 1505 1443 1543 effe
1459 1505 1598 1544 voluit.
1621 1515 1684 1545 to-

402 1561 524 1599 tidem
558 1562 750 1601 centuriae
792 1566 831 1602 &
872 1563 950 1611 hae,
981 1563 1204 1614 eodemque
1238 1561 1462 1602 discrimine
1499 1562 1680 1603 aetatium

395 1617 516 1657 fa&ae
534 1634 542 1658 z
563 1633 636 1658 nec
665 1621 714 1658 de
740 1619 859 1658 armis
881 1619 1097 1672 quicquam
1119 1629 1346 1668 mutatum3
1377 1634 1506 1660 ocreae
1519 1618 1681 1660 tantum

395 1676 604 1729 ademptae.
665 1677 713 1714 In
734 1677 874 1729 quarta
909 1677 1021 1715 claffe
1057 1677 1197 1716 census
1233 1677 1411 1730 quinque
1454 1680 1494 1718 δι’
1534 1678 1697 1732 viginti.

394 1733 594 1781 millium,
640 1733 808 1773 totidem
840 1734 1031 1774 centuriae
1064 1733 1197 1775 faetae.
1233 1748 1343 1774 arma
1376 1743 1543 1784 mutata,
1579 1735 1680 1775 nihil

1531 1801 1678 1846 praeter

390 1906 553 1948 dignitatis
579 1910 782 1949 fortunaeque
807 1908 914 1950 aliqua
937 1907 1097 1940 distinffio
1122 1916 1266 1950 apparet.
1311 1909 1364 1950 (8)
1395 1910 1491 1950 Cetfizs
1506 1908 1675 1940 dicebatur

390 1952 553 1983 aestimatio
582 1964 689 1984 rerum
714 1965 750 1984 ac
775 1953 947 1990 bonorum,
975 1953 1197 1994 quinquennio
1222 1964 1352 1995 quoque
1377 1955 1474 1991 faeta,
1500 1954 1674 1984 secundum

390 2008 488 2037 qnam
513 1997 635 2028 tributa
660 1998 891 2038 pendebantur.
939 1998 990 2038 (9)
1009 1998 1152 2038 Singulas
1169 1998 1327 2029 centurias
1347 2009 1483 2029 numero
1499 1999 1674 2029 admodum

389 2041 557 2081 inaequales
573 2041 643 2078 effe,
666 2043 717 2073 vel
734 2043 809 2073 inde
825 2050 970 2083 apparet,
992 2041 1079 2082 quod
1092 2042 1195 2082 prima
1213 2042 1311 2073 claffis
1327 2043 1360 2072 in
1381 2042 1546 2084 oCtoginta
1562 2051 1674 2074 centu·

389 2086 450 2116 rias
467 2086 625 2127 descripta
641 2086 701 2124 est3
725 2087 849 2123 ultima,
863 2087 1008 2118 omnium
1023 2087 1108 2118 certe
1122 2087 1382 2125 numerofiffima,
1401 2087 1436 2118 iu
1451 2098 1557 2119 unam.
1594 2089 1672 2129 (10)

387 2131 544 2162 Ordinem
560 2131 616 2171 qui
632 2131 728 2162 hodie
743 2140 860 2162 manet.

434 2195 469 2224 C.
486 2203 537 2232 43.
574 2194 628 2233 (1)
661 2194 766 2235 Affium
782 2195 925 2223 libralimn
953 2193 991 2223 sc.
1008 2193 1061 2223 seu
1085 2195 1149 2224 aerl's
1170 2196 1298 2235 gravis;
1321 2193 1368 2224 ita
1394 2193 1472 2224 diffi
1498 2194 1587 2234 qubd
1613 2204 1671 2235 ap-

388 2238 496 2279 pendi,
518 2248 583 2268 non
605 2245 712 2268 autem
728 2237 903 2274 numerari,
925 2237 1054 2268 solebat.
1101 2238 1156 2268 Ille
1179 2246 1288 2269 autem
1309 2238 1418 2269 census
1443 2237 1670 2279 intelligendus

387 2282 430 2312 est
443 2293 507 2313 non
521 2283 560 2313 de
577 2282 682 2313 reditu
695 2293 815 2319 annuo,
830 2283 883 2313 sed
899 2283 939 2312 de
955 2282 1038 2312 sorte
1054 2281 1124 2322 ipsa
1140 2283 1311 2314 bonorum.
1356 2283 1410 2323 (2)
1433 2284 1555 2313 Seniores
1572 2283 1669 2314 habe-

387 2327 508 2358 bantur
523 2326 578 2367 qui
601 2327 723 2357 sextum
740 2327 771 2357 δε
788 2326 1064 2368 quadragesimum
1090 2327 1192 2358 aetatis
1217 2338 1338 2358 annum
1364 2326 1670 2369 attigiss'ent3junio-

385 2385 441 2408 res,
463 2383 482 2402 a
498 2371 622 2402 decimo
638 2371 774 2412 septimo
789 2372 830 2402 ad
858 2370 1134 2412 quadragesimum
1158 2372 1288 2403 sextum.
1333 2372 1389 2412 (3)
1413 2373 1480 2402 Has
1496 2372 1670 2414 Dionysius

385 2416 531 2447 secundae
544 2415 628 2446 classi
643 2415 801 2446 attribuit.
846 2417 900 2457 (4)
923 2417 1022 2446 Denae
1036 2416 1074 2446 sc.
1090 2416 1256 2457 juniorum
1272 2427 1310 2447 ac
1324 2416 1495 2447 seniorum.
1531 2417 1587 2458 (5)
1609 2419 1672 2447 Cli-

378 2468 446 2502 pcus
473 2461 643 2497 rotundus,
677 2461 708 2490 &
731 2460 862 2491 brevior
876 2463 965 2500 scuto,
990 2461 1079 2500 quod
1106 2463 1218 2492 formae
1244 2462 1392 2501 oblonga:
1417 2468 1494 2492 erat.
1539 2461 1668 2493 Milites

384 2516 505 2541 omnes,
527 2505 693 2545 postquam
711 2504 903 2546 stipendiarii
931 2505 1008 2535 faeti
1026 2505 1109 2541 sunt,
1133 2505 1228 2536 scutis
1243 2506 1314 2536 usos
1330 2505 1401 2543 effe,
1422 2513 1532 2536 narrat
1544 2505 1668 2544 Livius,

384 2549 404 2579 l.
419 2550 445 2580 8.
462 2561 487 2580 c.
505 2550 535 2580 8.
563 2550 618 2591 (6)
642 2549 846 2580 Constructio
863 2549 1038 2580 obscurior.
1083 2549 1265 2581 Crevierius
1281 2557 1391 2581 monet
1412 2549 1665 2582 subaudiendam

384 2593 444 2624 efl'e
459 2605 572 2624 vocem
586 2597 732 2624 centurias.
777 2594 872 2624 Malo
887 2605 999 2624 vocem
1010 2597 1107 2635 cessum
1121 2603 1274 2636 repetere.
1318 2598 1474 2625 Attamen
1487 2596 1664 2634 fatendum,

385 2638 553 2679 plusquam
569 2638 769 2669 verisimilem
786 2638 847 2669 ess'e
862 2639 1082 2679 conjeeturam
1097 2638 1368 2676 Drakenborchii‚
1388 2641 1501 2676 millium
1509 2640 1667 2681 ⁴mendose}

383 2682 442 2724 legi
462 2694 521 2724 pro
545 2686 656 2720 millia3
679 2693 914 2723 numerumque
931 2682 1016 2714 notis
1033 2684 1211 2724 expressum
1227 2683 1329 2715 errori
1343 2684 1468 2715 causam
1486 2684 1666 2724 praebuisse.

384 2727 478 2759 Certe
493 2727 603 2760 Livius
621 2727 724 2760 voluit
742 2727 869 2759 tertiam
890 2727 1014 2760 classem
1039 2728 1215 2761 institutam
1241 2727 1333 2762 fuiffe
1358 2727 1445 2761 intra
1463 2727 1666 2803 [ερῐῖιειὲἒηη

1565 2783 1588 2805 u
1603 2783 1666 2814 que
