1832 3137
355 293 640 337 LIBER
701 294 753 334 II.
814 295 996 341 CAP.
1057 296 1207 338 XLIX.

200 410 352 452 XLIX.
385 411 528 450 Manat
541 409 624 448 tota
641 408 737 449 urbe
754 424 919 451 rumor:
950 411 1093 452 Fabios
1114 414 1162 452 ad
1180 412 1329 453 coelum
1345 413 1429 452 lau-

143 469 261 510 dibus
282 468 429 508 ferunt.
490 465 690 506 Familiam
711 483 821 506 unam
833 469 963 524 subiffi’
977 471 1141 510 civitatis
1160 486 1274 510 onus:
1301 471 1368 509 V
1335 485 1430 524 esens

143 527 302 566 bellum
289 542 326 564 zn
339 526 535 577 privatam
556 540 699 573 curam,
730 526 768 563 in
777 528 935 577 privata
953 542 1060 566 arma
1086 543 1130 566 ve
1133 529 1241 582 <sum
1305 528 1345 566 Sz
1347 527 1430 581 snt

143 585 221 623 tlaae
233 584 365 623 roboris
385 579 571 637 ejusdem
558 597 596 620 zn
618 583 705 620 urbe
720 591 871 635 gentes;
895 584 1091 637 deposcant,
1112 585 1182 624 haec
1205 587 1244 624 V
1241 585 1339 639 offlos
1341 584 1384 637 s
1383 586 1431 631 ln,

143 642 208 680 illa
225 641 396 693 Aequos:
414 639 548 692 populo
563 639 730 678 Romano
746 641 986 693 tranquillam
1005 651 1075 693 pac
1076 657 1129 680 em
1145 652 1285 696 agente,
1316 657 1432 681 omnes

129 698 327 765 finitimos
333 698 459 752 subigi
479 697 624 750 populos
646 697 747 752 pff.
809 696 919 736 Fabn
934 698 1089 750 postero
1111 699 1174 738 die
1196 714 1305 738 arma
1327 700 1433 752 capi-

145 765 229 795 unt.
253 769 335 807 quo
353 754 444 809 juffi
460 763 587 804 erant,
619 753 877 793 conveniunt.
940 755 1107 803 Consul,
1140 759 1198 810 (1)
1222 758 1433 809 paludatus

143 812 366 867 egrediens,
397 812 438 850 in
454 811 647 851 vestibulo
664 821 825 866 gentem
845 825 1008 851 omnem
1025 812 1135 851 suam
1153 813 1346 853 instrueto
1367 830 1434 868 ag-

144 871 252 909 mine
273 870 394 909 videt.
417 878 605 922 acceptus
628 869 668 907 in
682 869 876 918 medium,
915 870 1021 923 signa
1043 869 1136 909 ferri
1154 870 1282 925 jubet.
1318 871 1436 910 Nun-

144 942 267 980 quam
279 927 477 967 exercitus
499 935 629 979 neque
652 926 783 965 minor
799 941 985 977 numero,
1015 936 1146 979 neque
1167 929 1309 967 clarior
1331 928 1439 968 fama

146 988 187 1025 &
209 984 471 1024 admiratione
492 984 720 1032 hominum,
744 998 814 1048 per
831 984 970 1024 urbem
988 985 1150 1024 inceffit.
1211 988 1271 1039 (2)
1302 986 1381 1025 Sex
1397 989 1440 1026 δι’

145 1042 313 1082 trecenti
335 1042 496 1090 milites,
528 1055 668 1081 omnes
699 1042 870 1094 patricii,
901 1055 1041 1081 omnes
1062 1042 1180 1082 unius
1202 1043 1346 1097 gentis,
1376 1046 1438 1096 (3)

145 1114 319 1152 quorum
342 1099 546 1139 neminem
576 1096 721 1138 ducem
755 1099 954 1152 sperneret
987 1100 1169 1154 egregius
1202 1099 1439 1152 quibussibet

145 1157 393 1210 temporibus
415 1157 590 1207 senatus,
622 1156 747 1206 ibant,
779 1156 898 1196 unius
920 1156 1083 1196 familiae
1104 1156 1252 1196 viribus
1275 1158 1439 1212 Vejenti

147 1216 297 1268 populo
339 1214 489 1267 pestem
525 1214 767 1253 minitantes.
828 1213 1080 1266 Sequebatur
1112 1213 1242 1262 turba,
1279 1215 1441 1268 propria

147 1272 222 1311 alia
243 1281 508 1326 cognatorum
540 1271 829 1323 sodaliumque,
861 1271 960 1310 nihil
982 1271 1177 1322 medium,
1208 1285 1282 1311 nec
1316 1272 1439 1325 spem,

148 1343 221 1369 nec
244 1344 398 1378 curam,
430 1329 495 1368 sed
517 1328 707 1367 immensa
730 1328 864 1367 omnia
897 1328 1142 1367 volventium
1173 1329 1332 1377 animo3
1365 1329 1442 1370 alia

146 1389 209 1440 (4)
231 1386 405 1440 publica,
438 1383 703 1426 sollicitudine
730 1386 914 1434 excitata,
946 1385 1080 1424 favore
1117 1389 1156 1426 δε
1179 1386 1440 1425 admiratione

149 1444 338 1497 stupens3
371 1446 431 1497 (5)
462 1445 516 1481 ire
521 1444 660 1498 firtes,
691 1445 745 1481 ire
765 1443 896 1497 felices
921 1442 1079 1497 jubent,
1112 1445 1258 1496 inceptis
1293 1452 1443 1482 eventus

143 1512 255 1554 pares
276 1501 423 1543 reddere
441 1518 452 1539 :
483 1500 684 1554 consulatus
699 1500 781 1539 inde
801 1516 843 1538 ac
862 1499 1077 1552 triumphos,
1098 1502 1216 1539 omnia
1230 1503 1383 1553 praemia
1399 1501 1445 1540 ab

138 1560 194 1613 st,
225 1574 343 1598 omnes
360 1558 506 1597 honores
513 1559 678 1613 sperare.
738 1557 1079 1597 Praetereuiitibus
1104 1557 1350 1610 Capitolium
1383 1572 1444 1597 ar-

1274 1629 1445 1668 cemque

199 1734 234 1763 C.
252 1741 304 1773 49.
323 1732 377 1772 (1)
401 1731 474 1762 Vid.
494 1739 560 1762 not.
589 1739 614 1762 1.
631 1732 672 1762 ad
696 1742 721 1762 c.
739 1731 789 1763 26.
816 1731 835 1761 l.
860 1741 887 1761 1.
938 1730 991 1772 (2)
1014 1729 1214 1768 Perizonius,
1236 1730 1345 1761 Anim.
1365 1731 1445 1762 Hist.

153 1786 179 1808 e.
196 1787 224 1815 5.
238 1777 376 1818 probare
389 1776 515 1813 nititur,
530 1776 622 1818 longe
639 1775 804 1806 minimam
817 1775 849 1805 in
863 1775 923 1806 hoc
940 1775 1064 1817 agmine
1080 1783 1205 1816 partem
1222 1786 1238 1806 e
1252 1776 1346 1806 Fabia
1372 1787 1447 1817 gen-

154 1830 196 1857 te.
212 1821 380 1863 plerosque
394 1821 513 1852 sodales
532 1822 562 1851 &
576 1820 705 1851 clientes
719 1819 890 1851 Fabiorum
906 1819 1004 1851 fuiffe.
1050 1819 1218 1861 [Attamen
1231 1819 1253 1850 fi
1266 1820 1360 1851 Fabia
1371 1831 1448 1862 gens

154 1868 267 1897 Rornae
285 1865 382 1897 fuerit
405 1866 564 1907 indigena,
587 1873 622 1896 ut
650 1865 716 1906 ipse
740 1865 929 1896 Perizonius
953 1863 1094 1901 testatur,
1115 1875 1224 1895 annon
1246 1864 1337 1895 facile
1360 1865 1450 1895 credi

155 1911 258 1952 potest
273 1922 343 1941 eam
359 1918 408 1941 tot
425 1921 560 1941 numero
584 1909 730 1940 militaris
747 1909 848 1940 aetatis
864 1909 962 1944 viros,
987 1908 1143 1939 tricefimo
1160 1910 1226 1940 fere
1249 1909 1318 1950 post
1335 1910 1448 1940 urbem

156 1955 319 1986 conditam
336 1966 433 1992 anno,
456 1954 641 1996 protulisse,
632 1967 639 1973 ·
664 1953 839 1994 praesertim
857 1953 878 1984 sl
895 1961 960 1984 tam
976 1952 1084 1983 affines
1112 1956 1210 1993 quam
1225 1953 1449 2004 consanguinei

156 1999 393 2031 numerentur?
418 2000 503 2030 Nam
519 2000 608 2040 quod
634 2006 725 2040 urget
744 1998 931 2029 Perizonius
946 1997 1163 2037 Tarquinium
1188 1998 1368 2048 Superbum
1384 1998 1450 2039 pri-

156 2055 261 2076 mores
272 2043 411 2075 civitatis
428 2043 628 2080 interfecisse,
649 2043 683 2073 id
699 2042 944 2093 intelligendum
957 2041 1068 2079 sentio,
1090 2053 1156 2072 non
1169 2043 1208 2073 de
1225 2042 1366 2083 patriciis
1384 2053 1451 2072 om-

157 2089 264 2126 nibus,
280 2089 331 2119 sed
348 2088 411 2119 de
404 2088 441 2119 iis
451 2088 508 2129 qui
525 2088 608 2118 inter
622 2082 773 2128 patricios
787 2086 925 2128 opibus'
916 2094 981 2128 jam
992 2094 1060 2116 tum
1073 2086 1207 2128 insignes
1223 2089 1320 2118 fuere.
1353 2088 1450 2129 Qod

157 2141 266 2165 autem
282 2133 431 2164 Valerius
448 2133 557 2164 consul
569 2143 584 2163 e
598 2132 692 2174 plebe
717 2131 853 2182 allegisse
869 2131 988 2162 dicitur
1005 2142 1115 2161 ewa.
1128 2131 1162 2161 in
1179 2142 1349 2163 numerum
1365 2132 1452 2162 sena-

158 2181 290 2216 torum3
313 2177 345 2209 id
363 2189 429 2208 non
446 2185 581 2219 propter
609 2175 753 2218 inopiam
770 2176 982 2217 patriciorum
999 2177 1123 2206 factum
1139 2184 1230 2217 puto,
1252 2176 1305 2206 sed
1329 2177 1381 2216 (ut
1398 2176 1452 2206 Li-

161 2222 233 2253 vius
257 2222 322 2263 ipse
339 2222 461 2262 innuit)
479 2233 545 2263 quo
559 2222 772 2263 jungerentur
796 2221 942 2262 patribus
970 2220 1071 2262 plebis
1095 2220 1204 2251 animi.
1252 2220 1400 2260 Denique
1412 2221 1453 2251 dc

160 2278 228 2297 uno
245 2267 412 2308 impubere
430 2267 555 2302 relicto,
577 2266 672 2307 stirpe
691 2265 777 2307 genti
797 2265 911 2302 Fabiae,
934 2276 1008 2295 mox
1025 2266 1080 2295 suo
1092 2265 1164 2295 loco
1182 2265 1319 2296 nostram
1331 2266 1453 2295 senten-

162 2309 239 2342 tiam
259 2313 472 2352 proferemus.
519 2312 614 2342 Certe
636 2314 748 2341 omnes
770 2309 909 2340 historici
931 2311 971 2340 de
987 2309 1123 2349 utraque
1137 2321 1171 2340 re
1194 2309 1284 2350 aeque*
1298 2309 1454 2340 consenti-

163 2364 232 2386 unt.
257 2356 303 2397 E]
350 2356 404 2397 (3)
430 2357 580 2398 Qiorum
593 2354 730 2396 singulos
741 2354 1031 2395 incorruptissimus
1042 2352 1234 2394 quibussibet
1256 2353 1454 2394 temporibus

162 2401 287 2431 senatus
304 2398 416 2441 dignos
432 2400 632 2436 existimaret,
654 2399 710 2440 qui
722 2410 913 2441 magnorum
926 2398 1123 2429 exercituum
1136 2399 1231 2429 duces
1247 2398 1351 2429 essent.
1397 2400 1454 2439 (4)

164 2446 285 2475 Eorum
297 2445 335 2475 sc.
352 2444 469 2484 quibus
486 2455 560 2475 cum
578 2443 680 2474 Fabiis
694 2444 781 2474 nulla
793 2443 921 2485 privata
937 2441 1131 2484 necessitudo
1148 2442 1217 2473 fuit.
1260 2443 1373 2474 Turba
1383 2445 1456 2484 puh-

162 2492 216 2519 lica
234 2489 413 2530 opponitur
440 2491 490 2528 τῷ
500 2492 629 2530 propria.
679 2488 863 2519 Crevicrius
878 2498 991 2518 vocem
1002 2489 1113 2529 publica
1128 2487 1231 2529 jungit
1255 2498 1329 2518 cum
1344 2486 1458 2519 sollici-

165 2534 296 2564 tudine:
322 2536 392 2570 alia,
418 2532 531 2574 publica*
544 2534 725 2573 sollicitudine
749 2535 879 2563 excitata.
927 2533 983 2573 (5)
1006 2532 1174 2573 Eleganter
1191 2534 1284 2573 fhrtes
1305 2532 1337 2563 δε
1358 2534 1456 2572 felices

164 2578 268 2619 jungit
286 2578 408 2615 Livius,
432 2584 546 2618 utpote
563 2578 618 2618 qui
635 2587 796 2618 quemque
809 2576 981 2608 Fabiorum
997 2577 1029 2607 in
1047 2576 1301 2618 praecedentibus
1318 2584 1353 2607 ut
1369 2579 1458 2607 ducem

167 2623 431 2653 consideraverat.
477 2624 625 2662 Namque
649 2622 894 2662 imperatorum,
916 2632 1070 2654 eorumve
1086 2632 1224 2661 quorum
1248 2621 1392 2662 auspiciis
1410 2632 1459 2652 res

167 2667 300 2707 geritur,
323 2671 413 2698 virtus
430 2668 602 2707 &felicitas
620 2666 806 2697 sollenniter
825 2666 1061 2707 praedicantur;
1084 2665 1252 2703 sociorum,
1274 2666 1462 2706 legatorum,

167 2712 317 2747 militum,
341 2715 433 2743 virtus
459 2712 586 2754 &fids-s.
636 2713 745 2751 Itaque
761 2710 891 2742 illorum
908 2713 1000 2751 fortis
1020 2713 1058 2742 ΕΤ
1075 2713 1166 2750 felix,
1188 2711 1399 2753 horumsortis
1422 2710 1459 2740 ’δ’

724 2757 751 2786 L
776 2764 795 2786 2
1357 2755 1450 2795 βάζω

1572 310 1644 349 147
