1905 3168
169 299 246 341 134
841 281 1210 324 T.L1V11

379 410 520 436 manos
542 395 710 449 expulit,
739 394 985 447 liberamque
1019 409 1108 434 earn
1138 394 1277 435 urbem
1309 394 1467 434 Volscis
1499 396 1673 437 tradidit.

379 455 495 502 Inde,
515 456 577 506 (1)
594 453 633 492 in
651 454 838 493 Latinam
853 453 959 491 viam
972 452 1198 492 transversis
1214 452 1441 492 tramitibus
1463 453 1676 508 transgres-

379 511 458 559 sus,
476 511 693 560 Satricum,
712 511 955 564 Longulam,
971 507 1196 558 Poluscam,
1213 511 1415 560 Coriolos,
1437 513 1500 564 (2)
1519 513 1675 551 novella

379 569 465 608 haec
490 569 688 608 Romanis
705 568 851 622 oppida
873 568 1034 607 ademit.
1096 568 1194 607 Inde
1227 568 1443 612 Lavinium
1470 571 1533 622 (3)
1565 582 1675 610 rece-

379 627 463 680 pit:
485 639 582 665 tunc
604 626 793 679 deinceps
815 624 1075 674 Corbionem,
1097 625 1320 674 Vitelliam,
1350 625 1560 676 Trebiam,
1596 627 1680 665 La-‘

379 684 506 734 vicos,
520 684 677 723 Pedum
695 684 812 737 cepit.
874 683 1126 723 Postremum
1141 684 1190 722 ad
1205 683 1346 722 urbem
1361 698 1382 722 a
1402 683 1513 724 Pedo
1535 685 1646 724 ducit
1662 701 1673 738 Ξ

381 744 439 789 ἃ,
463 742 512 780 ad
535 742 597 795 (4)
618 740 734 781 foffas
756 740 922 781 Cluilias
941 741 1120 794 quinque
1143 740 1190 780 ab
1212 740 1309 780 urbe
1331 741 1455 780 millia
1491 743 1672 795 paffuum

378 798 516 839 castris
534 799 682 852 positis,
699 800 915 852 populatur
936 798 1028 837 inde
1050 811 1193 852 agrum
1215 798 1478 846 Romanum3
1501 800 1676 840 custodi-

379 856 454 895 bus
476 857 579 895 inter
599 858 856 910 populatores
873 855 1006 904 miffis,
1028 856 1096 908 qui
1123 856 1383 911 patriciorum
1401 870 1516 910 agros
1549 857 1677 897 intac-

378 922 440 953 tos
456 914 679 954 servarent:
711 915 786 954 five
809 913 988 953 infensus
1005 913 1111 966 plebi
1131 912 1274 967 magis,
1307 913 1382 952 five
1404 923 1449 952 ut
1479 914 1674 956 discordia

376 972 470 1010 inde
504 971 608 1011 inter
641 973 778 1012 Patres
819 970 1058 1024 plebemque
1098 971 1282 1010 oriretur.
1345 971 1451 1029 Qae
1485 971 1674 1025 profeEtd

376 1038 463 1068 orta
481 1030 591 1079 efl'et,
608 1030 710 1068 adeo
732 1028 884 1068 tribuni
894 1029 978 1083 jam
998 1028 1175 1068 ferocem
1195 1043 1264 1081 per
1286 1028 1324 1068 se
1355 1029 1513 1084 plebem
1539 1030 1675 1070 erimi-

376 1087 512 1126 nando
526 1087 565 1125 in
580 1087 775 1139 primores
791 1086 962 1126 civitatis
980 1085 1232 1140 instigabant.
1251 1085 1317 1126 sed
1333 1096 1523 1126 externus
1536 1088 1673 1137 timor,

243 1149 265 1190 ⁴:
375 1145 601 1183 maximum
624 1144 851 1184 concordiae
872 1144 1095 1192 vinculum,
1119 1144 1300 1197 quamvis
1321 1144 1525 1198 suspectos
1542 1145 1675 1185 infen-

377 1201 514 1255 sosque
534 1202 636 1242 inter
658 1201 901 1256 sejungebat
918 1202 1085 1241 animos.
1147 1202 1194 1240 Id
1211 1199 1334 1242 modo
1357 1216 1439 1242 non
1461 1204 1674 1243 convenie-

374 1258 471 1308 bat3
505 1261 617 1312 quod
658 1260 815 1299 senatus
860 1259 1118 1312 consulesque
1164 1259 1363 1312 nusquam
1413 1259 1506 1300 alibi
1547 1260 1674 1314 spem,

375 1318 502 1369 quam
525 1318 565 1355 in
588 1318 724 1365 armis,
746 1317 950 1371 ponebant
966 1316 1140 1370 :plebes
1162 1318 1313 1366 omnia,
1342 1320 1464 1375 quam
1505 1317 1671 1367 bellum,

155 1393 237 1422 uf,
256 1392 327 1423 256,
375 1374 564 1414 malebat.
627 1377 689 1429 (5)
710 1375 779 1428 Sp.
803 1375 980 1415 Nautius
998 1376 1082 1429 jam
1107 1378 1147 1415 ὅτ
1182 1375 1274 1415 Sex.
1313 1376 1458 1415 Furius
1491 1376 1672 1416 consules

151 1437 324 1474 A.C.486.
375 1442 500 1472 erant.
562 1432 658 1483 Eos,
691 1432 940 1473 recensentes
979 1432 1171 1486 legiones,
1202 1433 1380 1486 praefidia
1419 1447 1489 1487 per
1536 1444 1674 1474 muros

153 1482 350 1557 ἓῑῐῖξ-ἯῘΟ)
375 1490 549 1542 aliaque,
570 1490 612 1529 in
634 1489 780 1543 quibus
798 1489 986 1529 stationes
1003 1490 1235 1544 vigiliasque
1252 1491 1326 1529 effe
1344 1491 1565 1544 placuerat,
1586 1492 1674 1531 loca

153 1537 234 1602 {fist
262 1539 332 1558 ΜΟ
375 1548 670 1596 distribuentes,
685 1548 903 1587 multitudo
920 1547 1060 1602 ingens
1073 1562 1212 1601 pacem
1226 1548 1476 1601 poscentium
1493 1547 1672 1602 primum

374 1605 556 1645 seditioso
578 1607 752 1646 clamore
776 1606 998 1645 conterruit
1015 1620 1023 1644 z
1040 1606 1184 1644 deinde
1216 1620 1358 1646 vocare
1381 1606 1578 1656 senatum,
1611 1621 1674 1646 re-

373 1663 477 1703 ferre
499 1664 548 1702 de
569 1664 708 1717 legatis
729 1665 778 1703 ad
800 1663 848 1703 C.
871 1662 1076 1705 Marcium
1103 1662 1311 1703 mittendis
1333 1665 1478 1718 coegit.
1542 1665 1674 1718 Acce-
1700 1699 1703 1701 ,

373 1733 521 1774 perunt
555 1721 791 1760 relationem
827 1721 966 1760 Patres
985 1736 996 1768 3
1043 1720 1256 1774 postquam
1298 1722 1496 1775 apparuit,
1539 1722 1671 1762 labare

374 1778 501 1832 plebis
519 1779 700 1827 animos;
732 1778 912 1832 missique
945 1779 993 1817 de
1030 1792 1128 1837 pace
1169 1779 1219 1818 ad
1256 1779 1672 1819 R1a1*cium''oratores

153 1861 328 1887 *saraiam
375 1847 488 1876 atrox
507 1836 753 1890 vresponsum
790 1838 1013 1876 retulerunt
1033 1840 1042 1875 :'
1075 1836 1115 1875 Si
1148 1837 1280 1891 Volscis
1315 1853 1404 1890 ager
1443 1837 1671 1886 redderetur,

157 1904 332 1933 adalanum.
365 1896 458 1950 pff
471 1896 535 1948 agi
549 1895 592 1934 de
599 1905 690 1947 pace
702 1913 714 1933 .·
729 1893 772 1948 st
783 1894 912 1946 praedci
928 1894 1008 1933 belli
1018 1904 1090 1945 per
1108 1896 1219 1933 otium
1226 1894 1322 1949 frui
1338 1895 1468 1944 velint,
1484 1910 1672 1934 memorem

360 1954 405 2007 se
440 1952 492 1993 Εἴ
511 1954 650 1991 civimn
680 1954 840 2006 injuriae,
867 1952 918 1993 &9³
945 1951 1119 2006 hospitum
1165 1951 1336 2006 beflfficii,
1372 1953 1588 2008 adnifiaerum
1632 1963 1674 1992 ut

372 2019 565 2063 appareat,
586 2009 779 2064 eofiliostbi
798 2011 979 2057 irritatos,
1011 2025 1079 2048 non
1095 2010 1260 2064 fiatfiat,
1291 2011 1430 2049 animos
1458 2011 1531 2065 ff.
1592 2011 1674 2051 Ite-

373 2083 464 2108 rum
493 2068 637 2108 deinde
663 2067 786 2107 iidem
817 2067 916 2106 miffi
938 2081 1020 2106 non
1047 2067 1297 2122 recipiuntur
1328 2067 1369 2107 in
1402 2068 1540 2109 castra.
1600 2069 1674 2110 Sa*-

152 1815 312 1854 Legatifflms

419 2188 455 2217 C.
477 2195 526 2226 39.
545 2185 599 2226 (1)
612 2186 687 2216 Non
705 2185 791 2216 rech}
804 2186 952 2221 Romam,
964 2184 1016 2214 sed
1032 2184 1167 2225 obliquo
1177 2183 1292 2215 itinere
1303 2185 1411 2215 versus
1423 2184 1508 2216 viam
1519 2186 1671 2219 Latinam

373 2230 550 2265 contendit.
599 2231 652 2271 (2)
678 2231 792 2270 Nuper
809 2229 849 2260 ab
867 2229 1020 2261 Romanis
1036 2229 1197 2269 acquisita.
1220 2229 1284 2259 vid.
1311 2230 1407 2270 supra
1424 2241 1451 2260 c.
1471 2240 1521 2269 33.
1571 2231 1671 2262 Pleri-

374 2287 438 2316 que
465 2283 572 2306 autem
604 2275 729 2305 codices
754 2274 873 2305 habent
906 2275 1058 2304 Novellam
1070 2289 1080 2308 ;
1108 2274 1166 2304 sub
1197 2274 1262 2314 quzi
1287 2285 1366 2305 voce
1393 2275 1524 2306 alterius
1556 2276 1670 2317 oppidi

373 2331 493 2351 nomen
510 2321 609 2351 latere
622 2320 760 2350 videtur.
808 2320 862 2361 (3)
884 2321 919 2349 In
936 2318 1032 2349 fidem
1048 2318 1181 2360 accepit.
1199 2318 1375 2352 Lavinium
1398 2319 1484 2351 enim
1500 2322 1669 2361 nunquam

373 2365 497 2396 Volscis
514 2365 634 2406 paruit,
650 2373 696 2402 ut,
708 2364 745 2395 iis
762 2364 838 2395 olim
855 2365 1053 2404 ademptum,
1064 2374 1152 2394 nunc
1167 2367 1253 2405 recipi
1265 2363 1400 2396 dicatur.
1450 2364 1510 2406 [Ita
1522 2365 1671 2396 Draken-

373 2410 535 2441 borchius.
551 2418 583 2441 at
600 2409 713 2450 quidni
739 2410 876 2440 verbum
901 2412 1030 2450 recipere,
1053 2419 1114 2450 pro
1140 2408 1274 2450 simplici
1299 2417 1407 2451 capere,
1432 2409 1497 2447 hic,
1526 2418 1562 2441 ut
1591 2410 1669 2453 alibi

374 2455 466 2496 saepe,
480 2454 738 2496 intelligeretur?
777 2454 826 2485 Sic
842 2453 927 2484 infra
945 2454 964 2483 l.
992 2462 1020 2492 3.
1039 2464 1065 2484 c.
1089 2463 1139 2494 29.
1161 2455 1255 2498 czfiris
1282 2454 1388 2497 hyllum
1414 2458 1536 2497 receptis.
1584 2457 1669 2487 Nam

376 2499 558 2537 Lavinium,
574 2499 629 2531 etfi
645 2510 813 2540 nunquam
829 2497 955 2529 Volscis
971 2499 1169 2539 ademptum,
1188 2507 1296 2529 tamen
1313 2500 1370 2530 sub
1382 2500 1529 2530 Romana
1545 2499 1670 2537 ditione

374 2546 490 2575 fuerat.
515 2545 566 2586 E]
612 2545 666 2586 (4)
689 2546 738 2577 De
755 2544 837 2574 fossa
851 2543 969 2575 Cluilia
982 2543 1046 2574 vid.
1065 2543 1160 2584 supra
1179 2544 1197 2574 l.
1216 2554 1242 2574 1.
1262 2555 1286 2575 c.
1309 2554 1358 2583 23.
1407 2544 1463 2586 (5)
1489 2547 1577 2575 Ante
1608 2545 1668 2575 hos

372 2590 516 2621 consules
529 2590 648 2631 duplex
664 2600 724 2631 par
740 2589 907 2620 consulum
924 2588 1032 2619 inserit
1046 2588 1218 2631 Dionysius
1232 2602 1238 2619 ε
1265 2589 1298 2619 in
1316 2600 1437 2620 annum
1452 2589 1525 2627 264.
1540 2590 1669 2633 QSul-

372 2634 494 2674 picium
511 2635 542 2664 Sc
561 2637 612 2675 Sp.
627 2634 786 2671 Lartium,
797 2643 938 2674 quorum
953 2633 988 2665 in
1001 2633 1168 2665 consulatu
1185 2633 1253 2665 ludi
1269 2633 1351 2665 vitio
1370 2633 1464 2665 facti:
1490 2635 1523 2665 in
1545 2646 1667 2665 annum

373 2679 446 2717 265.
464 2678 499 2710 C.
517 2679 640 2721 Julium
657 2681 688 2710 δε
706 2681 739 2709 Ρ.
760 2678 938 2715 Pinarium,
967 2677 1023 2718 qui
1055 2678 1148 2709 ludos
1174 2679 1399 2710 instauravere.
1445 2680 1567 2710 Eorum
1587 2690 1677 2720 quo-⁷

372 2720 435 2765 que
447 2723 481 2755 in
491 2725 699 2756 numerandis
711 2723 802 2756 annis
813 2723 972 2756 rationem
982 2722 1123 2755 habuisse
1135 2723 1248 2768 Livius
1259 2723 1324 2766 ipse
1337 2724 1476 2761 videtur,
1487 2724 1506 2754 l.
1522 2734 1548 2763 3.
1568 2735 1592 2755 c.
1614 2734 1664 2763 30.

1483 2766 1663 2810 cerdotes
