1853 3158
198 287 253 329 98

201 471 296 499 Vincit
302 469 403 510 Etrtff-

196 528 246 545 605·

198 794 390 837 Interregnum
395 816 403 825 .

203 1507 243 1534 U.
263 1514 292 1534 c.
311 1510 383 1538 400.

210 1553 241 1578 fx.
259 1550 293 1579 C.
312 1555 385 1585 352.

201 1596 236 1623 (ἶ
251 1591 392 1633 Sulpicio

201 1641 251 1668 lll.
268 1639 316 1667 M.
334 1639 398 1666 Va-

199 1684 280 1714 lerio
299 1681 384 1713 Coff„

879 266 931 307 T.
991 265 1245 307 LIVII

422 395 500 435 quc
520 380 627 420 fama
659 379 835 420 hostium
857 381 1043 430 ducebat,
1073 381 1257 437 traje&o‚
1289 381 1438 420 multos
1458 381 1711 435 populatores

421 453 609 494 agrorum
629 452 750 493 vagos
770 439 948 492 palantes
969 439 1167 493 oppressit.
1228 439 1365 479 Castra
1386 453 1563 492 quoque,
1593 454 1714 480 neco-

420 496 559 552 pinato
579 496 794 551 aggressus,
824 496 941 550 cepit.
977 500 1035 547 δι,
1065 497 1159 537 οᾶο
1181 496 1356 536 millibus
1376 495 1550 535 hostium
1571 497 1714 551 captis,

420 554 563 595 ceteris
584 564 654 594 aut
675 555 798 603 caeslS‚
829 564 898 594 aut
919 568 966 594 ex
988 569 1083 610 agro
1105 555 1294 595 Romano
1315 554 1478 609 fugatis,
1509 554 1588 593 fine
1619 568 1715 594 auc-

420 613 580 653 toritate
620 612 803 661 Patrum,
846 612 983 666 populi
1010 613 1132 667 juffu,
1163 611 1438 665 triumphavit.
1498 611 1608 669 Qia
1638 626 1713 652 nec

421 685 492 725 per
512 670 752 710 dietatorem
773 669 989 724 plebeium,
1020 684 1093 710 nec
1116 684 1186 724 per
1216 669 1420 709 consulem
1443 672 1519 723 (5),
1550 669 1715 709 comitia

420 728 641 769 consularia
662 727 799 768 haberi
818 727 1020 776 volebant,
1052 730 1093 768 &
1127 728 1226 766 alter
1260 727 1397 766 consul
1427 727 1574 768 Fabius
1607 726 1716 766 bello

421 785 681 835 retinebatur,
712 799 774 825 res
796 786 845 825 ad
874 785 1151 839 interregnum
1172 784 1287 824 redit.
1348 785 1573 839 Interreges
1603 785 1718 824 dein-

420 859 514 898 ceps
543 843 812 902 QServilius
843 843 988 891 Ahala,
1020 843 1085 883 M.
1121 841 1286 893 Fabius,
1317 840 1394 882 Cn.
1431 842 1632 893 Manlius,
1663 842 1712 882 C.

421 902 582 951 Fabius,
614 901 662 941 C.
704 900 924 955 Sulpicius,
965 901 1013 940 L.
1056 899 1267 949 AEmssius,
1310 899 1609 957 QServilius,
1650 900 1714 939 M.

419 960 568 1001 Fabius
592 958 828 999 Ambustus.
887 959 935 998 In
958 958 1132 998 secundo
1153 958 1383 1012 interregno
1403 967 1489 997 orta
1511 957 1719 997 contentio

419 1017 490 1067 est,
523 1014 634 1071 quod
667 1017 748 1055 duo
779 1016 934 1068 patricii
956 1016 1137 1055 consules
1159 1017 1222 1069 (6)
1253 1015 1514 1056 creabantur:
1545 1015 1717 1055 interce-

420 1074 683 1126 dentibusque
702 1073 891 1123 tribunis,
921 1073 1093 1113 interrex
1109 1075 1170 1127 (7)
1192 1072 1339 1113 Fabius
1355 1072 1497 1122 aiebat,
1529 1075 1568 1111 in
1588 1073 1718 1113 duode-

418 1135 491 1171 cim
511 1132 646 1171 tabulis
664 1131 775 1183 legem
796 1130 873 1184 ff,
902 1139 960 1180 ut,
991 1131 1221 1185 quodcunque
1233 1130 1450 1186 pqstremum
1463 1131 1618 1184 populus
1630 1131 1718 1185 jtff-

406 1189 523 1244 sffbt,
554 1189 596 1228 id
611 1190 684 1242 jus
714 1196 908 1241 ratumque
938 1187 1042 1242 ‘ff’t”
1077 1190 1138 1241 (8)
1157 1189 1298 1242 jtffum
1319 1189 1444 1241 populi
1467 1187 1718 1244 &fiff”agia

420 1249 493 1303 effa
557 1247 701 1304 Qum
733 1244 1020 1286 intercedendo
1056 1243 1207 1283 tribuni
1237 1244 1336 1283 nihil
1357 1247 1481 1297 aliud,
1513 1245 1636 1299 qu‘am
1673 1255 1718 1285 ut

422 1305 629 1345 differrent
648 1303 825 1352 comitia,
857 1301 1088 1350 valuissent3
1120 1302 1201 1340 duo
1222 1302 1377 1354 patricii
1399 1303 1578 1343 consules
1595 1303 1721 1343 creati

422 1363 531 1414 sunt,
562 1363 608 1402 C.
643 1361 847 1415 Sulpicius
882 1359 1043 1400 Peticus
1066 1357 1248 1409 tertium,
1279 1359 1340 1398 Μ.
1362 1360 1550 1400 Valerius
1579 1361 1721 1401 Publi-

421 1423 533 1471 cola:
564 1421 789 1472 eodemque
811 1419 875 1457 die
896 1417 1173 1472 magistratum
1196 1417 1386 1456 inierunt.

482 1479 641 1522 XVIII?
674 1476 1081 1535 Qadringentesimo
1108 1489 1232 1526 anno,
1262 1480 1287 1528 †
1307 1474 1429 1527 quhm
1452 1474 1545 1515 urbs
1567 1475 1720 1516 Roma-

424 1551 475 1576 na
511 1537 673 1579 condita
707 1537 806 1584 erat,
837 1534 980 1587 quinto
1014 1533 1227 1582 tricefimo,
1259 1531 1381 1586 quiim
1410 1549 1432 1573 a
1460 1533 1591 1573 Gallis
1621 1534 1722 1574 reci-

426 1604 578 1649 perata,
611 1596 672 1648 (1)
693 1592 823 1637 ablato
845 1591 931 1645 post
953 1591 1216 1632 undecimum
1237 1605 1388 1630 annum
1406 1608 1427 1632 a
1449 1590 1563 1644 plebe
1578 1588 1724 1631 consu-

426 1655 525 1702 latu,
554 1651 710 1706 patricii
741 1650 923 1691 consules
955 1649 1073 1695 ambo
1101 1663 1150 1688 ex
1186 1649 1417 1704 interregno
1445 1649 1724 1704 magistratum

425 1711 567 1762 iniere,
598 1710 646 1750 C.
670 1708 873 1762 Sulpicius
899 1708 1061 1747 Peticus
1082 1705 1263 1754 tertium,
1295 1707 1357 1746 M.
1382 1707 1568 1747 Valerius
1583 1707 1723 1747 Publi-

424 1770 523 1809 cola.
586 1767 809 1821 Empulum
829 1779 877 1805 eo
895 1779 999 1804 anno
1017 1779 1064 1804 ex
1080 1763 1319 1806 Tiburtibus
1335 1764 1445 1803 haud
1459 1766 1722 1804 memorando

423 1825 642 1867 certamine
664 1834 854 1878 captum3
886 1823 962 1862 five
993 1823 1167 1861 duorum
1198 1821 1407 1867 consulum
1433 1821 1608 1877 auspicio
1637 1822 1722 1862 bel-

422 1886 510 1925 lum
531 1884 585 1924 ibi
607 1882 762 1937 gestum
788 1881 861 1930 est,
894 1890 938 1920 ut
971 1880 1155 1933 scripsere
1184 1879 1376 1932 quidam3
1408 1879 1475 1919 seu
1506 1894 1578 1933 per
1612 1880 1721 1920 idem

423 1952 583 1996 tempus
603 1938 956 1993 Tarquiniensium
979 1951 1140 1991 quoque
1174 1937 1264 1976 sunt
1294 1937 1433 1976 vastati
1455 1938 1539 1992 agri
1561 1937 1608 1982 ab
1629 1938 1722 1978 Sul-

424 2001 530 2055 picio
556 1998 734 2048 consule,
768 2011 848 2050 quo
877 1996 1065 2036 Valerius
1096 1993 1286 2035 adversus
1315 1994 1507 2036 Tiburtes
1543 1995 1722 2050 legiones

421 2057 549 2097 duxit.
610 2055 737 2097 Domi
759 2056 888 2110 majus
920 2063 1122 2094 certamen
1153 2051 1381 2101 consulibus
1404 2067 1497 2105 cum
1528 2053 1643 2108 plebe
1672 2069 1719 2094 ac

1544 2111 1717 2155 tribunis

422 2232 520 2265 etiam
536 2231 648 2264 Livius
665 2238 774 2264 narrat
792 2230 985 2263 dictatorem
997 2231 1176 2273 populijuffic
1192 2228 1418 2271 triumphasse:
1445 2230 1721 2270 quemadmodum

424 2280 456 2309 ὅ(
474 2279 570 2320 supra
588 2278 607 2308 l.
625 2288 652 2316 3.
670 2288 696 2308 c.
715 2280 765 2315 63.
811 2277 871 2306 Sed
889 2276 1069 2306 notandum
1091 2276 1142 2316 jus
1159 2274 1353 2307 decernendi
1369 2286 1418 2311 ca,
1440 2285 1511 2315 quae
1536 2276 1577 2305 ad
1599 2275 1722 2306 bellum

424 2324 614 2366 gerendum,
635 2330 690 2353 aut
717 2321 920 2363 provinciam
942 2320 1236 2358 administrandam,
1259 2318 1429 2351 neceffaria
1446 2326 1549 2356 erant,
1570 2319 1648 2351 item
1664 2319 1723 2350 tri·-

428 2369 587 2409 umphum
609 2365 819 2403 concedendi,
841 2365 972 2407 proprii³
994 2376 1092 2406 penes
1120 2366 1264 2396 senatum
1290 2363 1389 2395 fuifl'e.
1435 2365 1490 2405 (5)
1514 2366 1638 2406 Nempe
1656 2365 1723 2405 ple-

425 2413 548 2444 beium.
593 2412 649 2454 (6)
672 2411 750 2443 Vid.
775 2413 794 2451 †
821 2413 977 2453 impetsbc‘li
1004 2412 1132 2451 temporis
1158 2413 1228 2451 zfizs.
1258 2411 1328 2451 (7)
1353 2411 1478 2450 Nempe
1511 2411 1562 2439 Μ.
1591 2409 1725 2447 Fabius;

427 2459 510 2489 hanc
524 2457 609 2488 enim
622 2456 864 2488 contentionem
881 2457 1030 2496 insecundo
1047 2458 1201 2497 interregno
1218 2462 1323 2486 ortam
1340 2454 1401 2485 effe
1421 2453 1535 2484 Livius
1549 2455 1614 2495 jam
1633 2450 1723 2485 dixitss

428 2503 569 2534 Comitia
585 2509 692 2533 autem
714 2512 789 2531 mox
805 2501 903 2532 dilata
920 2499 1080 2535 dicentur,
1105 2511 1220 2541 nempe
1237 2501 1277 2531 ad
1294 2501 1447 2530 octavum
1463 2499 1656 2541 interregem
1672 2500 1722 2541 Μ.Δ

429 2547 563 2578 Fabium
580 2546 783 2581 Ambustum,
808 2557 826 2576 a
843 2556 909 2586 quo
922 2546 1053 2576 demum
1065 2546 1130 2575 duo
1147 2545 1276 2586 patricii
1293 2544 1438 2575 consules
1455 2543 1556 2575 creati
1569 2544 1654 2575 sunt.
1679 2546 1720 2574 E.

426 2593 484 2633 (8)
507 2591 664 2633 Suffragia
695 2599 826 2632 quoque
857 2589 916 2621 esse
946 2589 1063 2630 julium
1092 2590 1215 2630 populi.
1262 2590 1435 2630 Populum,
1467 2589 1547 2619 dum
1573 2587 1722 2629 suffragia

428 2637 499 2674 init,
522 2648 588 2669 non
605 2636 708 2667 minus
723 2636 847 2679 jubere,
869 2634 968 2677 qufim
989 2635 1011 2666 si
1034 2634 1236 2676 rogationem
1257 2634 1400 2675 aliquam
1416 2633 1559 2666 scisceret
1576 2633 1725 2674 antiqua-

428 2689 528 2713 retve.

474 2739 511 2770 C.
538 2738 588 2770 18.
611 2738 666 2779 (1)
699 2736 835 2769 Plebeiis
863 2747 882 2768 a
910 2735 1078 2768 consulatu
1107 2734 1238 2767 exclusis
1266 2734 1336 2778 post
1361 2732 1568 2766 undecimum
1594 2741 1728 2781 annum,

1621 2786 1722 2818 (lllssssl
