1832 3137
407 255 1255 302 LIBER1.CAP.XXX11.
1618 277 1674 318 49

177 370 218 412 in
240 386 335 426 pace
355 371 566 426 religiones
587 370 822 419 instituisset,
854 385 875 410 a
891 370 928 410 se
948 370 1100 411 bellicae
1115 370 1350 411 ceremoniae
1367 384 1459 424 pro-

177 432 389 477 derentur3
430 443 503 469 nec
533 438 765 484 gererentur
787 426 932 479 solum,
964 429 1029 468 sed
1050 430 1168 468 etiam
1189 429 1458 468 indicerentur

178 487 278 527 bella
300 486 432 538 aliquo
452 487 561 534 ritu;
591 487 658 541 jus
679 485 727 526 ab
749 485 911 538 antiqua
929 495 1046 540 gente
1070 487 1318 539 Aequicolis,
1351 487 1458 539 quod

178 558 284 584 nunc
326 543 486 584 feciales
526 543 690 594 habent,
735 543 949 596 descripsit,
990 558 1070 596 quo
1110 558 1171 583 res
1211 553 1458 596 repetuntur.

175 601 366 655 Legatus,
396 601 464 641 ubi
486 602 535 641 ad
566 600 666 640 fines
686 615 826 640 eorum
847 601 970 649 venit,
1002 601 1106 640 unde
1127 615 1188 640 res
1209 611 1458 653 repetuntur,

177 658 305 711 capite
333 660 394 712 (5)
415 659 544 698 velato
566 658 634 697 filo
661 659 778 712 (lanae
804 659 865 712 (6)
886 659 1066 697 velamen
1086 657 1159 711 est)
1190 658 1310 706 Audi,
1342 659 1459 715 Jupi.
1478 658 1675 710 Bfellf'indiasn-

175 723 247 765 ter,
283 715 430 768 inquit,
465 716 601 765 audite,
623 715 740 771 fines,
772 715 1061 770 (cujuscunque
1093 715 1221 769 gentis
1249 715 1353 763 sunt,
1388 730 1460 755 no-
1476 705 1596 733 ‘fimus‘

176 772 320 826 minat)
351 773 479 812 audiat
510 776 572 827 (7)
591 774 677 829 fas.
751 772 833 826 Ego
853 773 941 827 sitm
966 773 1131 826 publicus
1160 773 1313 811 nuncius
1338 774 1460 825 populi

176 829 353 879 Romani,
376 828 478 884 jzfste}
501 829 636 884 pieque
663 831 802 884 legatus
826 832 941 879 venio,
978 831 1161 884 verbffque
1185 831 1271 869 meis
1284 828 1383 883 fides
1391 830 1463 883 fit„¹

174 886 334 940 Peragit
350 887 493 926 deinde
508 888 717 940 postulata.
757 888 855 927 Inde
870 888 1012 939 Jovem
1029 887 1168 927 testem
1187 886 1284 926 facit
1299 902 1307 925 :
1341 887 1379 925 Si
1404 903 1462 941 ego

174 943 307 999 injzgst}
335 940 513 997 impiEque
542 945 618 984 illos
646 945 804 984 homines
832 944 976 999 illasque
1005 960 1063 984 res
1090 945 1212 984 dedier
1243 946 1304 998 (8)
1336 947 1463 984 nuncio

168 1001 294 1052 populi
311 1001 475 1040 Romani
493 1002 583 1041 mihi
601 1004 748 1056 exposco,
768 1012 846 1042 tum
858 1004 992 1055 patriae
1004 1011 1188 1054 compotem
1205 1018 1259 1041 me
1276 1017 1462 1055 nunquam

157 1055 254 1112 siris
282 1059 354 1114 ff.
413 1058 534 1109 Haec,
565 1073 691 1111 quum
713 1058 814 1099 fines
845 1059 1128 1113 suprascandit‚
1157 1058 1260 1109 haec,
1293 1060 1465 1111 quicum-⁷

175 1128 254 1167 que
275 1116 311 1154 ei
333 1116 484 1169 primus
505 1116 565 1156 vir
586 1116 727 1156 obvius
748 1116 884 1166 fuerit,
913 1116 1015 1165 haec,
1043 1126 1200 1170 portam
1221 1117 1464 1171 ingrediens,

174 1171 276 1222 haec,
307 1172 443 1212 forum
463 1173 669 1228 ingressus,
701 1174 837 1227 paucis
867 1174 997 1214 verbis
1019 1174 1205 1214 carminis
1234 1174 1464 1227 concipien-

173 1229 294 1282 dique
329 1231 592 1285 jurisjurandi
627 1232 806 1280 mutatis,
849 1232 1014 1286 peragit.
1062 1232 1087 1270 si
1129 1246 1210 1271 non
1247 1232 1462 1279 deduntur,

174 1300 276 1339 quos
297 1288 493 1341 exposcit,
524 1288 663 1328 diebus
685 1288 810 1328 tribus
833 1292 873 1329 &
896 1289 1058 1343 triginta
1079 1292 1155 1343 (tot
1175 1289 1282 1328 enirn
1307 1292 1370 1343 (9)
1391 1289 1465 1327 sol-

174 1343 314 1384 lennes
335 1345 443 1400 sunt)
464 1346 652 1399 peraetis,
682 1345 835 1385 bellum
863 1346 916 1385 ita
938 1347 1101 1386 indicit:
1140 1347 1258 1394 Audi,
1291 1347 1466 1402 Jupiter,

178 1400 232 1442 {⁶5⁵
258 1410 316 1452 tu,
350 1402 472 1458 Juno,
512 1403 694 1458 Qtirine,
730 1404 872 1457 Diique
900 1418 1017 1442 omnes
1045 1404 1202 1458 coelestes,
1238 1404 1363 1456 vosque
1390 1413 1466 1441 ter·

181 1457 324 1513 restres,
345 1460 471 1513 vosque
484 1461 640 1515 inferni,
669 1461 802 1500 audite.
852 1460 935 1513 Ego
952 1476 1015 1500 vos
1031 1460 1149 1515 testor,
1170 1461 1342 1512 populum
1361 1460 1466 1498 illum

176 1515 426 1568 (quicunque
452 1516 523 1565 est,
558 1517 757 1571 nominat)
794 1518 967 1572 injzstum
997 1518 1073 1572 effe,
1109 1532 1219 1570 neque
1238 1519 1311 1570 jus
1334 1518 1466 1570 perfil-

176 1588 274 1611 vere.
336 1573 407 1612 Sed
432 1574 475 1613 de
490 1574 566 1628 istis
595 1575 698 1613 rebus
725 1577 763 1612 in
784 1575 918 1626 pari-ici¹
947 1576 1099 1628 majores
1127 1582 1218 1613 natu
1236 1574 1466 1627 consulemus,

176 1645 242 1681 quo
254 1633 361 1682 pczHo
372 1631 444 1683 jus
462 1631 618 1686 ncstrum
637 1631 891 1685 adipiscamur.
952 1631 1059 1670 Cum
1079 1630 1141 1670 his
1173 1632 1265 1684 (10)
1293 1630 1468 1669 nuncius

176 1685 356 1725 Romam
376 1688 425 1726 ad
447 1687 737 1726 consulendum
758 1688 872 1727 redit.
931 1687 1157 1728 Confestim
1179 1701 1247 1727 rex
1263 1687 1325 1726 his
1341 1687 1468 1726 ferme

176 1743 306 1782 verbis
326 1743 465 1784 Patres
494 1743 748 1784 consulebat:
792 1745 974 1799 §Quarum
1004 1760 1147 1795 rerum,
1177 1745 1314 1794 litium,
1344 1746 1469 1799 confit-2

179 1800 263 1839 'rum
294 1803 332 1854 (Ι
348 1804 384 1855 1)
413 1799 571 1842 condixit
592 1811 704 1854 pater
724 1811 902 1855 patratus
923 1803 1048 1855 populi
1066 1802 1229 1841 Romani
1249 1801 1468 1856 Qtiritium

173 1859 279 1910 patri
300 1867 449 1911 patrato
465 1861 669 1914 prffcorum
688 1859 913 1899 Latinorum
932 1859 1194 1914 hominibzfsque
1205 1860 1337 1913 priscis
1354 1859 1469 1898 Lati-

181 1916 253 1964 nis,
283 1931 374 1968 quas
392 1931 449 1956 res
467 1917 567 1966 dari,
584 1916 693 1970 fieri,
711 1917 811 1971 solvi
829 1919 995 1969 oportuit,
1017 1932 1108 1970 quas
1126 1932 1183 1955 res
1203 1931 1265 1955 nec
1277 1916 1469 1964 dederunt,

179 1986 242 2011 nec
253 1973 448 2028 ficerunt,
479 1989 540 2013 nec
556 1975 775 2028 fhlverzmt;
809 1975 882 2026 dic,
915 1974 1046 2028 inquit
1070 1972 1106 2013 ei
1138 1987 1259 2027 quem
1290 1973 1469 2026 primum

1232 2030 1469 2070 sententiam

179 2144 236 2186 (5)
251 2145 300 2177 Sic
314 2146 438 2178 Tibull.
464 2146 485 2178 l.
506 2156 532 2178 1.
557 2147 641 2190 Eleg.
659 2157 690 2187 3.
715 2147 889 2189 velatusfilo.
912 2147 943 2178 83
955 2145 1044 2189 Virg.
1067 2148 1141 2177 AEn.
1154 2156 1183 2185 5.
1201 2145 1273 2185 366.
1296 2148 1376 2176 vittis
1392 2147 1471 2176 vela-

182 2197 233 2221 tus.
282 2193 384 2222 Velare
408 2203 472 2223 vox
494 2193 582 2223 sacra
605 2194 645 2223 de
668 2192 806 2229 corollis,
828 2192 948 2229 infulis,
969 2203 1005 2222 ac
1022 2191 1118 2222 vittis.
1163 2191 1217 2232 (6)
1241 2193 1266 2221 E
1290 2191 1370 2221 lanii.
1415 2190 1473 2231 (7)

183 2234 213 2264 h.
230 2245 255 2265 e.
278 2235 328 2266 lex
344 2235 464 2274 divina,
487 2247 554 2277 quae
571 2237 611 2267 ab
624 2236 660 2267 iis
677 2236 794 2277 quibus
810 2236 929 2267 bellum
946 2236 1057 2267 indicit
1070 2236 1189 2266 violata
1205 2235 1254 2266 est.
1293 2238 1348 2265 Fas
1368 2235 1472 2275 legem

183 2278 327 2309 divinam
343 2288 433 2311 notat
445 2293 454 2317 3
467 2284 528 2322 jus,
550 2281 741 2312 humanam:
767 2281 828 2311 hoc
845 2282 885 2311 ad
902 2280 1045 2311 homines
1063 2280 1221 2321 pertinet3
1245 2279 1324 2310 illud
1341 2280 1381 2309 ad
1398 2278 1472 2308 reli-

181 2323 317 2364 gionem.
348 2325 402 2366 (8)
418 2327 517 2356 Haud
533 2324 677 2366 displicet
693 2325 790 2356 lefflo
806 2336 902 2365 quam
918 2325 1025 2366 plures
1042 2324 1165 2355 codices
1175 2326 1362 2365 praeferunt‚
1383 2325 1474 2352 dedier

178 2370 274 2409 populo
292 2371 411 2399 Romano
426 2372 503 2407 mihi,
524 2371 553 2400 h.
571 2381 596 2400 e.
620 2369 699 2400 mihi
715 2369 838 2411 gerenti
863 2371 1029 2410 personam
1046 2368 1192 2399 Romani.
1238 2371 1277 2399 Et
1306 2367 1391 2397 infra
1414 2366 1471 2397 ubi

184 2411 300 2454 legitur
315 2426 360 2455 ego
370 2416 528 2455 populusque
544 2417 690 2452 Romanus,
711 2414 843 2454 quidam
859 2413 983 2445 codices
999 2414 1118 2445 habent
1135 2427 1179 2455 ego
1193 2415 1306 2454 populus
1323 2415 1471 2442 Romanus.

185 2458 290 2487 Dedier
305 2457 413 2500 &stris
426 2459 562 2499 antiquae
578 2461 697 2496 formae,
720 2469 781 2500 pro
795 2461 853 2489 dedi
869 2457 1019 2501 &fiveris.
1065 2459 1119 2500 (9)
1138 2457 1276 2488 Sollenni
1291 2458 1362 2498 jure
1377 2455 1474 2497 praes-

185 2500 293 2542 eripti,
326 2512 406 2542 quos
432 2503 513 2534 elabi
538 2503 660 2534 neceffe
683 2503 719 2533 slt
743 2510 915 2544 antequam
937 2503 1058 2534 bellum
1081 2502 1249 2533 indicatur.
1293 2502 1369 2542 (10)
1393 2501 1474 2530 Haec

187 2545 384 2577 nunciatum.
429 2547 506 2589 (11)
522 2547 784 2579 Subaudiendum
801 2549 891 2578 ἕνεκα.
940 2547 1115 2579 Contendit
1132 2549 1196 2588 Jac.
1213 2545 1396 2577 Gronovius
1416 2545 1474 2575 has

186 2599 281 2620 voces
296 2590 517 2633 intelligendas
534 2592 594 2623 esse
609 2594 650 2623 de
666 2593 783 2623 foedere
799 2592 865 2623 iero
879 2593 1014 2623 Tullum
1030 2592 1114 2622 inter
1131 2591 1161 2621 δε
1177 2591 1310 2622 Latinos
1323 2602 1332 2627 3
1354 2600 1390 2620 ac
1402 2599 1474 2619 ver-

187 2631 266 2664 bum
287 2638 406 2666 condixit
426 2636 662 2677 interpretatu-r
682 2640 816 2674 convenit,
837 2638 978 2679 corfivfit:
1006 2644 1102 2676 atque
1124 2636 1158 2666 in
1181 2636 1263 2666 hanc
1286 2633 1473 2665 sententiam

188 2677 248 2709 ivit
261 2679 451 2711 Crevierius.
479 2682 603 2712 Contra
611 2681 784 2712 Turnebus
795 2682 826 2710 δε
840 2683 938 2722 Hugo
950 2681 1082 2712 Grotius
1091 2683 1208 2710 condixit
1219 2680 1474 2720 interpretantur

188 2725 357 2754 denunciavit
373 2727 554 2767 repetitionem
569 2741 576 2759 ;
600 2726 631 2758 ὃς
648 2725 747 2757 verba
764 2724 920 2766 respicere
934 2726 1061 2758 censent
1087 2726 1127 2757 ad
1149 2725 1339 2767 legationem
1353 2721 1473 2793 miss'arp

233 2768 325 2798 Tou.
352 2770 370 2796 l.
813 2771 838 2802 Ε
1432 2776 1471 2795 aa
