1853 3158
407 219 688 263 LIBER
752 220 1218 267 111.CAP.LX.
1607 247 1684 290 239

174 346 329 389 cerem,
348 336 458 392 quod
473 339 607 392 legum
622 335 670 377 ab
685 336 732 378 iis
746 337 916 378 latarum
930 339 1069 381 Patres
1087 341 1271 383 auetores
1289 343 1458 387 fuiffent.

174 399 238 450 (3)
270 410 399 449 neque
418 403 501 435 erat
536 394 722 447 dubium,
755 396 871 449 quin,
902 398 1061 439 turbato
1094 400 1323 454 reipublicae
1344 405 1463 456 statu,

173 455 347 508 tempori
368 451 669 492 succubuissent.

232 510 322 551 LX.
354 509 560 559 Consules,
592 509 710 551 rebus
742 510 904 553 urbanis
934 516 1175 569 compositis,
1212 517 1462 574 fundatoque
1482 541 1657 572 Bellamcm

172 569 301 623 plebis
321 567 438 618 statu,
459 568 500 606 in
513 568 737 621 provincias
759 570 897 610 diversi
919 571 1062 612 abiere.
1123 576 1309 618 Valerius
1327 579 1463 618 adver·
1484 588 1586 627 Volscis
1611 587 1649 618 ἰεῦ

175 625 245 667 sus
282 625 520 681 conjundtos
538 627 621 681 jam
653 627 694 666 in
718 627 867 682 Algido
889 629 1087 672 exercitus
1109 633 1341 687 AEquorum
1362 637 1464 676 Vol-
1483 633 1598 673 AEqufs·

174 684 412 737 scorumque
435 685 496 738 (1)
518 683 701 724 sustinuit
721 686 882 725 confilio
898 686 1061 727 bellum.
1124 690 1250 749 Qod
1265 693 1289 731 fi
1312 704 1464 734 extem-

172 744 241 797 plo
263 756 347 781 rem
369 741 542 782 fortunae
562 743 827 794 commififfet,
859 747 921 798 (2)
951 744 1059 785 haud
1081 746 1159 788 scio
1181 764 1230 788 an
1262 751 1347 804 (qui
1376 762 1464 792 tum

174 800 298 840 animi
312 799 360 839 ab
374 800 693 840 decemvirorum
715 800 942 842 infelicibus
961 803 1143 858 auspiciis
1161 806 1358 848 Romanis
1374 809 1465 849 hos-

174 857 358 911 tibusque
377 861 507 912 erant)
523 872 669 913 magno
686 859 927 900 detrimento
941 871 1142 902 certamen
1162 863 1356 906 staturum
1376 867 1465 907 fue-

174 917 239 955 rit.
301 915 449 956 Castris
479 915 589 955 mille
618 917 798 969 passuum
820 917 867 957 ab
889 917 1000 958 hoste
1022 921 1169 973 positis,
1201 923 1336 976 copias
1368 939 1463 964 con-

175 973 338 1013 tinebat.
360 973 492 1013 hostes
513 974 692 1014 medium
714 975 817 1014 inter
837 975 929 1015 bina
951 977 1075 1018 castra
1098 979 1266 1033 spatium
1299 981 1382 1022 acie
1405 983 1465 1021 in-

174 1030 325 1071 strufia
359 1031 626 1084 complebant.
659 1033 1045 1088 provocantibusque
1079 1039 1127 1076 ad
1160 1038 1350 1091 proelium
1386 1041 1462 1079 res-

171 1088 345 1143 ponsum
381 1091 443 1143 (3)
469 1089 680 1131 Romanus
717 1105 836 1131 nemo
872 1093 1072 1134 reddebat.
1111 1097 1272 1136 tandem
1309 1097 1463 1152 fatigati

174 1146 330 1197 stando,
375 1161 419 1187 ac
461 1148 731 1201 nequicquam
768 1149 1034 1203 exspee‘cando
1071 1164 1287 1204 certamen,
1336 1156 1463 1208 AEqui

174 1204 407 1258 Volscique,
438 1205 648 1259 postquam
671 1208 895 1247 concessum
917 1212 1209 1263 propemodum
1226 1214 1274 1252 de
1296 1213 1461 1253 vicloria

173 1262 405 1313 credebant,
437 1278 526 1316 pars
555 1264 595 1303 in
623 1265 839 1315 Hernicos,
871 1281 961 1320 pars
983 1268 1024 1306 in
1046 1269 1211 1310 Latinos
1239 1273 1462 1324 praedatum

172 1320 335 1361 abeunt.
357 1321 597 1374 relinquitur
633 1323 759 1378 magis
792 1324 925 1364 castris
948 1326 1186 1378 praesidium,
1219 1328 1339 1381 quam
1373 1329 1463 1369 satis

174 1378 319 1417 virium
336 1380 385 1418 ad
407 1390 622 1419 certamen.
641 1382 749 1433 quod
767 1381 833 1420 ubi
848 1382 984 1422 consul
998 1383 1126 1436 senfit,
1157 1387 1286 1425 reddit
1307 1387 1462 1426 illatum

173 1446 290 1475 antea
312 1446 529 1476 terrorem:
560 1437 833 1492 instrudffique
871 1440 953 1480 acie
989 1442 1092 1481 ultro
1127 1443 1281 1483 hostem
1304 1445 1459 1484 lacessit.

174 1493 262 1533 Ubi
296 1493 365 1543 illi,
398 1494 638 1534 conscientia
674 1496 770 1549 quid
806 1496 947 1536 abeffet
982 1499 1144 1551 virium,
1191 1502 1462 1542 detra&avere

173 1565 369 1605 pugnarn,
400 1552 524 1592 crevit
540 1555 741 1607 extemplo
764 1554 961 1595 Romanis
983 1557 1157 1608 animus,
1191 1561 1231 1600 δι’
1253 1575 1325 1614 pro
1346 1561 1464 1601 viffis

173 1608 373 1648 habebant
400 1618 588 1662 paventes
610 1610 712 1650 intra
733 1613 894 1651 vallum.
956 1614 1098 1671 Qum
1115 1630 1186 1668 per
1205 1627 1335 1657 totum
1357 1620 1464 1658 diem

174 1665 361 1705 stetiffent
392 1666 534 1706 intenti
567 1669 615 1707 ad
648 1678 866 1719 certamen,
896 1670 1007 1713 noeti
1030 1673 1196 1714 cefl'ere:
1230 1677 1268 1715 δε
1287 1675 1465 1718 Romani

174 1723 339 1776 quidem
357 1724 464 1777 pleni
482 1724 561 1778 spei
584 1740 750 1779 corpora
768 1726 972 1767 curabant.
1034 1730 1364 1785 Haudquaquam
1379 1725 1464 1787 pziri

172 1780 306 1821 hostes
327 1781 461 1821 animo
497 1784 666 1823 nuncios
687 1784 824 1838 passim
846 1787 988 1840 trepidi
1011 1789 1059 1826 ad
1088 1792 1330 1830 revocandos
1365 1806 1465 1845 prae-

175 1839 332 1879 datores
354 1840 575 1880 dimittunt.
589 1842 808 1881 recurritur
829 1857 876 1882 ex
894 1844 1085 1897 proximis
1108 1847 1232 1896 locis;
1256 1850 1463 1890 ulteriores

175 1911 256 1936 non
293 1898 456 1937 inventi.
517 1898 604 1938 Ubi
641 1900 784 1949 illuxit,
825 1902 1027 1955 egreditur
1064 1904 1198 1946 castris
1236 1906 1464 1957 Romanus,

175 1956 324 1994 vallum
351 1955 574 2007 invasurus,
606 1957 647 1996 ni
684 1959 797 2011 copia
820 1974 966 2014 pugnae
1000 1960 1122 2001 fieret.
1164 1966 1219 2013 δε,
1251 1965 1464 2018 postquam

176 2013 302 2052 multa
319 2013 404 2067 jam
420 2014 504 2054 dies
518 2024 617 2066 erat,
640 2030 770 2069 neque
785 2017 1019 2058 movebatur
1036 2020 1253 2074 quicquam
1271 2023 1318 2062 ab
1335 2023 1463 2072 hoste,

173 2070 285 2125 jubet
302 2071 408 2125 signa
421 2071 559 2111 inferri
576 2073 725 2113 consul.
744 2075 933 2129 motaque
951 2077 1049 2127 acie,
1070 2078 1290 2133 indignatio
1305 2081 1463 2135 AEquos

180 2131 217 2168 δε
246 2129 415 2169 Volscos
451 2130 615 2179 inceffit,
648 2132 672 2171 si
706 2131 879 2172 victores
900 2135 1097 2175 exercitus
1128 2138 1275 2177 vallum
1312 2139 1466 2192 potius,

176 2186 299 2239 quam
328 2187 453 2228 virtus
475 2191 515 2230 &
539 2203 647 2229 arma
678 2200 869 2245 tegerent.
893 2191 1013 2246 igitur
1036 2196 1075 2234 ἃ*
1108 2193 1175 2248 ipfi
1205 2196 1466 2252 efflagitatum

1417 2255 1465 2295 ab

178 2360 238 2391 mis
254 2361 395 2393 molliter
426 2363 528 2405 egiffe,
551 2363 637 2406 quod
655 2366 708 2397 sua
726 2366 920 2399 auctoritate
945 2369 1179 2403 confimnaffent
1197 2372 1278 2414 leges
1296 2371 1467 2414 populares

178 2407 219 2437 :ab
237 2406 419 2438 consulibus
435 2408 525 2440 latas.
574 2410 622 2441 Sic
639 2411 724 2442 infra
741 2412 759 2442 l.
777 2422 827 2451 30.
844 2424 869 2443 C.
889 2422 914 2451 7.
930 2427 962 2444 ne
973 2418 1102 2457 quidper
1113 2425 1210 2447 metum
1227 2431 1259 2447 ex
1284 2421 1380 2448 ret-miri
1396 2420 1468 2448 clade

167 2452 280 2481 *mollifzs
297 2454 483 2492 coaefizleretur.
528 2454 582 2495 (3)
606 2457 646 2486 Et
664 2456 824 2488 constabat
851 2460 971 2494 Patres,
996 2460 1118 2502 legibus
1135 2461 1197 2492 illis
1215 2473 1282 2493 non
1300 2463 1467 2493 adversan-

177 2497 231 2533 do,
254 2496 368 2528 ceffiffe
385 2497 535 2539 tempori,
558 2500 690 2531 turbato
708 2501 894 2543 reipublicae
913 2503 1000 2535 statu.
1013 2505 1077 2536 vid.
1097 2507 1193 2548 supra
1206 2518 1232 2538 c.
1252 2517 1303 2547 55.
1316 2508 1355 2538 ad
1371 2507 1422 2538 fine

224 2559 260 2589 C.
281 2558 334 2589 60.
351 2560 407 2601 (1)
428 2560 553 2598 Traxit,
576 2572 634 2592 nec
661 2563 690 2593 se
719 2562 822 2594 statim
850 2575 964 2607 pugnae
993 2568 1157 2600 commisit.
1204 2569 1252 2600 Sic
1269 2569 1354 2600 infra
1373 2582 1396 2601 c.
1415 2570 1463 2609 65,

164 2604 317 2646 sustinendo
334 2618 399 2635 rem.
416 2605 434 2635 l.
451 2616 480 2644 5.
500 2616 524 2636 c.
545 2616 595 2644 45.
615 2620 670 2637 rem
687 2610 715 2638 in
732 2613 831 2639 nac‘Yem
842 2612 998 2653 Jiyfittitere.
1044 2613 1138 2644 Ovid.
1162 2616 1220 2655 Ep.
1244 2624 1269 2645 1.
1286 2616 1419 2645 Heroid.
1436 2626 1463 2645 V.

169 2658 254 2688 ⁴114,
268 2652 605 2694 extremttmfatifistiszet
626 2654 672 2682 ille
687 2655 763 2683 diem.
808 2655 864 2693 (2)
887 2655 958 2686 Vid.
984 2665 1051 2688 not.
1075 2668 1103 2697 3.
1120 2660 1159 2689 ad
1177 2671 1204 2690 C.
1231 2669 1258 2690 2.
1279 2660 1301 2689 l.
1320 2669 1347 2690 2.
1364 2660 1466 2700 supra.

177 2694 232 2733 (3)
257 2694 305 2724 Sic
331 2694 417 2726 infra
445 2696 465 2726 l·
495 2707 518 2726 C.
551 2705 599 2727 2-1.
618 2711 688 2728 π’,νῐο
708 2700 852 2730 Romam-¹5.
881 2699 899 2729 l.
922 2710 969 2739 37.
1000 2713 1016 2732 c
1051 2712 1102 2741 53.
1131 2718 1201 2735 natm
1230 2707 1301 2734 milss
1321 2707 1467 2734 Romanas-

201 2736 203 2740 ’
1184 2750 1238 2790 (4)
1261 2749 1467 2789 Adortusque
