1853 3158
875 286 928 329 T.
988 285 1245 330 LIVII

411 411 473 443 ter
493 401 676 443 faCluros
695 400 800 452 fore,
830 410 876 442 ut
913 405 1004 457 (14)
1037 403 1122 444 ludi
1153 402 1317 444 maximi
1354 401 1510 452 fierent,
1545 405 1582 444 &
1621 405 1706 446 dies

412 474 519 501 unus
540 461 589 500 ad
610 459 792 500 triduum
818 462 908 514 (15)
939 460 1204 516 adjiceretur,
1238 463 1323 516 (16
1316 485 1326 515 J
1360 460 1634 502 recusantibus
1663 463 1705 503 id

410 532 562 559 munus
590 515 772 558 aedilibus
792 517 936 571 plebis,
966 520 1263 560 conclamatum
1284 535 1306 559 a
1327 519 1502 573 patriciis
1518 518 1606 558 est
1591 533 1709 573 Juve-

410 575 544 624 nibus,
575 575 613 615 se
649 575 689 615 id
720 575 885 616 honoris
916 574 1057 616 Deum
1085 577 1375 617 immortalium
1397 591 1516 616 causa
1535 576 1707 616 libenter

409 633 591 684 acturos,
623 634 714 688 (17)
747 642 792 673 ut
826 633 961 684 aediles
997 633 1152 674 fierent.
1215 634 1376 692 Qibus
1397 648 1524 687 quum
1546 633 1594 674 ab
1616 634 1709 674 uni-

408 691 527 731 versis
561 691 699 746 gratiae
730 691 831 731 2&ae
871 691 1008 740 essent,
1039 692 1195 732 factum
1229 691 1631 742 senatusconsultum,
1662 700 1709 730 ut

409 753 435 801 ’γ
455 750 536 789 duo
556 749 662 790 viros
683 749 818 789 aediles
838 760 887 788 ex
907 749 1094 789 Patribus
1116 750 1290 789 dictator
1306 751 1502 813 populum
1524 759 1709 804 rogaret:

410 806 549 849 Patres
570 806 756 847 auctores
771 806 958 847 omnibus
974 807 1061 861 ejus
1077 806 1171 847 anni
1193 806 1366 846 comitiis
1388 806 1544 848 fierent.

411 936 455 954 ros
470 925 552 964 fhre,
574 921 754 965 irrepticias
780 922 841 955 effe
866 922 988 965 judico,
1024 922 1270 964 orationemque
1296 923 1432 954 reddere
1460 921 1650 964 impeditam
1676 920 1710 953 δε

411 968 590 999 obscuram.
636 969 720 999 Mox
741 966 820 999 dicit
844 967 958 998 Livius
974 967 1128 1009 patricios
1142 968 1275 1009 juvenes
1292 967 1492 999 succlamasse
1509 967 1539 998 se
1557 967 1591 998 id
1607 967 1712 997 hono-

411 1013 456 1043 ris
473 1012 561 1043 Defim
574 1014 773 1043 immortalium
789 1025 839 1042 cau
855 1011 873 1042 ἆ
893 1014 1008 1044 libenter
1023 1017 1150 1043 ιιὲἷιινοε.
1148 1027 1153 1032 ·
1180 1012 1256 1044 inde
1273 1021 1382 1043 autem
1398 1011 1597 1043 occafionem
1613 1011 1710 1052 hujus

409 1056 474 1088 loci
491 1056 722 1098 corrumpendi
740 1056 890 1087 librarios
905 1056 1055 1088 indoctos
1071 1056 1240 1098 arripuisse
1261 1058 1382 1088 censeo.
1428 1059 1471 1087 Et
1498 1056 1538 1087 sle
1564 1056 1713 1096 merit6que

411 1104 449 1138 id,
459 1102 492 1143 si
514 1114 635 1142 unquam
654 1101 728 1132 alias
743 1111 803 1142 per
819 1101 1024 1142 parenthefin
1037 1102 1262 1143 accipiendum
1278 1104 1383 1133 foret:
1409 1101 1507 1142 idque
1524 1109 1595 1132 tum
1611 1103 1711 1139 certe,

414 1145 436 1176 fi
453 1155 597 1185 unquam
614 1144 703 1182 alias,
723 1144 853 1182 merito,
874 1144 961 1176 five'
952 1157 1035 1186 jure,
1057 1146 1204 1177 censebat
1217 1147 1352 1178 senatus.
1399 1145 1523 1177 Contra
1541 1154 1649 1177 tamen
1666 1148 1714 1176 fa-

411 1191 547 1221 tendum
564 1189 607 1220 est
619 1189 746 1221 codices
761 1200 873 1220 omnes
888 1199 950 1230 pro
965 1190 1098 1231 vulgato
1114 1190 1202 1221 sta1·.e
1219 1191 1269 1233 E.]
1313 1190 1391 1232 (14)
1414 1190 1501 1222 Ludi
1514 1201 1612 1231 quam
1623 1201 1710 1231 mag-

412 1233 652 1266 nificentiffimi.
697 1235 748 1265 De
764 1233 814 1266 his
830 1234 915 1265 ludis
931 1233 1118 1275 accipienda
1132 1234 1286 1266 videntur
1302 1246 1374 1275 quae
1391 1235 1523 1277 legimus
1540 1235 1626 1266 infra
1640 1235 1659 1265 l.
1678 1245 1710 1273 7.

412 1291 439 1310 e.
458 1289 507 1318 15.
552 1281 629 1310 Ludi
643 1282 746 1317 votivi,
767 1292 832 1321 quos
859 1280 913 1310 M
937 1279 1040 1309 Furius
1064 1281 1184 1309 dibiator
1198 1287 1328 1316 voverat,
1339 1282 1430 1320 smffi·
1476 1282 1588 1321 Itaque
1603 1279 1712 1311 verifi-

412 1324 488 1356 mile
504 1323 548 1356 est
563 1325 623 1355 hos
639 1323 733 1356 ludos
749 1331 824 1355 ante
841 1323 1048 1355 concordiam
1066 1322 1243 1355 restitutam
1265 1324 1438 1354 Camillum
1463 1324 1602 1362 voviffe;
1626 1327 1710 1366 (quo

412 1369 512 1401 etiam
537 1368 740 1410 tempore,s1
766 1368 944 1400 Plutarcho
969 1367 1139 1406 credimus,
1162 1369 1262 1399 aedem
1287 1367 1481 1400 Concordiae
1505 1369 1615 1410 vovit)
1641 1370 1710 1411 ejus

413 1423 540 1451 votum,
570 1413 709 1445 redactis
741 1413 775 1444 in
807 1412 1017 1444 concordiam
1056 1412 1236 1449 ordinibus,
1270 1415 1381 1444 Patres
1417 1420 1525 1444 ratum
1558 1413 1711 1445 habuisse.

413 1460 492 1501 (15)
515 1458 679 1490 Triduum
695 1459 735 1489 de
752 1468 818 1500 quo
842 1457 896 1489 hic
922 1457 987 1500 agit
1008 1457 1133 1495 Livius,
1154 1469 1221 1489 non
1245 1458 1333 1489 aliud
1357 1457 1417 1488 ess'e
1444 1457 1543 1498 quzirn
1565 1458 1711 1489 triduum

414 1504 619 1541 Latinarum,
641 1503 762 1535 constat
790 1514 828 1534 ex
845 1503 1033 1540 Plutarcho,
1055 1503 1111 1544 qui
1138 1502 1172 1534 in
1194 1505 1283 1535 Cam.
1309 1503 1424 1534 auctor
1447 1502 1491 1533 est
1508 1513 1609 1534 unum
1624 1502 1712 1535 diem

413 1549 477 1581 hoc
502 1556 649 1590 tempore
676 1547 813 1586 Latinis,
835 1559 908 1590 quae
933 1547 1044 1579 triduo
1061 1555 1155 1579 antea
1171 1548 1438 1585 conficiebantur,
1459 1547 1622 1589 adjectum
1638 1546 1709 1579 effe.

413 1593 489 1625 vid.
504 1596 523 1634 †
539 1596 758 1634 Latinaefiriae.
808 1593 885 1635 (16)
907 1594 1089 1630 Ludorum,
1119 1592 1175 1634 qui
1193 1593 1288 1625 ferias
1304 1592 1447 1629 Latinas,
1470 1592 1596 1626 curatio
1613 1589 1711 1634 penes

414 1638 522 1670 aediles
550 1638 654 1680 plebis
679 1638 786 1679 primo
802 1638 874 1669 fuit.
920 1639 1032 1681 Qum
1055 1637 1154 1679 igitur
1179 1638 1373 1679 adjiceretur
1394 1637 1428 1668 in
1444 1637 1582 1679 fingulos
1607 1647 1711 1668 annos

415 1684 458 1715 ad
473 1683 606 1714 Latinas
633 1681 711 1721 dies,
732 1683 922 1715 recusarunt
937 1682 985 1713 illi
1006 1690 1216 1724 aggravatum
1227 1694 1358 1714 munus.
1403 1683 1482 1723 (17)
1504 1681 1549 1713 Efi
1565 1683 1643 1723 lege,
1664 1690 1712 1713 ut.

417 1728 521 1780 [Mihi
537 1728 605 1761 haec
622 1738 753 1773 quoque
769 1728 871 1762 verba
886 1727 1002 1760 lemma
1018 1727 1156 1771 margini
1172 1727 1280 1772 primo
1296 1726 1495 1770 adscriptum
1512 1728 1609 1760 olent.
1632 1726 1690 1770 E]

1448 2774 1703 2817 EPITOME
