1853 3158
314 275 349 315 L
380 275 397 315 i
428 275 460 315 B
490 274 522 315 E
554 274 594 315 R
653 273 725 314 ΙΙΙ.
785 274 824 317 C
855 276 892 316 A
924 277 966 318 P.
1028 276 1265 322 XXXVIII.
1575 300 1648 328 211

155 387 368 441 imperium
404 388 663 428 inhibendum
700 389 938 441 imminutis,
979 406 1108 446 neque
1162 396 1210 434 ad
1262 395 1431 450 speciem

156 445 318 485 honoris
359 444 586 499 insignibus,
626 447 837 498 prodeunt.
876 448 925 493 id
965 448 1059 489 vero
1104 465 1273 505 regnum
1323 454 1431 494 haud

157 501 276 542 dubie
310 502 445 541 videri.
505 502 749 555 Deploratur
784 504 824 543 in
860 516 1098 557 perpetuum
1139 509 1325 558 libertas;
1358 526 1432 552 nec

156 559 299 598 vindex
317 557 524 611 quisquam
550 559 708 608 exsistit,
742 570 810 600 aut
846 561 1005 602 futurus
1038 564 1207 604 videtur.
1250 581 1322 607 nec
1362 569 1431 621 ipfi

155 614 284 655 solum
300 615 587 667 desponderant
607 617 776 665 animos,
793 618 857 656 sed
879 621 1081 659 contemni
1102 623 1226 674 coepti
1261 634 1373 664 erant
1411 640 1433 664 a

158 672 337 711 finitimis
354 673 536 725 populis:
567 674 859 727 imperiumque
900 675 953 714 ibi
989 677 1077 725 effe,
1118 678 1185 718 ubi
1224 693 1306 719 non
1341 682 1433 721 esset

155 729 331 780 libertas,
346 729 737 785 indignabantur(2).
797 732 933 772 Sabini
962 735 1105 788 magna
1139 749 1259 775 manu
1300 738 1651 790 incur-Sabiniagrum

157 787 304 826 {ionem
337 786 377 824 in
409 801 547 840 agrum
582 788 814 828 Romanum
848 789 1005 830 fecere:
1040 789 1199 844 lateque
1240 796 1434 846 populati,
1453 795 1531 823 ΗΜ
1545 801 1631 835 popu-

157 857 282 895 quum
302 842 511 883 hominum
541 854 658 896 atque
685 847 886 898 pecudum
915 846 1030 886 inulti
1066 851 1218 901 praedas
1259 851 1435 904 egissent,
1453 839 1556 868 “mu''

158 909 317 953 recepto
348 901 397 939 ad
414 901 594 949 Eretum,
616 904 724 954 quod
745 903 879 955 passim
908 914 1094 958 vagatum
1129 917 1226 955 erat,
1261 909 1434 961 agmine,

160 957 283 996 castra
302 959 448 1006 locant,
480 958 587 1011 spem
608 959 649 997 in
682 959 874 1000 discordia
895 961 1080 1001 Romana
1116 973 1324 1016 ponentes,
1346 979 1435 1004 eam

158 1014 490 1066 impedimentum
521 1015 694 1055 delectui
727 1016 825 1056 fore.
886 1018 982 1057 Non
1013 1021 1149 1060 nuncii
1186 1019 1329 1072 solum,
1370 1022 1436 1062 sed

159 1084 230 1123 per
251 1070 389 1110 urbem
423 1072 634 1126 agrestium
667 1073 763 1127 suga
801 1074 1108 1128 trepidationem
1145 1078 1293 1131 injecit.
1353 1079 1437 1118 De-

157 1128 323 1167 cemviri
345 1128 581 1178 consultant,
611 1131 706 1182 quid
738 1145 839 1184 opus
871 1132 981 1172 fafi‘m
1022 1134 1077 1172 fit.
1110 1135 1305 1176 destitutis
1335 1136 1439 1176 inter

158 1184 323 1224 Patrum
357 1188 397 1225 &
431 1186 554 1238 plebis
586 1187 675 1227 odia
711 1189 862 1228 addidit
894 1199 1086 1230 terrorem
1122 1192 1280 1245 insuper
1317 1194 1438 1232 alium

159 1241 332 1282 fortuna.
395 1243 520 1296 AEqui
541 1245 615 1284 alia
630 1259 678 1283 ex
712 1256 821 1298 parte
860 1246 982 1286 castra
1023 1248 1063 1286 in
1107 1249 1253 1303 Algido
1281 1250 1440 1290 locant:
1460 1264 1636 1305 AEqui‘qu-

158 1299 523 1353 depopulatumque
546 1301 637 1340 inde
658 1303 954 1343 excursionibus
982 1305 1258 1345 Tusculanum
1299 1322 1439 1361 agrum
1458 1311 1585 1340 calanum.

159 1356 278 1410 legati
292 1356 339 1395 ab
354 1357 547 1407 Tusculo,
564 1359 787 1411 praesidium
808 1371 979 1409 orantes,
996 1363 1199 1402 nunciant.
1260 1364 1298 1403 Is
1319 1380 1440 1417 pavor

160 1414 333 1466 perpulit
349 1415 608 1463 decemviros,
649 1426 692 1455 ut
728 1417 919 1466 senatum,
957 1419 1112 1458 duobus
1152 1420 1442 1461 circumstanti-

160 1469 234 1509 bus
268 1470 406 1509 urbem
442 1471 567 1520 bellis,
603 1473 863 1513 consulerent.
901 1474 1012 1514 citari
1049 1476 1191 1530 jubent
1223 1478 1263 1516 in
1287 1480 1439 1518 curiam

159 1528 310 1575 Patres,
342 1527 448 1566 haud
465 1528 607 1582 ignari,
624 1539 770 1582 quanta
789 1531 947 1571 invidiae
968 1533 1193 1572 immineret
1206 1536 1441 1588 tempestas:

161 1597 302 1622 omnes
321 1584 458 1623 vastati
485 1586 566 1638 agri
592 1587 940 1641 periculorumque
972 1590 1269 1631 imminentium
1305 1593 1440 1633 causas

160 1640 202 1679 in
224 1640 260 1679 se
278 1641 548 1694 congesturos,
567 1644 907 1697 tentationemque
939 1660 1026 1685 earn
1054 1647 1139 1686 fore
1167 1648 1350 1688 abolendi
1373 1650 1440 1689 fibi

162 1696 431 1751 magistratus,
453 1699 493 1736 ni
515 1699 703 1738 consensu
726 1701 958 1752 resisterent,
991 1703 1237 1758 imperioque
1260 1706 1442 1746 inhiben-

160 1755 212 1793 do
230 1754 370 1794 acriter
391 1755 431 1793 in
453 1770 600 1808 paucos
640 1757 867 1810 praeferocis
895 1761 1034 1811 animi,
1069 1772 1235 1802 conatus
1272 1764 1443 1803 aliorum

161 1812 483 1864 comprimerent.
543 1813 758 1867 Postquam
779 1817 911 1855 audita
928 1832 1003 1857 vox
1027 1819 1066 1856 in
1084 1818 1172 1858 foro
1200 1820 1255 1860 est
1292 1836 1444 1874 praeco-

162 1869 237 1917 nis,
258 1869 396 1908 Patres
416 1869 455 1908 in
473 1870 624 1910 curiam
646 1873 694 1911 ad
715 1873 960 1914 decemviros
992 1877 1197 1925 vocantis;
1229 1879 1336 1917 velut
1372 1893 1444 1918 no-

162 1941 209 1964 va
232 1939 307 1974 res,
322 1926 413 1978 quia
435 1927 724 1968 intermiserant
745 1929 900 1984 jamdiu
929 1946 1082 1971 morem
1123 1934 1352 1975 consulendi
1389 1936 1446 1975 se-
1464 1955 1591 1985 Senatum
1608 1965 1655 1983 vo-

163 1982 296 2031 nat'us,
314 1984 590 2024 mirabundam
618 1986 776 2038 plebem
797 1989 1007 2037 convertit,
1047 1991 1220 2042 quidnam
1260 1994 1445 2048 incicliffi’t,
1464 2007 1526 2029 cant
1543 2001 1654 2030 Decem

164 2056 233 2078 cur
260 2056 303 2078 ex
323 2050 422 2079 tanto
445 2043 637 2082 intervallo
672 2059 747 2082 rem
782 2045 956 2099 dtsstetam
990 2047 1217 2100 usurparent.
1278 2051 1447 2106 Hqstibus
1464 2049 1532 2077 viri.

169 2097 318 2150 belloque
325 2101 489 2151 gratiam
510 2100 722 2150 habendam,
745 2100 843 2154 qubd
847 2104 996 2157 solitum
1013 2107 1204 2158 quicquam
1225 2107 1340 2146 liberae
1354 2110 1447 2148 civi-

167 2154 376 2208 tatisfieret.
439 2157 784 2210 Circumspectare
802 2160 988 2200 omnibus
1014 2161 1091 2201 fori
1130 2164 1307 2216 partibus
1339 2165 1448 2204 sena-

168 2220 312 2262 torem,
335 2210 504 2266 raroque
536 2214 700 2267 usquam
718 2216 933 2257 noscitare:
965 2219 1116 2258 curiam
1155 2221 1247 2261 inde
1281 2236 1324 2262 ac
1361 2223 1449 2262 soli-

1267 2280 1449 2319 tudinem

163 2383 313 2426 potfssalis,
328 2382 410 2415 infra
422 2396 448 2415 c.
467 2396 518 2427 59.
534 2389 652 2420 inhibere
666 2392 802 2427 damnum,
818 2390 836 2421 l.
853 2402 882 2429 4.
894 2403 919 2423 c.
935 2402 986 2432 53.
1003 2395 1120 2424 inthcre
1134 2397 1204 2431 vim,
1228 2396 1341 2427 eodem
1368 2394 1452 2427 libro

172 2439 197 2458 c.
215 2428 265 2465 56.
313 2429 364 2468 (2)
395 2431 517 2471 Nempe
546 2432 672 2464 finitimi
700 2435 819 2475 populi.
866 2437 986 2468 Boffius
1009 2439 1040 2468 ὅ(
1066 2439 1254 2470 Perizonius
1281 2441 1450 2481 legendum

171 2472 309 2508 censent,
323 2476 464 2514 imperium
481 2475 535 2515 qui
551 2478 589 2506 ihi
604 2478 917 2520 effi...iml1gnabantur;
938 2489 972 2513 ut
990 2483 1085 2523 supra
1098 2484 1116 2513 l.
1132 2494 1157 2514 1.
1174 2484 1206 2514 in
1224 2487 1311 2525 praef.
1324 2498 1377 2514 meo
1394 2484 1450 2525 qui

170 2520 271 2545 nomini
286 2518 406 2558 ffrient.
454 2521 499 2549 At
517 2520 560 2550 nil
577 2524 785 2561 mutandum3
809 2525 998 2565 particulam
1014 2527 1099 2558 enim
1121 2542 1169 2569 que
1193 2528 1305 2559 Livius
1332 2528 1450 2569 aliique

172 2558 231 2590 hac
244 2560 366 2592 ratione
383 2562 534 2603 usurpare
550 2565 658 2596 solent.
683 2567 777 2608 supra
794 2569 812 2598 l.
831 2578 857 2600 2.
874 2581 898 2600 c.
924 2570 975 2608 56.
1002 2574 1450 2614 Voleronem...plebs...tribunum

171 2612 246 2634 <reat
259 2614 444 2648 ;...cottlraque
460 2612 573 2638 omnium
589 2613 924 2654 opinionem...r0gationem
940 2618 1001 2645 tulit
1019 2617 1075 2647 ἃς.
1093 2628 1207 2658 nempe
1220 2619 1349 2648 Volero.
1362 2616 1449 2657 Virg-

172 2650 247 2679 AED·
265 2649 293 2680 6·
310 2660 338 2681 V.
357 2651 427 2692 283.
475 2655 781 2697 Qozmsedemsbmnia
797 2660 1010 2700 vulgo-Vana
1027 2668 1113 2692 tenere
1122 2664 1236 2703 ferunt,
1255 2664 1385 2704 foliffque
1395 2662 1449 2700 sub

768 2703 793 2733 Ρ
808 2711 825 2733 2
1334 2706 1447 2735 omnibns
