1853 3158
322 286 357 328 L
389 288 407 327 1
439 263 534 328 BE
566 288 606 327 R
667 284 761 325 VII.
824 285 860 326 c
893 286 931 325 A
962 285 1008 326 P.
1068 286 1289 329 xxxvn.

148 403 268 442 aurea
302 402 449 444 corona
477 414 569 440 eum
600 402 640 440 &
670 410 834 442 centum
863 401 1014 456 bubus,
1042 408 1066 456 †
1097 404 1325 457 eximioque
1357 416 1439 442 uno

150 461 240 500 :ubo
261 467 285 513 †
317 461 451 514 opimo
479 457 630 498 «auratis
661 458 864 507 cornibus,
895 461 1030 499 donat.
1092 461 1263 510 Milites,
1293 461 1362 514 qui
1398 461 1439 499 in

150 519 329 570 praefidio
363 515 477 556 simul
502 514 685 565 fuerunt,
718 519 774 570 (1)
806 517 957 570 duplici
990 517 1194 558 frumento
1226 520 1267 558 in
1301 532 1440 572 perpe-

150 586 283 626 tuum,
314 575 354 613 in
374 571 579 627 praesentia
604 573 765 627 lingulis
786 573 916 613 bubus
943 574 1124 628 binisque
1147 579 1206 631 (2)
1229 577 1349 631 privis
1378 588 1442 615 tu-

152 633 253 672 nicis
273 631 420 671 donati.
480 637 506 683 †
525 628 761 670 Secundum
783 631 955 671 consulis
977 633 1235 673 donationem
1263 635 1442 688 legiones

151 689 396 744 gramineam
430 701 620 728 coronam
654 690 715 743 (3)
749 687 1048 738 obfidionalem‚
1079 692 1252 731 clamore
1288 694 1442 731 donum

151 746 431 800 approbantes,
473 745 603 785 Decio
637 745 865 800 imponunt.
900 747 1021 785 altera
1060 761 1222 797 corona,
1265 750 1444 803 ejusdem

152 804 328 843 honoris,
349 803 486 853 index,
517 817 539 842 a
558 809 583 856 †
603 804 782 857 praefidio
818 803 887 843 suo
923 803 1104 857 impolita
1136 805 1205 844 est.
1266 807 1343 846 His
1375 809 1445 847 de-

152 869 311 900 coratus
351 860 568 915 insignibus
608 861 752 901 bovem
794 861 989 901 eximium
1030 862 1159 901 Μαῑῑί
1195 863 1444 913 immolavit3

151 928 315 957 centurn
350 918 472 958 boves
503 918 696 959 militibus
731 921 838 958 dono
867 919 991 967 dedit,
1023 920 1093 971 qui
1128 919 1263 959 secum
1299 921 1339 960 in
1378 936 1446 960 ex-

150 976 353 1027 peditione
386 975 559 1015 fuerant.
592 976 730 1016 iisdem
763 976 956 1016 militibus
978 977 1154 1031 legiones
1183 978 1301 1019 libras
1329 978 1446 1019 farris

154 1035 192 1079 &
217 1036 278 1087 (4)
299 1031 487 1074 sextarios
524 1033 607 1073 vini
646 1034 928 1074 contulerunt:
959 1036 1175 1088 omniaque
1210 1050 1255 1075 ea
1293 1037 1447 1091 ingenti

151 1091 352 1131 alacritate
385 1104 456 1145 per
489 1091 706 1131 clamorem
727 1092 956 1140 militarem,
988 1093 1162 1132 indicem
1183 1095 1367 1133 omnium
1389 1095 1447 1134 as-

152 1147 301 1196 sensus,
337 1148 589 1203 gerebantur.
649 1150 788 1189 Tertia
820 1147 958 1203 'pugna
994 1151 1043 1189 ad
1078 1149 1299 1191 Suessulam
1324 1167 1448 1192 ''com-

152 1205 261 1244 missa
289 1205 369 1245 est:
401 1208 460 1259 (5)
484 1207 561 1259 qua
583 1206 746 1261 fugatus
769 1222 789 1245 a
818 1207 879 1246 M.
904 1207 1070 1246 Valerio
1100 1207 1344 1249 Samnitium
1379 1225 1448 1250 ex-

151 1263 314 1312 ercitus,
345 1264 457 1302 omni
491 1263 633 1303 robore
664 1264 888 1318 juventutis
910 1265 1031 1304 domo
1054 1265 1198 1317 accito,
1231 1269 1446 1307 certamine

151 1321 294 1360 ultimo
330 1320 535 1360 fortunam
576 1322 746 1374 experiri
783 1321 931 1361 statuit.
993 1322 1059 1362 Ab
1091 1322 1270 1365 Suefl'ula
1310 1327 1448 1368 nuncii

151 1379 297 1431 trepidi
325 1379 524 1431 Capuam,
556 1378 647 1418 inde
678 1378 834 1432 equites
875 1379 984 1419 citati
1020 1381 1069 1420 ad
1109 1381 1319 1428 Valerium
1353 1399 1450 1424 ‹3011-v

152 1435 292 1485 sulem,
322 1450 440 1488 opem
473 1445 646 1485 oratum,
677 1436 856 1476 veniunt.
917 1437 1142 1478 Confestim
1176 1440 1283 1494 signa
1315 1452 1450 1482 mota:

152 1493 380 1546 relictisque
413 1493 710 1546 impedimentis
743 1494 963 1538 castrorum
983 1496 1114 1536 valido
1135 1498 1330 1550 praefidio,
1361 1514 1451 1554 rap-

154 1551 228 1589 tim
265 1552 396 1605 agitur
429 1565 595 1603 agmen:
627 1565 700 1591 nec
737 1553 877 1606 procul
913 1552 962 1592 ab
995 1553 1107 1594 hoste
1138 1556 1274 1595 locum
1296 1558 1450 1610 perexi-

154 1623 281 1662 guum
317 1610 377 1661 (ut
399 1609 559 1660 quibus,
590 1619 734 1662 praeter
755 1624 896 1662 equos,
928 1620 1154 1651 ceterorum
1171 1614 1450 1667 jumentorum

153 1667 422 1718 calonumque
454 1665 569 1704 turba
605 1666 764 1720 abeffet)
786 1667 920 1706 castris
942 1669 1059 1721 cepit.
1119 1669 1363 1710 Samnitium
1385 1687 1448 1712 cx-

153 1723 318 1771 ercitus,
348 1723 457 1761 velut
478 1722 586 1762 haud
609 1724 687 1762 ulla
709 1738 820 1763 mora
841 1739 987 1778 pugnae
1009 1725 1146 1766 futura
1182 1729 1292 1780 efl'et,
1324 1731 1449 1769 aciem

155 1780 339 1820 instruit:
375 1780 533 1828 deinde,
573 1781 783 1833 postquam
825 1796 945 1821 nemo
985 1782 1124 1823 obvius
1165 1784 1262 1837 ibat,
1299 1787 1451 1827 infestis

156 1839 273 1893 tignis
295 1839 342 1878 ad
365 1837 489 1877 castra
511 1837 686 1878 hostium
715 1838 900 1879 succedit.
929 1839 982 1880 ibi
1006 1851 1049 1881 ut
1071 1842 1241 1883 militem
1275 1844 1314 1883 in
1348 1847 1451 1884 vallo

1340 1904 1453 1951 vidit,

204 2015 239 2044 C.
263 2021 312 2053 37.
336 2014 390 2055 (2)
425 2014 498 2046 Vid.
519 2016 537 2054 †
560 2016 718 2056 duplicarii.
762 2014 817 2056 (2)
840 2014 862 2046 i.
888 2025 913 2045 e.
938 2015 1023 2047 binis
1048 2015 1165 2047 tunicis
1191 2017 1304 2060 singuli
1325 2020 1450 2050 donati„

161 2060 293 2090 veteres
313 2063 404 2099 priva
432 2059 550 2095 dixere,
573 2069 644 2098 quas
673 2070 759 2090 nunc
784 2059 904 2100 lingula
930 2060 1075 2092 dicimus.
1122 2063 1203 2092 Gell.
1227 2064 1246 2093 l.
1274 2073 1321 2094 10.
1348 2076 1377 2096 c.
1397 2075 1450 2095 20.

160 2103 215 2143 qui
241 2103 337 2134 etiam
374 2104 451 2135 citat
491 2115 528 2134 ex
567 2104 694 2135 Lucilio
728 2104 858 2145 prorsus
889 2104 1020 2136 similem
1051 2106 1266 2138 locutionem:
1308 2110 1451 2140 abdomina

159 2150 253 2188 thynni
270 2150 482 2179 Advenientibus
503 2151 594 2190 priva
621 2150 697 2179 dabo.
741 2151 780 2179 Et
796 2149 882 2179 infra
898 2151 986 2190 apud
1009 2152 1152 2181 nostrum
1169 2152 1188 2182 l.
1206 2162 1256 2192 30.
1273 2164 1298 2184 c.
1323 2164 1374 2193 43.
1398 2165 1448 2185 oc-

160 2192 260 2222 currit
284 2193 345 2223 hoc
365 2193 576 2225 vocabulum:
606 2195 644 2223 Ut
663 2197 766 2235 privos
789 2195 893 2235 lapm'es
904 2196 1010 2237 silz'res,
1028 2199 1182 2238 privqsque
1207 2199 1340 2229 verbenas
1360 2201 1451 2238 secum

149 2238 277 2276 serwm
333 2239 416 2268 Non.
448 2238 595 2268 :Mar-cell.
626 2239 719 2269 docet
746 2241 865 2280 privam
893 2239 952 2269 esse
981 2241 1070 2280 quod
1098 2241 1270 2282 proprium
1300 2243 1448 2275 uniuscu-

159 2281 272 2320 jusque
299 2280 344 2312 fit.
388 2283 442 2323 (3)
469 2284 642 2324 Offilionalis
667 2294 787 2314 corona
817 2283 869 2320 est,
901 2283 1009 2325 inquit
1042 2288 1082 2316 A.
1115 2286 1237 2317 Gellius
1258 2287 1277 2318 l.
1303 2298 1336 2326 5.
1370 2300 1395 2319 c.
1421 2289 1449 2320 6.

159 2338 240 2365 quam
261 2329 282 2356 ii
303 2329 351 2366 qui
364 2329 535 2369 liberatijint
552 2329 585 2357 ab
600 2329 735 2370 04j1'dione,
759 2331 825 2358 dunt
840 2332 864 2358 ei
878 2331 940 2359 daci
953 2333 1000 2370 qui
1013 2331 1162 2362 liberavit.
1206 2333 1254 2361 Ea
1269 2346 1366 2363 corona
1376 2347 1449 2376 gra—

161 2373 249 2399 mim-a
266 2371 299 2412 est
309 2384 319 2399 .·
344 2372 533 2412 observarique
537 2374 663 2411 sidilum,
684 2381 714 2403 ut
717 2374 805 2414 fleret
825 2387 838 2403 e
848 2377 988 2414 gramine,
1008 2378 1080 2415 quod
1091 2378 1119 2405 in
1140 2377 1194 2406 loco
1204 2386 1365 2418 generatum
1379 2379 1448 2420 esset,

158 2418 235 2445 intra
252 2428 327 2455 quem
343 2417 424 2458 clasfſs
439 2424 530 2452 erant,
550 2420 598 2457 qui
613 2418 807 2458 obsidebantur.
854 2418 1012 2450 Observat
1029 2419 1111 2453 Plin.
1128 2420 1148 2450 l.
1170 2430 1221 2453 22.
1240 2433 1265 2452 c.
1278 2434 1309 2459 4.
1327 2431 1448 2454 ceteras

161 2470 296 2490 coronas
313 2460 353 2489 ab
369 2460 565 2501 imperatore
592 2461 748 2492 militibus
769 2462 839 2492 dari
865 2462 982 2500 solitas,
1002 2464 1086 2496 hanc
1102 2465 1201 2496 solam
1220 2466 1263 2497 ab
1290 2466 1447 2499 militibus

160 2504 369 2545 imperatori;
404 2515 538 2545 eamque
563 2516 740 2546 nunquam,
761 2506 819 2537 nist
849 2506 883 2538 in
915 2507 1138 2549 desperatione
1163 2510 1322 2551 supremi,
1347 2513 1378 2542 &
1405 2513 1448 2543 ab

160 2548 310 2580 universo
336 2549 477 2580 exercitu
494 2550 630 2587 servato,
652 2550 791 2581 decerni.
834 2552 889 2591 (4)
912 2553 1059 2584 Sextarius
1075 2554 1117 2585 est
1133 2554 1218 2585 sexta
1235 2566 1309 2596 pars
1332 2557 1449 2598 congii,

160 2593 362 2634 proindeque
393 2593 540 2635 capiebat
568 2595 639 2635 plus
664 2594 819 2626 sexdecim
846 2595 914 2626 vini
939 2596 1057 2629 uncias.
1103 2599 1201 2630 Instar
1222 2598 1301 2637 assis,
1323 2601 1447 2633 divide‹

158 2638 255 2669 batur
271 2638 304 2668 in
329 2639 498 2669 duodecim
515 2646 633 2679 partes,
654 2650 733 2679 quas
754 2641 861 2681 cyathes
887 2641 1057 2674 vocabant.
1100 2645 1115 2682 (
1119 2644 1156 2683 5)
1181 2644 1254 2687 Q}-
1280 2647 1446 2677 fortunam

159 2682 298 2725 experiri
325 2683 431 2715 statuit
447 2683 473 2715 is
489 2683 646 2715 exercitus
663 2684 863 2723 Samnitium,
885 2686 942 2726 qui
959 2698 976 2717 a
993 2687 1040 2718 M.
1066 2688 1197 2721 Valerio
1213 2690 1300 2731 prius
1317 2692 1446 2733 fugatus

1333 2737 1446 2768 fuerat*

1586 295 1659 323 11*

1470 1224 1568 1255 ‘Tertia
1580 1231 1654 1265 pug—

1467 1283 1503 1300 na
1514 1283 1572 1299 cum
1588 1271 1664 1299 Sam«

1469 1316 1562 1345 mittha.
1571 1338 1576 1343 ι
