1853 3158
112 255 194 308 136
803 249 1176 310 T.1„1V11

114 378 306 418 Nequisex-
336 380 450 423 pares
491 366 754 421 collegaeque,
787 366 926 407 iisdem
967 366 1171 422 praesidiis,
1203 366 1305 421 saepe
1341 364 1481 405 iisdem
1518 364 1647 404 mani-

112 430 159 453 ’Μ
176 424 295 453 ⁰rdf⁷¹m²
337 424 443 481 pulis
465 425 654 478 permixti
676 424 851 465 fuerant.
883 439 955 478 per
974 426 1060 466 haec
1083 439 1132 466 ne
1155 440 1237 478 quo
1258 437 1391 465 errore
1413 422 1562 462 milites
1582 435 1650 461 ca-

107 474 260 545 effigit.
338 491 544 538 perentur,
594 483 760 523 edicunt
796 483 996 535 consuleS,
1028 497 1078 524 ne
1113 484 1203 538 quis
1236 492 1348 523 extra
1379 480 1566 521 ordinem
1605 478 1648 518 in

339 540 495 582 hostem
513 550 725 595 pugnaret.

400 598 497 639 VII.
530 596 651 638 Forte
671 598 776 639 inter
803 608 958 639 ceteros
981 607 1206 638 turmarum
1228 596 1460 651 praefe&os,
1491 594 1563 648 qui
1583 606 1653 633 ex-

342 658 545 711 ploratum
567 657 609 695 in
628 670 770 696 omnes
794 667 925 710 partes
947 656 1090 696 dimissi
1119 665 1249 703 erant,
1279 655 1331 695 T.
1353 654 1535 695 Manlius
1553 665 1653 692 con-

343 714 438 754 sulis
461 713 567 755 filius
590 713 707 768 super
728 715 853 755 castra
874 714 1050 754 hostium
1073 728 1167 754 cum
1191 712 1269 753 suis
1302 711 1542 752 turmalibus
1561 723 1654 750 eva-

345 773 404 820 sit,
436 772 490 811 ita
527 782 572 812 ut
599 773 664 812 vix
701 773 769 812 teli
794 772 910 828 ja&u
944 773 992 812 ab
1024 772 1192 811 statione
1214 769 1397 824 proxim&
1419 769 1576 810 abesset.
1599 766 1655 807 ibi

345 829 568 870 Tusculani
604 839 718 870 erant
750 831 919 883 equites.
961 839 1129 884 praeerat
1163 828 1368 868 Geminus
1392 828 1564 874 Metius,
1594 825 1656 864 vir

347 898 436 928 tum
458 901 605 942 genere
628 888 732 927 inter
753 888 858 937 suos,
877 898 964 927 tum
988 887 1120 935 factis,
1144 886 1288 926 clarus.
1350 885 1389 925 Is
1410 884 1478 924 ubi
1501 884 1658 923 Roma-

347 960 421 986 nos
442 945 613 999 equites,
643 946 919 999 insignemque
940 945 1044 984 inter
1065 959 1133 984 eos
1165 944 1461 997 praecedentem
1484 940 1659 981 consulis

348 1003 494 1052 filium,
529 1005 640 1055 (nam
681 1016 823 1042 omnes
857 1004 961 1042 inter
998 1003 1051 1051 se,
1083 1005 1144 1056 (1)
1184 1002 1323 1054 utique
1361 1000 1532 1040 illustres
1564 997 1659 1049 viri,

126 1069 278 1100 Manlium
348 1061 434 1101 noti
455 1063 585 1113 erant)
609 1060 814 1113 cognovit,
850 1060 1001 1108 Unc‘c'ne,
1033 1060 1101 1108 ait,
1133 1062 1264 1099 turma?
1286 1060 1450 1099 Romani
1469 1072 1553 1097 cum
1572 1056 1658 1096 La-

126 1113 290 1166 cofifflium
349 1117 622 1172 tinisfhcig'sque
637 1117 767 1155 bellum
784 1116 922 1171 gfsturi
947 1117 1025 1171 fstis
1040 1120 1060 1154 ,Ρ
1093 1118 1184 1170 quid
1201 1120 1340 1157 interea
1367 1116 1537 1171 consules,
1568 1113 1662 1168 quid

128 1160 260 1233 (Ξῖζῖζέζ
271 1203 311 1232 ad
349 1177 418 1216 duo
453 1176 636 1214 exercitus
670 1174 874 1228 consulares
908 1177 1052 1227 agent?
1103 1175 1279 1214 Aderant
1314 1177 1374 1228 (2)
1409 1177 1448 1213 in
1487 1182 1659 1225 tempore,

113 1211 264 1293 §iugulare
350 1233 536 1274 Manlius
558 1231 707 1285 inquit,
744 1232 796 1273 ξδ’
828 1247 911 1271 cum
933 1232 1008 1270 illis
1028 1231 1151 1270 aderit
1188 1232 1347 1287 Jupiter
1366 1233 1449 1286 ipse,
1466 1231 1660 1288 foederum

126 1300 271 1324 mmmm·
349 1308 373 1332 a
409 1291 509 1331 vobis
541 1290 761 1330 violatorum
781 1289 894 1345 tqstis,
925 1290 990 1342 qui
1020 1289 1110 1342 plus
1142 1289 1265 1344 potfst,
1290 1289 1478 1342 polletque.
1542 1288 1582 1327 Si
1611 1286 1663 1326 ad

352 1349 546 1404 Regillum
566 1348 688 1387 lacum
715 1348 768 1387 ad
777 1348 991 1402 satietatem
1017 1347 1175 1403 vestram
1189 1347 1462 1400 pugnavimus,
1493 1345 1555 1385 hfc
1575 1360 1662 1398 quo-

351 1423 421 1462 que
440 1406 633 1463 efficiemus
646 1403 829 1460 prqfhHh,
862 1421 906 1444 ne
941 1406 1052 1444 nimis
1084 1406 1179 1444 acies
1205 1405 1304 1444 vohis
1329 1405 1380 1445 ἐῢ
1400 1404 1528 1443 collata
1547 1402 1662 1457 figna

355 1465 531 1519 nabg‘scum
552 1464 653 1504 cordi
675 1463 772 1518 stnt.
835 1464 902 1504 Ad
936 1477 982 1502 ea
1015 1462 1234 1511 Geminus,
1266 1463 1493 1516 paullulum
1515 1459 1564 1501 ab
1586 1460 1666 1500 suis

353 1536 462 1577 equo
497 1521 732 1577 provecstus,
767 1522 807 1560 V
804 1522 876 1576 {sne
907 1523 1042 1575 igitur,
1089 1520 1177 1559 dmn
1212 1520 1287 1560 dies
1320 1520 1387 1575 ssa
1423 1520 1542 1569 venit,
1572 1518 1667 1573 *qud

358 1596 491 1635 magno
522 1588 654 1620 conatu
674 1581 857 1619 exercitus
873 1581 1063 1627 moveatis,
1095 1580 1234 1618 interea
1255 1588 1297 1617 tu
1316 1579 1384 1633 ips}
1404 1576 1573 1631 congredi
1593 1591 1668 1615 me-

355 1653 455 1689 cum,
484 1647 528 1678 ut
555 1638 668 1693 nqstro
689 1639 752 1692 (3)
773 1638 929 1677 duorum
938 1639 1027 1692 jam
1055 1636 1141 1676 hinc
1175 1644 1308 1676 eventu
1327 1644 1518 1684 cernatur,
1549 1649 1667 1688 quan-

312 1701 314 1703 ’
356 1706 438 1737 tum
458 1711 563 1751 eques
584 1696 752 1735 Latinus
773 1696 942 1736 Romano
965 1694 1107 1750 prastet
1122 1697 1142 1732 ?
1177 1695 1361 1746 Movet†
1383 1693 1561 1733 ferocem
1583 1692 1668 1731 ani-

357 1768 473 1795 mum
505 1754 667 1809 juvenis
690 1753 757 1792 seu
779 1754 852 1803 ira,
885 1753 952 1792 seu
974 1752 1227 1792 detre&andi
1258 1751 1489 1791 certaminis
1519 1750 1669 1804 pudor,

358 1812 427 1853 seu
449 1810 780 1865 inexsuperabilis
801 1812 861 1851 vis
882 1810 968 1850 fati.
991 1810 1140 1850 oblitus
1175 1809 1309 1862 itaque
1339 1808 1505 1862 imperii
1535 1807 1671 1862 patrii,

358 1869 654 1923 consulumque
673 1868 811 1917 edicti,
841 1882 1022 1923 praeceps
1051 1869 1101 1907 ad
1123 1868 1162 1907 id
1180 1878 1383 1907 certamen
1404 1867 1550 1921 agitur,
1573 1880 1670 1919 quo,

357 1928 554 1979 vinceret,
584 1933 607 1980 †
629 1941 680 1966 an
712 1927 957 1972 vinceretur,
989 1926 1097 1966 haud
1129 1927 1303 1964 multum
1326 1925 1537 1964 intereffet.
1558 1923 1673 1977 equi-

361 1985 469 2026 tibus
492 1986 636 2026 ceteris
657 1986 768 2024 velut
789 1986 839 2025 ad
861 1984 1136 2039 spectaculum
1155 1983 1381 2032 summotis,
1404 1982 1544 2037 spatio,
1562 1981 1672 2036 quod

360 2043 479 2083 vacui
511 2042 776 2097 interjacebat
808 2042 956 2096 campi,
988 2041 1170 2081 adversos
1193 2041 1397 2081 concitant
1428 2054 1579 2094 equos:
1612 2042 1676 2090 δι’,

363 2115 492 2155 quum
525 2099 680 2140 infestis
701 2100 931 2154 cuspidibus
952 2099 1254 2148 concurrissent,
1286 2099 1436 2139 Manlii
1457 2098 1589 2152 cuspis
1611 2097 1676 2137 su-

365 2172 436 2213 per
469 2159 624 2212 galeam
646 2157 785 2206 hostis,
817 2158 937 2197 Metii
973 2167 1082 2197 trans
1104 2158 1302 2197 cervicem
1334 2157 1428 2211 equi
1450 2155 1580 2210 elapsa
1601 2154 1672 2195 est.

367 2216 639 2257 Circumac'iis
674 2216 819 2255 deinde
861 2215 990 2268 equis,
1033 2230 1161 2268 quum
1212 2216 1321 2269 prior
1357 2216 1407 2255 ad
1443 2214 1689 2254 iterandum'

366 2273 498 2315 icium
535 2273 717 2314 Manlius
749 2275 812 2327 (4)
848 2273 1178 2321 consurrexiffet3
1211 2273 1410 2328 spiculum
1433 2273 1537 2313 inter
1558 2286 1675 2329 aures

1578 2329 1675 2386 equi

414 2451 451 2481 C.
469 2457 497 2488 7.
520 2448 576 2490 (1)
598 2446 708 2479 Latini
726 2447 931 2489 Romanique
948 2459 1071 2486 omnes,
1093 2448 1272 2490 praesertim
1287 2448 1334 2480 illi
1351 2459 1494 2490 quorum
1509 2447 1673 2479 eminebat

369 2495 475 2527 virtus
491 2502 547 2526 aut
562 2492 727 2530 nobilitas,
748 2492 834 2524 inter
861 2493 893 2525 se
918 2493 988 2524 noti
1014 2501 1120 2526 erant.
1144 2495 1179 2525 E.
1227 2495 1283 2535 (2)
1298 2496 1334 2524 In
1350 2501 1478 2536 tempore,
1501 2504 1572 2535 pro,
1594 2500 1676 2524 tem·

371 2550 451 2582 pore
483 2538 666 2575 commodo,
688 2545 891 2580 opportuno,
912 2538 1036 2569 locutio
1067 2538 1165 2570 Livio
1193 2538 1361 2571 familiaris
1393 2539 1444 2570 cst.
1468 2537 1564 2580 supr&
1591 2536 1611 2567 l.
1645 2545 1673 2568 2.

370 2596 397 2615 c.
422 2593 464 2622 47
492 2585 524 2614 &
550 2583 602 2622 48.
628 2583 650 2613 l.
677 2593 705 2620 4.
725 2593 816 2621 ς.4ο.
862 2583 984 2614 Omissa
1000 2583 1239 2625 praepofitione,
1262 2592 1383 2626 tempore
1399 2584 1442 2615 est
1464 2583 1553 2624 apud
1579 2580 1676 2613 ovid.

371 2631 430 2670 Ep.
447 2640 476 2666 4.
493 2630 572 2661 Her.
588 2639 619 2658 v.
640 2637 717 2669 109.
763 2630 949 2669 Utrumque
965 2628 1064 2659 etiam
1083 2629 1204 2660 Graecis
1220 2629 1255 2660 in
1274 2629 1334 2661 usu
1350 2629 1425 2667 fuit,
1447 2628 1500 2659 vel
1516 2641 1558 2667 τῳ
1573 2639 1674 2669 καιςῳ,

371 2682 408 2705 ut
434 2675 532 2715 apud.
559 2675 680 2714 Evang.
710 2674 817 2704 Marc.
836 2685 862 2704 c.
884 2683 932 2705 12.
949 2684 978 2703 v.
997 2684 1028 2705 2.
1046 2674 1096 2704 vel
1115 2676 1140 2704 ἑν
1157 2688 1258 2718 natea),
1280 2682 1316 2706 ut
1344 2675 1432 2716 apud
1460 2675 1580 2713 Evang.
1595 2672 1677 2702 Luc.

371 2730 401 2751 c.
431 2729 482 2753 12.
501 2730 532 2751 V.
554 2728 607 2758 42.
653 2718 709 2761 (3)
726 2718 801 2751 Vid.
817 2718 914 2762 supr}
931 2726 998 2751 not.
1019 2727 1044 2758 7.
1068 2719 1118 2750 ad.
1134 2730 1162 2751 c.
1187 2729 1216 2760 9.
1233 2720 1252 2751 l.
1272 2729 1299 2759 7.
1344 2720 1398 2761 (4)
1420 2717 1573 2750 Similiter
1589 2716 1675 2746 infra

1585 2760 1605 2791 1.
1622 2768 1676 2798 45.
