1853 3158
389 294 671 341 LIBER
730 293 1053 338 VLCAP.
1114 295 1187 337 XI.
1612 303 1664 346 17

149 414 291 465 manis,
323 413 389 468 ipfi
411 412 651 468 praestarent.
713 412 838 453 Unde
867 426 993 467 quum
1024 411 1254 467 responsum
1275 411 1439 453 allatum

149 474 259 524 effet,
289 471 385 511 nihil
401 473 480 526 fiaeae
506 471 689 526 potcstatis
724 471 797 526 ff,
827 471 1001 526 Etruscos
1034 473 1164 511 moenia
1204 471 1439 526 custodizffque

141 539 336 583 portarum
356 538 474 568 tenere
487 546 501 574 ,Δ
535 526 667 582 primo
688 529 1013 581 populationibus
1035 529 1117 583 agri
1139 538 1265 568 terror
1286 529 1342 569 est
1367 543 1440 582 op-

148 588 304 640 pidanis
325 585 534 626 admotus:
564 587 725 637 deinde,
748 588 809 639 (2)
831 586 1041 639 postquam
1056 585 1284 637 deditionis,
1315 585 1438 640 quam

149 644 355 692 societatis,
387 643 486 684 fides
522 643 695 684 sanctior
727 652 824 692 erat,
855 643 1027 683 fascibus
1061 644 1351 684 sarmentorum
1389 658 1438 683 ex

148 717 242 756 agro
268 701 434 752 collatis,
465 702 613 741 ductus
649 702 698 741 ad
733 701 884 740 moenia
905 702 1121 751 exercitus,
1152 702 1439 755 completisque

148 759 252 799 foffis
275 759 385 799 scalae
412 760 601 810 admotae,
634 762 675 800 δε
697 759 870 798 clamore
898 759 1029 812 primo
1063 759 1297 812 impetuque
1327 761 1441 813 oppi-

148 818 245 856 dum
263 817 430 870 capitur.
491 817 699 870 Nepesinis
722 817 813 856 inde
830 817 1026 866 edifitum,
1058 826 1102 856 ut
1123 831 1231 856 arma
1261 828 1440 870 ponant3

148 874 336 928 parcique
353 876 501 930 juffum
523 875 679 929 inermi.
740 873 894 914 Etrusci
912 874 1059 928 pariter
1081 875 1221 914 armati
1243 884 1362 927 atque
1380 875 1441 913 in-

147 946 276 972 ermes
298 933 396 972 caefi.
456 933 749 986 Nepefinorum
770 946 931 985 quoque
948 933 1134 973 augtores
1149 932 1364 971 deditionis
1385 932 1442 971 se-

147 990 233 1029 curi
255 990 444 1043 percussi:
475 989 648 1030 innoxiae
670 990 919 1029 multitudini
933 991 1098 1030 redditae
1115 1004 1195 1041 res,
1226 990 1444 1043 oppidum-

146 1061 225 1099 que
246 1061 338 1087 cum
360 1048 538 1100 praefidio
560 1048 761 1087 relietum.
798 1048 873 1096 Ita,
905 1048 1059 1089 duabus
1076 1048 1189 1088 sociis
1207 1047 1372 1087 urbibus
1393 1061 1442 1086 ex

146 1103 257 1143 hoste
292 1105 478 1158 receptis,
509 1105 705 1145 vidtorem
739 1106 961 1145 exercitum
997 1105 1148 1145 tribuni
1181 1120 1276 1145 cum
1298 1104 1444 1160 magnii

146 1160 272 1214 gloria
289 1162 466 1201 Romam
483 1164 742 1202 reduxerunt.
805 1163 960 1203 Eodem
977 1178 1082 1203 anno
1098 1163 1147 1203 ab
1168 1162 1323 1203 Latinis
1337 1164 1445 1203 Her·
1463 1186 1493 1215 A
1504 1184 1618 1214 Latin*

146 1218 323 1272 nicisque
359 1234 421 1260 res
452 1221 645 1274 repetitae,
678 1221 983 1274 quaefitumque,
1015 1236 1087 1260 cur
1119 1235 1190 1275 per
1216 1235 1285 1260 eos
1319 1235 1443 1261 annos
1465 1231 1641 1269 Hemaffqm

147 1276 315 1316 militem
338 1292 385 1317 ex
408 1278 589 1318 instituto
611 1292 693 1317 non
720 1278 942 1318 dedissent?
1004 1278 1258 1332 Responsum
1282 1281 1343 1333 (3)
1365 1279 1445 1318 fre-
1464 1288 1505 1306 res
1522 1277 1653 1315 ’'fl’m'ffl

148 1335 289 1386 quenti
319 1336 524 1388 utriusque
551 1337 680 1390 gentis
702 1337 872 1375 concilio
893 1336 964 1386 est,
997 1353 1057 1376 nec
1076 1338 1219 1389 culpam
1240 1339 1279 1375 in
1300 1354 1334 1376 eo
1348 1339 1442 1390 pub-

148 1392 271 1440 licam,
303 1408 366 1432 nec
396 1393 575 1447 corfilium
595 1394 668 1450 fui
693 1410 724 1441 e,
755 1392 855 1447 qubcl
868 1395 947 1449 fiae
963 1395 1182 1449 juventutis
1211 1396 1328 1448 aliqui
1347 1397 1448 1448 apud

152 1449 192 1487 V
188 1449 288 1503 alfius
309 1450 566 1491 militaverint.
599 1467 653 1490 eos
673 1460 793 1490 tamen
810 1453 896 1506 ipsos
918 1455 1038 1504 pravi
1057 1452 1188 1506 corfilii
1202 1463 1346 1505 poenam
1377 1453 1445 1492 ha-

150 1507 244 1558 bere,
276 1523 338 1546 nec
358 1524 561 1562 quenquam
582 1525 624 1548 ex
645 1509 703 1548 his
723 1509 885 1548 reducem
919 1510 992 1565 effi.
1055 1510 1205 1558 Militis
1234 1520 1354 1550 autem
1377 1527 1445 1550 non

150 1564 230 1602 dati
250 1567 407 1619 cazffam,
438 1575 614 1606 terrorem
642 1566 818 1621 affiduum
837 1584 860 1606 a
885 1568 1017 1621 Volscis
1022 1569 1152 1624 suff,
1183 1584 1293 1621 quam
1315 1569 1445 1623 pestem

150 1622 388 1661 adhaerem‘em
409 1624 518 1662 lateri
532 1625 601 1678 fito
630 1625 804 1678 totfilper
822 1626 897 1664 alia
918 1626 1004 1664 aliis
1035 1628 1096 1679 (4)
1129 1627 1228 1664 bellis
1252 1626 1447 1665 exhauriri

151 1681 257 1732 nequi
283 1695 312 1718 e.
373 1683 435 1734 (5)
467 1682 571 1738 Qae
604 1683 726 1720 relata
759 1682 945 1722 Patribus
967 1683 1094 1737 magis
1116 1692 1291 1737 tempus,
1322 1683 1446 1736 quam

149 1736 322 1786 causam,
355 1751 436 1776 non
452 1739 530 1778 visa
547 1739 639 1778 belli
654 1739 813 1778 habere.

208 1793 281 1833 XI.
315 1795 544 1848 Insequenti
575 1810 695 1846 anno,
728 1797 779 1837 A.
818 1796 989 1845 Manlio,
1021 1797 1066 1837 P.
1093 1798 1297 1847 Cornelio,
1328 1799 1380 1840 T.
1405 1801 1443 1839 &
1466 1803 1504 1833 U·
1524 1814 1553 1835 c.
1572 1811 1645 1842 3702

149 1850 197 1889 L.
222 1851 429 1909 Qinchis
460 1853 712 1907 Capitolinis,
743 1855 791 1894 L.
825 1855 986 1909 Papirio
1008 1856 1180 1895 Cursore
1201 1857 1362 1906 iterum,
1395 1858 1444 1899 C.
1465 1850 1505 1878 A.
1523 1850 1644 1899 0383.

148 1908 289 1963 Sergio
310 1910 456 1950 iterum
479 1912 648 1952 tribunis
675 1912 870 1952 consulari
903 1912 1111 1966 potestate,
1143 1929 1262 1969 grave
1294 1915 1443 1955 bellum
1463 1894 1648 1969 {323⁰ssss

151 1965 263 2016 foris,
295 1969 451 2022 gravior
472 1970 581 2009 domi
604 1970 742 2009 seditio
764 1981 926 2010 exorta:
956 1970 1107 2010 bellum
1131 1986 1150 2010 a
1172 1972 1345 2022 Volscis,
1377 1975 1445 2013 ad·
1466 1982 1539 2012 Mil.
1646 1962 1658 1971 δ

145 2023 290 2077 jundlit
310 2026 548 2066 Latinorum
571 2036 690 2080 atque
711 2028 986 2068 Hernicorum
1002 2028 1258 2078 defeRione3
1293 2030 1445 2081 seditio,
1466 2029 1573 2057 Bellum
1598 2029 1665 2058 Volo

151 2082 256 2121 unde
278 2083 445 2124 minime
473 2085 606 2125 timeri
627 2086 773 2140 potuit,
806 2101 826 2126 a
859 2086 1037 2139 patriciae
1063 2088 1193 2141 gentis
1214 2087 1299 2128 viro
1323 2092 1365 2131 &-
1387 2074 1542 2129 in-s‘m'

153 2239 207 2279 (2)
231 2240 399 2281 Postquam
422 2242 571 2284 Nepesmi
589 2244 739 2283 Etruscis,
762 2245 879 2287 quibus
901 2246 931 2277 se
946 2245 1149 2285 dediderant,
1170 2248 1365 2280 constantius
1391 2249 1448 2281 ad·

154 2285 274 2315 haerere
302 2285 505 2325 videbantur,
528 2289 626 2329 quam
651 2298 685 2321 ut
712 2290 807 2322 fidem
831 2303 906 2332 erga
922 2294 1097 2329 Romanos,
1128 2303 1269 2333 quorum
1287 2294 1361 2324 socii
1378 2297 1447 2326 fue-

154 2336 238 2365 rant,
260 2330 457 2369 praestarent.
482 2335 516 2364 E.
561 2335 616 2375 (3)
640 2336 813 2376 Frequenti
827 2345 989 2368 conventu
1002 2337 1198 2368 Latinorum
1212 2339 1446 2370 Hernicorum-

152 2384 227 2413 que.
274 2374 329 2413 (4)
352 2376 426 2406 Non
441 2377 579 2415 4ἰΠΠᾶὶὶῐῐὶ
595 2379 787 2421 capiendum
813 2381 855 2412 est
880 2383 956 2412 bellis
981 2384 1140 2419 exhauriri,
1162 2383 1215 2413 sed
1231 2386 1362 2425 totficper
1385 2387 1446 2414 alia

150 2421 217 2448 alu's
233 2419 310 2449 bellis
326 2419 364 2469 sc.
389 2421 601 2461 existentibus,
623 2424 811 2457 orientibus.
836 2426 938 2457 Causa
955 2426 1041 2457 enim
1066 2438 1124 2458 cur
1144 2428 1212 2459 haec
1229 2428 1322 2469 pestis
1339 2429 1445 2460 adhae-

154 2473 225 2512 rens
242 2463 334 2494 lateri
351 2464 513 2496 exhauriri
530 2468 700 2508 nequierit,
722 2469 777 2501 illa
794 2479 875 2507 erat,
896 2472 985 2511 quod
1003 2479 1051 2502 tot
1074 2472 1135 2503 alia
1152 2473 1245 2514 super
1270 2472 1331 2504 alia
1359 2474 1445 2504 bella

151 2508 327 2556 existerent.
373 2510 461 2551 Saepe
478 2512 684 2553 participium
709 2515 801 2545 verbi
819 2515 1005 2546 substantivi
1022 2527 1080 2557 per
1101 2517 1225 2558 ellipsin
1248 2517 1443 2560 subintelligi

151 2553 237 2583 solet.
283 2554 338 2593 (5)
362 2555 435 2585 Hoc
453 2554 637 2596 responsum
651 2558 801 2589 Patribus
812 2560 875 2591 tale
891 2560 995 2591 visum
1011 2561 1083 2598 fuit,
1106 2570 1141 2592 ut
1159 2570 1322 2603 putarent,
1343 2564 1444 2604 magis

151 2605 276 2637 tempus
302 2609 367 2628 non
391 2599 452 2630 effe
468 2600 589 2632 bellum
605 2602 641 2633 iis
658 2602 829 2639 inferendi,
854 2604 952 2645 quam
975 2605 1087 2647 justam
1103 2607 1229 2639 causam
1255 2607 1339 2639 illius
1363 2609 1443 2638 infc-

152 2642 243 2672 rendi
263 2641 317 2672 fibi
335 2643 445 2675 deess'e.

206 2685 325 2725 ToM.
350 2687 401 2725 II.
817 2691 855 2731 C
1327 2696 1442 2749 clytae
