1832 3137
390 277 1005 319 LIBERI.CAP.
1066 281 1196 321 LVII.
1615 288 1663 333 81,

160 400 280 436 venes,
310 388 462 442 ‹stulum
495 388 609 426 matri
635 387 776 426 tulerit.
836 388 1064 442 Tarquinii,
1095 400 1138 430 ut
1175 392 1336 442 Sextus,
1374 393 1442 446 qui

160 446 305 486 Romae
320 444 483 484 relictus
500 443 644 492 fuerat,
662 444 823 498 ignarus
846 446 1014 499 responsi
1047 448 1263 501 expersque
1286 450 1442 503 imperii

158 504 264 551 effet,
281 514 364 541 rem
382 500 535 540 summa
566 515 642 553 ope
676 502 796 540 taceri
829 502 997 556 jubent3
1031 504 1097 557 ipsi
1132 506 1234 545 inter
1270 506 1322 555 se,
1356 517 1443 547 uter

159 560 282 613 prior,
297 572 424 611 quum
447 559 624 598 Romam
641 559 837 607 rediffent‚
860 561 975 598 matri
991 561 1170 601 osculum
1200 564 1324 611 daret,
1351 564 1443 603 sorti

159 617 407 670 permittunt.
469 616 618 655 Brutus
640 613 717 655 alio
735 625 842 655 ratus
864 616 1039 669 spectare
1061 619 1269 673 Pythicam
1286 635 1444 672 vocem,

159 674 267 712 velut
289 673 312 712 fi
331 673 534 726 prolapsus
552 672 761 721 cecidisset,
780 684 925 712 terram
954 674 1087 714 osculo
1119 677 1285 731 contigit
1305 694 1313 717 :
1344 678 1445 717 scili-

157 739 235 779 cet,
265 729 375 783 quod
396 744 441 770 ea
463 730 689 770 communis
710 740 836 770 mater
856 731 1039 770 omnium
1075 733 1301 772 mortalium
1338 736 1443 774 effet.

159 787 355 827 Reditum
392 788 483 827 inde
520 788 714 836 Romam,
746 787 813 827 ubi
843 786 1030 829 adversus
1064 789 1241 830 Rutulos
1294 789 1443 840 bellum

159 844 313 884 summa
332 846 369 884 vi
387 844 610 898 parabatur.

216 902 366 942 LVII..
384 900 561 942 Ardeam
579 902 725 941 Rutuli
746 902 961 954 habebant,
992 918 1104 958 gens,
1136 913 1180 943 ut
1209 905 1249 943 in
1277 906 1323 945 ea
1343 907 1445 961 regi-
1464 927 1568 956 Bellum
1584 938 1639 957 cum

158 973 234 999 one
269 970 386 1012 atque
423 960 464 998 in
499 960 545 999 ea
580 970 710 1009 aetate,
741 960 887 1000 divitiis
916 963 1165 1015 praepollens.
1202 977 1328 1016 eaque
1365 965 1445 1018 ipsa
1463 973 1579 1003 Rutulis.

153 1016 268 1056 causa
289 1016 383 1057 belli
411 1016 503 1065 fuit,
535 1015 645 1070 quod
668 1032 736 1057 rex
760 1017 973 1058 Romanus
996 1028 1082 1058 tum
1113 1019 1192 1072 ipse
1215 1020 1346 1069 ditari,
1377 1036 1446 1061 ex·-

156 1073 320 1114 haustus
357 1073 655 1129 magnificentia
694 1075 947 1129 publicorum
984 1091 1166 1130 operum,
1198 1087 1284 1116 tum
1314 1081 1445 1131 praeda

156 1131 321 1171 delinire
357 1132 611 1186 popularium
652 1133 806 1172 animos
843 1133 1048 1182 studebat3
1081 1144 1223 1187 praeter
1245 1138 1306 1188 (1)
1328 1136 1446 1176 aliam,

156 1188 394 1242 superbiam,
426 1204 550 1244 regno
572 1189 735 1230 infestos
757 1191 878 1229 etiam
895 1189 1005 1244 quod
1027 1192 1064 1230 se
1087 1192 1127 1230 in
1145 1191 1349 1231 fabrorum
1371 1195 1446 1232 rni-

156 1246 325 1287 nisteriis
353 1262 398 1287 ac
421 1247 548 1287 servili
581 1247 734 1287 tamdiu
755 1247 911 1288 habitos
932 1263 1051 1302 opere
1081 1249 1128 1288 ab
1150 1263 1241 1303 rege
1264 1250 1445 1304 indigna-

155 1303 312 1343 bantur.
372 1305 546 1344 Tentata
578 1319 640 1345 res
675 1304 746 1353 est,
779 1305 803 1343 fi
837 1306 965 1359 primo
999 1307 1151 1359 impetu
1185 1307 1272 1359 capi
1312 1308 1444 1346 Ardea

155 1361 289 1413 poffet.
309 1361 376 1401 ubi
399 1363 437 1401 id
463 1376 605 1415 parum
627 1362 822 1415 proceffit,
853 1363 1054 1402 obfidione
1076 1363 1444 1416 munitionibusque

156 1419 280 1471 coepti
301 1419 428 1472 premi
463 1419 607 1459 hostes.
668 1420 715 1458 In
749 1420 795 1458 iis
817 1419 978 1469 stativis,
1010 1430 1053 1459 ut
1086 1420 1131 1459 fit
1163 1421 1283 1474 longo
1319 1421 1444 1475 magis

155 1478 278 1528 quam
296 1477 375 1516 acri
396 1476 514 1524 bello,
546 1476 635 1515 satis
649 1475 761 1516 liberi
779 1487 1025 1516 commeatus
1047 1480 1108 1530 (2)
1129 1487 1264 1517 erant:
1295 1479 1444 1530 primo-

155 1532 264 1573 ribus
286 1543 420 1573 tamen
457 1534 599 1587 magis,
631 1535 753 1587 quam
775 1534 981 1573 militibus.
1043 1534 1163 1588 Regii
1185 1535 1348 1586 quidem
1376 1536 1443 1589 ju-

156 1604 274 1631 venes
296 1591 498 1630 interdum
519 1591 647 1630 otium
668 1591 859 1630 conviviis
895 1591 1316 1644 comeffatioiiibusque
1340 1592 1443 1631 inter

157 1647 194 1687 se
216 1648 407 1688 terebant.
468 1645 586 1687 Forte
601 1647 830 1701 potantibus
851 1647 912 1687 his
930 1649 1035 1701 apud
1051 1648 1142 1687 Sex.
1157 1649 1441 1701 Tarquinium,
1464 1657 1598 1687 Contentio
1616 1670 1659 1687 rea

157 1704 224 1744 ubi
255 1707 294 1745 &
313 1705 537 1746 Collatinus
575 1705 761 1744 coenabat
792 1705 1053 1757 Tarquinius,
1084 1706 1216 1759 Egerii
1237 1709 1299 1759 (3)
1322 1705 1441 1755 filius,
1455 1704 1561 1741 gf⁰r¹⁰⁷¹
1576 1705 1659 1742 juve*

154 1762 295 1802 incidit
315 1764 363 1802 de
398 1762 588 1802 uxoribus
611 1762 786 1802 mentio:
818 1762 927 1801 suam
949 1762 1114 1815 quisque
1136 1763 1296 1802 laudare
1332 1764 1441 1803 miris
1459 1759 1520 1820 2¹2?
1531 1748 1662 1776 deumn-

155 1820 297 1859 modis.
321 1820 412 1859 inde
449 1820 666 1859 certamine
688 1819 867 1867 accenso,
899 1819 1122 1860 Collatinus
1158 1830 1292 1874 negat,
1323 1821 1444 1860 verbis
1505 1812 1512 1821 ⁸

155 1888 240 1930 opus
261 1878 320 1933 ‘ff'
334 1900 346 1922 ,-
372 1879 503 1930 paucis
523 1878 563 1916 id
591 1877 740 1931 quidem.
767 1877 865 1916 horis
877 1878 1082 1932 peff’sciri,
1113 1877 1289 1930 quantam
1316 1880 1443 1917 ceteris

151 1935 289 1990 prastet
309 1935 489 1975 Lucretia
508 1937 592 1990 sila.
658 1934 784 1990 Qcin,
799 1934 841 1989 ſs
860 1937 965 1988 vigor
971 1937 1139 1989 juventa>
1158 1935 1256 1989 inqst,
1287 1951 1347 1974 con
1363 1951 1443 1975 cen-

155 1993 276 2031 dimus
310 2009 426 2046 equos,
457 1992 708 2047 invg'fingsque
733 1993 921 2046 pra-’sentes
952 1992 1152 2048 nqstrarum
1182 1992 1325 2046 ingenia
1344 1996 1364 2030 ,Ρ
1398 1993 1446 2032 Id

157 2049 240 2106 (4)
261 2052 387 2103 cuique
405 2049 700 2105 speHatgffimum
723 2049 792 2103 fit,
824 2050 917 2103 quod
934 2052 1133 2102 necopinato
1165 2051 1244 2088 viri
1282 2051 1442 2089 adventu

153 2109 351 2146 occurrerit
382 2108 502 2147 oculis.
563 2108 814 2146 Incaluerant
842 2107 948 2147 vino.
984 2123 1049 2160 age
1064 2104 1176 2161 sanc,
1208 2109 1269 2160 (5)
1288 2121 1440 2146 omnes.

155 2165 284 2204 citatis
305 2165 419 2218 equis
442 2166 599 2204 avolant
622 2165 811 2204 Romam.
872 2161 970 2222 Qo
988 2179 1130 2217 quum,
1160 2165 1297 2217 primis
1320 2164 1355 2203 se
1383 2165 1443 2203 in-

154 2222 410 2262 tendentibus
444 2222 631 2270 tenebris,
663 2221 938 2275 perveniffent,
971 2231 1142 2275 pergunt
1164 2222 1254 2260 inde
1276 2222 1442 2262 Collati-

156 2293 244 2319 am:
276 2279 342 2318 ubi
360 2279 604 2328 Lucretiam,
635 2278 947 2332 haudquaquam
970 2288 1013 2318 ut
1035 2279 1161 2333 regias
1183 2292 1322 2327 nurus,
1345 2293 1441 2331 quas

155 2337 195 2374 in
218 2337 400 2376 convivio
421 2338 599 2390 luxuque
628 2350 722 2376 cum
751 2336 971 2389 aequalibus
1006 2337 1185 2376 viderant
1206 2346 1363 2388 tempus
1385 2346 1443 2375 te·-

201 2453 238 2483 C.
262 2461 315 2490 57.
333 2453 388 2493 (1)
411 2453 522 2483 Animi
550 2452 756 2494 popularium
771 2451 872 2483 infesti
899 2461 989 2484 erant
1018 2464 1115 2495 regno
1139 2451 1320 2493 Tarquinii,
1342 2452 1441 2491 quod,

156 2504 274 2537 praeter
296 2496 390 2528 aliam
414 2497 480 2538 ejus
497 2497 687 2539 superbiam,
710 2496 959 2539 indignabantur
984 2499 1043 2531 ὅτε.
1088 2498 1143 2538 (2)
1169 2499 1327 2527 Commeatus
1340 2496 1381 2526 est
1398 2498 1442 2525 fa-

155 2541 256 2572 cultas
273 2552 368 2581 quam
397 2543 517 2582 praebet
535 2542 628 2572 militi
652 2542 838 2583 imperator,
862 2542 1028 2573 recedendi
1052 2543 1092 2573 ad
1116 2550 1240 2582 tempus
1271 2552 1289 2571 a
1315 2540 1438 2570 militia.

155 2587 210 2627 (3)
235 2587 352 2627 Nepos,
387 2586 558 2617 secundum
585 2586 781 2629 Dionyfium.
827 2587 881 2627 (4)
906 2588 941 2617 Id
967 2598 1026 2628 pro
1053 2585 1221 2617 certissimo
1248 2586 1441 2615 documento

158 2629 276 2671 ingenii
292 2631 444 2672 cujusque
460 2630 627 2668 habeatur,
650 2632 737 2672 quod
751 2631 927 2662 occurrerit
945 2631 1054 2667 oculis,
1072 2631 1144 2661 viro
1156 2630 1323 2671 inopinato
1335 2630 1441 2670 super-

157 2674 311 2706 veniente.
344 2678 527 2717 Necopinatus
555 2686 616 2716 pro
643 2679 793 2717 inopinatus
820 2675 932 2706 Livius
960 2675 1207 2716 frequentiffime
1224 2674 1362 2706 adhibet.
1392 2672 1442 2702 Sic

156 2720 176 2748 l.
194 2728 221 2756 4.
239 2730 263 2749 c.
282 2729 333 2758 27.
381 2722 435 2762 (5)
459 2720 567 2753 Verba
584 2720 654 2752 sunt
672 2719 815 2751 omnium
839 2720 1087 2752 assentientium.

212 2780 330 2822 TOM.
354 2780 385 2821 I.
855 2781 897 2823 G
1311 2786 1439 2817 rentes.
