1853 3158
123 283 207 323 288

124 395 164 424 U.
183 404 210 425 c.
227 401 307 432 321.

122 442 168 470 A.
183 441 217 470 C.
232 447 306 476 431.

120 484 159 514 C.
174 481 262 525 Julio
280 483 329 511 111.

121 529 161 558 L.
179 525 329 567 Virginio

122 574 160 603 u.
180 570 263 604 Coss'.

138 1319 274 1350 ,Οέίὶιιίον

138 1361 343 1394 ΔῙαιη.]Έηιί-

138 1411 199 1438 Cium

798 275 870 321 .T.
931 274 1189 317 LIVII

405 389 563 431 XXIII.
596 388 770 430 Eosdem
793 390 976 430 consules
998 388 1221 443 insequenti
1239 400 1345 428 anno
1361 385 1554 436 refecios,
1574 385 1648 439 Juae
1672 422 1674 425 ,

347 448 447 488 lium
483 446 668 496 tertium,
703 447 937 500 Virginium
959 448 1122 496 iterum,
1154 447 1261 500 apud
1283 448 1346 499 (ι)
1367 445 1557 486 Macrum
1579 444 1651 483 Li-³

348 506 502 546 ciuium
520 505 694 544 invenio.
754 504 945 544 Valerius
962 505 1111 544 Antias
1130 506 1167 544 8<
1184 502 1427 561 QTubero
1444 503 1508 541 M.
1525 502 1653 541 Man«

347 564 448 603 lium
466 565 507 602 δε
530 563 591 618 Q
605 561 834 614 Sulpicium
855 561 1038 602 consules
1060 562 1102 601 in
1122 575 1217 601 eum
1244 574 1397 599 annum
1417 559 1557 598 edunt.
1586 570 1652 596 ce-

348 619 483 660 terum
502 620 542 658 in
560 629 643 658 tam
672 618 920 672 discrepante
937 619 1113 658 editione
1132 621 1169 658 &
1192 617 1361 657 Tubero
1384 619 1424 657 δι
1440 615 1585 655 Macer
1605 614 1654 653 li·-

348 678 442 717 bros
463 677 608 716 linteos
640 676 826 716 auctores
854 675 1124 729 profitentur:
1155 684 1315 723 neuter,
1346 673 1529 713 tribunos
1550 670 1658 711 mili-

349 747 440 774 tum
465 748 514 774 eo
535 748 642 773 anno
664 733 793 782 fuisse,
824 732 1052 772 tradituma
1069 730 1330 786 scriptoribus
1349 729 1526 783 antiquis
1553 728 1658 768 diffi-

352 793 494 832 mulat.
555 791 715 831 Licinio
736 790 859 830 libros
875 790 984 829 haud
999 788 1120 829 dubie
1138 788 1249 842 sequi
1269 788 1414 828 linteos
1436 788 1590 841 placet:
1615 787 1654 825 &

350 849 518 889 Tubero
553 849 731 888 incertus
764 848 847 887 veri
868 847 939 886 est.
962 847 1028 886 sed
1064 847 1171 885 inter
1191 855 1338 893 cetera,
1368 844 1564 884 vetustate
1596 841 1658 882 in-

353 915 578 959 comperta,
608 905 687 945 hoc
709 918 872 958 quoque
890 904 932 943 in
961 904 1115 944 incerto
1139 903 1325 957 politum.
1385 901 1656 954 Trepidatum

353 964 397 1004 in
418 963 579 1003 Etruria
594 963 651 1002 est
676 962 764 1015 post
783 963 955 1001 Fidenas
972 971 1125 1014 captas,
1156 974 1239 1000 non
1262 958 1506 1015 Vejentibus
1527 956 1660 996 solum

353 1021 554 1061 exterritis
572 1029 683 1059 metu
706 1019 841 1058 similis
854 1019 1019 1068 excidii,
1050 1018 1116 1057 sed
1137 1018 1259 1057 etiam
1280 1016 1443 1056 Faliscis
1465 1012 1661 1054 memoria

356 1078 446 1118 initi
465 1074 601 1131 primo
614 1090 710 1116 cum
732 1076 780 1115 iis
795 1076 889 1115 belli
904 1092 915 1123 ;
939 1088 1173 1127 quanquam
1190 1072 1476 1113 rebellantibus
1493 1086 1575 1111 non
1592 1072 1662 1110 ad-

357 1135 534 1175 fuerant.
574 1134 706 1188 Igitur
722 1147 849 1185 quum
867 1133 958 1171 duae
979 1132 1174 1179 civitates,
1193 1129 1335 1185 legatis
1351 1129 1455 1169 circa
1478 1132 1539 1182 (2)
1561 1130 1662 1167 duo-

358 1192 492 1232 decim
513 1192 685 1244 populos
707 1189 842 1239 missis,
874 1189 1164 1241 impetrassent,
1196 1196 1242 1226 ut
1268 1187 1319 1226 ad
1340 1189 1403 1240 (3)
1423 1186 1664 1225 Voltumnae

360 1249 504 1289 fanum
521 1249 768 1288 indiceretur
787 1247 901 1286 omni
921 1246 1095 1285 Etruriae
1116 1244 1362 1291 concilium3
1385 1243 1495 1282 velut
1516 1255 1666 1296 magno

360 1307 454 1346 inde
477 1307 656 1345 tumultu
674 1305 930 1355 imminente,
963 1303 1122 1342 senatus
1138 1303 1269 1342 Mam.
1297 1300 1515 1340 AEmilium
1537 1299 1666 1338 dicta-

360 1374 492 1404 torem
528 1363 678 1403 iterum
709 1362 788 1402 dici
817 1361 940 1416 justit.
974 1360 1022 1400 ab
1050 1374 1098 1400 eo
1131 1360 1185 1399 A.
1205 1358 1438 1398 Postumius
1458 1356 1668 1397 Tubertus

361 1420 551 1476 magister
584 1419 772 1474 equitum
807 1418 865 1458 est
898 1417 1034 1457 dietus
1052 1434 1064 1465 ;
1094 1416 1330 1468 bellumque
1366 1423 1479 1454 tanto
1499 1415 1669 1468 majore,

361 1477 485 1532 quam
521 1478 707 1532 proximo
734 1479 811 1530 (4),
843 1485 992 1515 conatu
1029 1482 1268 1527 apparatum
1301 1471 1374 1521 est,
1405 1480 1557 1524 quanto
1579 1472 1671 1524 plus

361 1546 447 1576 erat
468 1535 516 1575 ab
548 1535 661 1575 omni
681 1533 843 1574 Etruria
878 1532 1062 1586 periculi,
1095 1532 1222 1584 quam
1251 1529 1301 1571 ab
1331 1528 1490 1569 duobus
1511 1528 1672 1582 populis

363 1593 510 1634 fuerat.

422 1650 584 1692 XXIV.
616 1649 675 1689 Ea
694 1662 757 1688 res
778 1647 986 1700 aliquanto
1017 1645 1317 1699 exspectatione
1340 1643 1526 1685 omnium
1563 1652 1674 1686 tran-

365 1708 527 1762 quillior
548 1706 639 1746 fuit.
701 1706 844 1758 Itaque
867 1718 995 1757 quum
1030 1703 1315 1743 renunciatum
1338 1717 1360 1741 a
1381 1700 1673 1740 mercatoribus

364 1766 476 1816 effet,
507 1774 653 1818 negata
690 1761 933 1817 Vejentibus
969 1761 1133 1809 auxilia,
1170 1759 1372 1814 juffosque
1407 1758 1476 1798 suo
1510 1757 1674 1798 consilio

365 1823 518 1863 bellum
536 1822 683 1860 initum
700 1820 778 1859 suis
792 1818 943 1858 viribus
963 1817 1144 1870 exsequi,
1166 1831 1242 1856 nec
1263 1816 1517 1856 adversarum
1536 1828 1676 1854 rerum

369 1892 549 1933 quaerere
571 1878 713 1925 socios,
744 1891 840 1916 cum
874 1875 1020 1929 quibus
1044 1877 1104 1929 (1)
1126 1874 1236 1927 spem
1258 1874 1457 1927 integram
1490 1886 1674 1913 commu-

369 1936 495 1978 nicati
526 1949 609 1975 non
643 1935 743 1976 sint:
772 1943 861 1973 tum
900 1933 1094 1983 dictator,
1124 1946 1174 1971 ne
1209 1931 1484 1984 nequicquam
1517 1937 1677 1970 creatus

1566 1986 1680 2037 effet,

421 2111 458 2142 C.
476 2120 526 2151 23.
542 2109 598 2151 (1)
614 2109 804 2151 Cognomen
821 2106 946 2139 nomini
960 2106 1175 2150 praeponitur‚
1198 2113 1234 2137 ut
1252 2105 1334 2146 saepe
1351 2101 1437 2136 alitis.
1482 2104 1532 2134 De
1549 2101 1677 2133 Licinio

375 2158 506 2193 Macro,
528 2155 592 2188 vid.
610 2162 677 2184 not.
703 2163 752 2185 12.
768 2154 810 2184 ad
832 2165 857 2183 c.
878 2163 910 2190 7.
925 2152 1030 2193 supra.
1076 2154 1125 2183 De
1143 2150 1275 2182 Valerio
1291 2149 1438 2186 Antiate,
1459 2148 1525 2178 vid.
1548 2155 1615 2178 not.
1645 2157 1678 2185 3.

375 2202 418 2231 ad
442 2211 467 2230 c.
489 2210 520 2238 5.
538 2200 557 2229 l.
579 2209 607 2239 3.
655 2199 866 2229 Tuberonem
883 2205 992 2228 autem
1016 2197 1127 2227 laudat
1144 2194 1318 2236 Dionyfius
1343 2193 1453 2225 versus
1477 2192 1574 2223 finem
1602 2190 1678 2221 libri

376 2244 493 2287 primi:
519 2243 608 2284 isque
625 2243 755 2273 videtur
772 2241 864 2272 fuisse
885 2241 1021 2271 Tubero
1044 2240 1108 2278 ille,
1131 2251 1197 2281 quo
1218 2238 1387 2270 accusante
1402 2237 1517 2269 Cicero
1533 2235 1681 2267 defendit

377 2288 553 2330 Ligarium.
601 2288 657 2329 (2)
681 2286 816 2317 Etruriae
833 2286 868 2315 in
884 2284 1058 2316 duodecim
1071 2285 1211 2327 populos
1224 2283 1337 2315 divisio
1348 2290 1428 2313 nota
1443 2280 1495 2312 est.
1511 2280 1577 2311 vid.
1592 2279 1681 2311 infra

378 2334 403 2365 l.
421 2343 452 2372 5.
478 2344 504 2363 c.
522 2343 574 2371 33.
624 2334 737 2374 Qum
753 2338 863 2361 autem
887 2341 924 2361 ex
948 2329 986 2360 iis
1002 2331 1079 2366 duo,
1101 2330 1253 2371 Vejentes
1270 2329 1302 2358 &
1316 2326 1438 2362 Falisci.
1461 2326 1582 2367 legatos
1595 2325 1683 2355 circa

379 2377 522 2417 reliquos
539 2375 649 2407 mififfe
662 2375 824 2412 dicantur,
839 2373 944 2405 videri
956 2374 1057 2415 poss‘et
1074 2374 1274 2415 praeferenda
1284 2372 1345 2403 effe
1360 2371 1458 2403 lec'tio
1472 2369 1683 2411 quorundam

379 2422 541 2458 codicum,
562 2424 637 2451 circa
663 2423 748 2451 decem
771 2421 896 2461 populos.
942 2419 1004 2449 Sed
1030 2419 1201 2460 vulgatum
1226 2417 1422 2448 servandum
1437 2415 1490 2453 est,
1515 2415 1548 2445 ὃς
1568 2414 1682 2445 eodem

380 2468 479 2498 modo
497 2465 733 2506 accipiendum,
754 2474 820 2504 quo
838 2466 983 2494 Pindarus
1009 2476 1157 2504 novemque
1172 2464 1277 2505 Lyrici
1302 2461 1384 2492 dixit
1412 2462 1542 2492 Petron.
1569 2459 1604 2489 in
1621 2459 1684 2489 Sat.

381 2522 412 2542 c.
423 2520 450 2542 2.
482 2511 537 2550 (3)
549 2510 605 2540 Ad
618 2510 713 2550 hujus
723 2509 791 2539 deae
804 2510 917 2539 fanum
933 2508 1110 2539 convenire
1125 2508 1271 2538 solebant
1288 2504 1414 2537 Etrusci
1430 2503 1558 2546 populi,
1571 2513 1684 2544 quem·

383 2556 560 2587 admodum
572 2553 681 2585 Latini
693 2554 734 2584 ad
750 2553 861 2583 lucum
874 2552 1062 2583 Ferentinae.
1092 2552 1148 2594 (4)
1172 2550 1360 2582 Gronovius
1377 2549 1493 2591 reponi
1506 2548 1577 2580 vult
1592 2556 1687 2590 prox-

383 2600 445 2637 imk,
468 2598 492 2630 i.
507 2610 535 2630 e.
554 2597 751 2640 nuperrime.
798 2598 859 2629 Sed
875 2597 922 2628 nil
937 2597 1145 2628 mutandum.
1161 2595 1413 2637 subintelligitur
1430 2593 1525 2625 bello.
1548 2594 1587 2623 E.

431 2661 467 2692 C.
488 2669 538 2698 24.
553 2660 609 2701 (1)
625 2661 720 2701 Spem
731 2659 808 2690 belli
821 2658 1006 2701 incipientis
1020 2658 1109 2690 null&
1119 2659 1226 2690 adhuc
1239 2658 1330 2690 clade
1345 2656 1558 2688 imminutam.
1607 2655 1686 2684 Com-

384 2707 519 2739 municati
532 2706 604 2749 fiat,
628 2715 690 2748 pro
706 2703 1030 2737 communicaverint.
1078 2703 1232 2738 Similiter
1237 2704 1381 2746 flufiuari
1400 2701 1491 2735 sensu
1507 2699 1617 2733 aestivo
1633 2709 1687 2748 ος·

1583 2751 1686 2776 currit
