1853 3158
127 273 207 322 278

840 266 892 310 T.
952 267 1211 310 LIVII

347 397 415 437 que
434 384 630 435 imperium
644 383 844 422 habentem.
908 382 997 422 Non
1012 393 1082 436 pro
1088 383 1225 436 scelere
1241 381 1282 422 id
1296 381 1429 436 magis,
1460 379 1574 434 qu2zm
1587 391 1659 434 pro

349 440 514 495 morssro,
547 440 763 480 habendum.
827 439 908 479 Nec
929 441 1029 494 satis
1052 441 1114 496 ff
1135 441 1323 495 stmguine
1357 441 1435 494 ejus
1456 439 1659 492 expiatum,

348 497 415 550 m'ſj
443 501 536 536 ΐεὲῗα
567 498 805 551 parietesque,
837 499 939 536 intra
975 513 1052 551 quae
1082 507 1230 538 tantum
1251 498 1417 537 amentiae
1450 504 1656 548 conceptum

347 555 439 610 (ffel,
470 553 756 608 dgfflparentur;
792 557 853 609 (8)
875 556 1045 609 bonaque,
1076 559 1240 595 contac‘ia
1264 556 1399 608 pretiis
1432 554 1537 607 regni
1559 568 1658 592 mer-

348 612 472 660 candi,
495 612 792 664 publicarentur.
803 614 938 666 jubere
957 615 1094 667 itaque,
1114 612 1298 669 qzttssores
1317 611 1474 652 vendere
1488 626 1530 650 ea
1549 611 1656 659 bona,

349 678 457 723 atque
477 671 516 707 in
530 670 719 722 publicum
740 670 915 722 redigere.

408 726 526 766 XVI.
559 727 747 766 Domum
780 722 943 777 deinde,
976 735 1020 766 ut
1057 736 1326 766 monumento
1349 740 1440 766 area
1469 725 1564 765 esset
1585 737 1660 777 op-

351 785 488 838 prefl‘ae
520 784 685 825 nefariae
705 785 801 838 spei,
833 785 938 824 dirui
970 785 1175 837 extemplo
1204 783 1327 839 jussit.
1365 784 1406 822 id
1429 786 1489 837 (1)
1510 782 1661 834 AEqui-

350 842 531 881 maelium
546 844 792 895 appellatum
808 842 877 881 est.
893 843 942 882 L.
956 842 1171 881 Minucius
1186 841 1289 881 bove
1310 843 1372 894 (2)
1390 849 1530 879 aurato
1549 847 1662 878 extra

350 909 508 952 portam
522 899 804 954 Trigeminam
826 899 882 939 est
905 901 1093 946 donatus,
1125 912 1175 938 nc
1196 897 1312 952 plebe
1330 898 1497 950 quidem
1518 895 1661 946 invita,

350 956 445 1008 quia
460 956 714 995 frumentum
733 957 988 1004 Maelianum,
1007 956 1150 996 affibus
1167 956 1208 995 in
1223 955 1382 995 modios
1398 954 1661 1003 aestimatum,

349 1013 457 1067 plebi
479 1014 619 1052 divisit.
682 1014 808 1053 Hunc
832 1014 1082 1062 Minucium,
1114 1014 1221 1066 apud
1239 1012 1434 1066 quosdam
1454 1011 1662 1060 auetores,

350 1071 523 1113 transisse
546 1085 567 1109 a
590 1070 774 1111 Patribus
795 1072 845 1109 ad
867 1070 1043 1123 plebem,
1075 1070 1420 1122 undecimumque
1449 1068 1660 1108 tribunum

350 1127 478 1181 plebis
511 1137 747 1181 cooptatum
768 1127 1023 1178 seditionem,
1056 1137 1209 1166 motam
1245 1141 1293 1165 ex
1316 1126 1512 1166 Maeliana
1533 1126 1660 1174 caede,

350 1185 511 1233 sedasse,
543 1185 720 1224 invenio.
784 1183 982 1225 Ceterum
1018 1184 1083 1223 vix
1114 1184 1304 1224 credibile
1336 1183 1410 1234 est,
1442 1195 1662 1221 numerum

350 1242 608 1282 tribunorum
629 1242 770 1282 Patres
786 1242 924 1296 augeri
941 1242 1084 1295 passos,
1116 1242 1238 1294 idque
1256 1237 1505 1295 potissimum
1526 1253 1664 1279 exem-

351 1300 465 1352 plum
488 1314 508 1338 a
527 1299 695 1352 patricio
717 1299 883 1339 homine
905 1299 1189 1338 introductum
1207 1315 1219 1346 3
1252 1312 1326 1338 nec
1349 1298 1495 1338 deinde
1515 1297 1556 1335 id
1577 1297 1662 1350 ple—

350 1356 444 1397 bem
467 1358 696 1396 concefl'um
728 1357 848 1396 semel
885 1356 1097 1396 obtinuiffe
1131 1357 1206 1410 (3),
1241 1363 1311 1396 aut
1345 1352 1452 1394 certe
1482 1354 1661 1393 tentasse.

350 1413 418 1453 sed
440 1424 532 1454 ante
547 1415 684 1454 omnia
709 1417 767 1468 (4)
789 1413 938 1453 refellit
959 1413 1104 1453 falsum
1126 1413 1314 1466 imaginis
1335 1412 1500 1451 titulum
1522 1410 1662 1464 paucis

349 1471 443 1511 ante
467 1472 584 1512 annis
601 1473 689 1526 lege
713 1481 896 1521 cautum,
917 1485 968 1510 ne
990 1470 1163 1510 tribunis
1186 1471 1383 1524 collegam
1406 1476 1595 1522 cooptare
1618 1467 1666 1506 li-

352 1538 478 1568 ceret.
502 1530 575 1586 Q
598 1528 805 1579 Caecilius,
839 1529 913 1585 Q
933 1528 1096 1580 Junius,
1127 1527 1239 1567 Sext.
1271 1526 1470 1577 Titinius,
1502 1525 1574 1564 soli
1615 1538 1664 1564 ex

350 1586 523 1640 collegio
541 1586 799 1626 tribunorum
822 1600 953 1638 neque
976 1587 1152 1625 tulerant
1172 1586 1221 1624 de
1237 1583 1461 1625 honoribus
1483 1581 1665 1622 Minucii

350 1644 512 1697 Iegem;
551 1646 587 1683 &
624 1644 829 1683 criminari
862 1657 971 1683 nunc
1009 1642 1260 1690 Minucium,
1304 1655 1414 1681 nunc
1447 1639 1679 1681 Servilium

352 1702 459 1754 apud
477 1700 653 1754 plebem,
676 1701 872 1753 querique
896 1701 1104 1754 indignam
1123 1713 1265 1738 necem
1290 1698 1422 1738 Maelii
1439 1711 1522 1736 non
1545 1692 1666 1736 desti-

352 1767 497 1798 terant.
537 1759 798 1797 Pervicerunt
817 1757 952 1812 igitur,
975 1767 1019 1796 ut
1037 1756 1293 1795 tribunorum
1315 1755 1490 1805 militum
1512 1750 1666 1807 potius,

353 1818 478 1868 quarn
501 1815 731 1865 consulum,
762 1815 926 1855 comitia
961 1814 1233 1861 haberentur3
1265 1813 1375 1852 haud
1405 1811 1532 1861 dubii,
1564 1811 1664 1864 quin

353 1873 420 1912 sex
443 1873 541 1912 locis
566 1875 643 1925 (tot
660 1873 768 1911 enirn
786 1873 871 1926 jam
894 1875 956 1926 (5)
973 1871 1098 1912 creari
1116 1870 1276 1925 licebat)
1300 1873 1340 1910 ἀ-
1363 1868 1509 1924 plebeii
1524 1868 1665 1920 aliqui,

355 1928 585 1984 profitendo
624 1930 661 1970 se
696 1931 847 1970 ultores
885 1929 970 1970 fore
1005 1928 1208 1976 Maelianae
1246 1927 1383 1976 caedis,
1416 1934 1665 1967 crearentur.

1527 1982 1667 2032 Plebs,

359 2103 498 2144 taphora
523 2102 619 2135 etiam
648 2102 681 2133 in
706 2103 814 2134 nostro
843 2104 989 2134 sermone
1014 2103 1166 2141 frequens
1194 2100 1245 2132 est.
1281 2101 1316 2130 E.
1362 2098 1418 2141 (8)
1458 2099 1547 2129 Bona
1575 2097 1665 2129 velut

359 2148 552 2189 contagione
570 2147 711 2189 quadam
728 2147 841 2179 vitiata
858 2159 896 2178 ex
918 2146 1043 2178 domini
1065 2146 1193 2183 scelere,
1215 2144 1271 2186 qui
1295 2144 1358 2176 illis
1374 2143 1511 2175 mercari
1530 2152 1667 2185 regnum

360 2192 517 2224 voluerat.

406 2257 445 2286 C.
468 2255 516 2286 16.
532 2256 588 2296 (1)
612 2257 646 2286 Id
660 2255 713 2292 est,
735 2255 802 2286 solo
814 2262 941 2295 aequata
958 2253 1063 2285 Maelii
1074 2254 1198 2284 domus.
1246 2252 1300 2292 (2)
1318 2251 1463 2295 Qidam
1478 2249 1666 2292 intelligunt

360 2300 478 2330 bovem
496 2303 607 2331 auratis
632 2302 751 2331 cornibus
764 2314 773 2330 .·
800 2307 831 2331 at
849 2299 890 2330 fic
906 2299 1017 2339 inepta
1034 2300 1118 2329 foret
1147 2296 1270 2328 mentio
1287 2296 1359 2327 loci.
1406 2295 1530 2326 Plinius
1558 2302 1668 2326 autem

362 2345 514 2375 Nlinucio
535 2345 671 2376 statuam
688 2352 777 2375 extra
793 2352 923 2384 portam
944 2342 1166 2384 Trigeminam
1188 2348 1356 2372 memorat.
1402 2339 1472 2371 Alii
1488 2339 1587 2381 igitur
1613 2337 1667 2370 h'ic

359 2389 546 2431 intelligunt
564 2389 769 2420 simulacrum
783 2388 877 2419 bovis
893 2389 1093 2419 deauratum.
1140 2388 1262 2417 Eorum
1287 2393 1397 2417 autem
1410 2384 1602 2416 sententiam
1618 2394 1667 2414 re-

360 2434 441 2465 fellit
459 2434 576 2471 noster,
598 2433 715 2464 diserte
735 2433 844 2464 dicens
870 2433 993 2464 nullam
1011 2432 1146 2463 statuam
1162 2438 1309 2470 auratam
1322 2430 1356 2460 in
1372 2429 1463 2461 Italia
1479 2429 1579 2460 visam
1595 2427 1668 2467 effe,

362 2479 550 2519 priusquam
574 2490 592 2509 a
613 2479 672 2508 Μ’.
688 2477 797 2510 Acilio
816 2477 993 2509 Glabrione
1009 2476 1095 2518 patri
1118 2477 1297 2517 poneretur
1313 2475 1347 2505 in
1364 2475 1433 2506 aede
1445 2473 1587 2505 Pietatis.
1603 2472 1668 2504 vid.

361 2522 447 2553 infr-¹21
464 2524 485 2553 l.
508 2533 559 2561 40.
579 2534 604 2554 c.
633 2533 685 2561 34.
735 2525 846 2565 Qare
861 2521 1040 2553 verisimilis
1055 2520 1187 2552 videtur
1213 2520 1402 2561 conjectura
1417 2519 1591 2560 legendum
1607 2516 1668 2548 effe

362 2569 430 2598 bove
445 2580 478 2598 ac
487 2576 583 2609 prato.
630 2568 686 2609 (3)
701 2567 775 2598 Vid.
792 2567 889 2608 supra
911 2574 979 2597 not.
997 2566 1025 2598 8.
1041 2567 1082 2597 ad
1099 2577 1124 2597 c.
1143 2565 1224 2605 36.1.
1242 2575 1270 2604 3.
1316 2564 1371 2606 (4)
1394 2564 1430 2594 Id
1454 2563 1573 2604 probat
1586 2561 1669 2593 falso

364 2612 564 2653 adscriptum
586 2612 646 2644 effe
667 2612 799 2654 imagini
813 2611 956 2643 Minucii
973 2611 1105 2642 titulum
1129 2607 1327 2646 tribunatfis,
1349 2609 1440 2649 qued
1450 2608 1520 2649 lege
1537 2613 1668 2637 cautum

364 2659 486 2699 suerat,
508 2668 548 2688 ne
565 2658 624 2688 Sec.
654 2660 774 2700 Legem
801 2664 909 2688 autem
934 2655 1077 2698 intellige
1101 2654 1313 2690 Treboniam,
1335 2653 1375 2683 de
1391 2651 1454 2693 qua
1483 2652 1503 2682 1.
1521 2660 1549 2690 3.
1575 2662 1600 2682 c.
1618 2649 1669 2688 65.

365 2701 563 2742 Imaginibus
580 2702 758 2735 domesticis
773 2701 861 2732 tituli
874 2702 1039 2732 honorum
1051 2700 1275 2742 affigebantur,
1300 2699 1332 2728 &
1348 2697 1430 2738 saepe
1444 2695 1576 2737 quidem
1592 2693 1669 2725 falfi.

367 2745 432 2791 vid.
445 2746 533 2779 infra
545 2747 565 2779 1.
578 2746 606 2779 8.
619 2758 648 2779 c,
663 2757 714 2788 40.
742 2749 763 2780 l.
782 2755 835 2782 22·
853 2757 880 2779 c.
898 2755 949 2787 31.
967 2745 1021 2788 (5)
1036 2748 1147 2795 Antea
1163 2751 1227 2778 tres
1244 2742 1381 2788 tantum.>
1402 2741 1467 2774 vid.
1483 2738 1669 2826 ῐξιῶτὲΡξ-..ἕῖ

1617 2794 1628 2814 1
