1853 3158
5 2170 13 2340 k

346 267 627 313 LIBER
685 265 759 306 IX.
819 262 1001 305 CAP.
1060 264 1192 307 XLV.

114 388 270 443 postero
292 387 354 427 die
374 394 552 439 coeptum
572 381 810 436 oppugnari,
838 380 949 421 brevi
978 380 1146 433 capitur.
1166 377 1390 434 magnfique

118 446 244 500 glori&
278 458 411 484 rerum
440 441 640 496 gestarum
672 439 856 478 consules
877 437 1191 491 triumpharunt.
1251 436 1393 475 Minu-

120 504 229 543 cium
256 501 472 548 consulem,
504 499 564 551 (6)
585 510 678 535 cum
699 497 861 546 vulnere
882 495 990 550 gravi
1008 496 1178 534 relatum
1200 494 1241 532 in
1255 492 1396 539 castra,

121 564 341 607 mortuum,
372 557 532 610 quidam
560 553 743 593 auetores
774 553 877 602 sunt,
913 555 949 592 &
983 553 1044 592 M.
1063 551 1248 596 Fulvium
1270 551 1310 589 in
1338 550 1396 588 lo-

95 631 215 657 -cum
251 617 335 670 ejus
365 613 566 653 consulem
587 610 825 659 suffe&um:
858 613 898 650 δε
921 609 969 649 ab
990 623 1052 658 eo,
1084 623 1211 662 quum
1246 609 1296 647 ad
1330 620 1397 648 ex,-

122 675 291 725 ercitum
325 670 497 711 Minucii
528 668 660 708 miffus
688 667 794 715 effet,
824 666 1049 706 Bovianum
1085 676 1261 719 captum.
1320 664 1400 703 Eo-

123 725 215 782 dem
241 743 344 769 anno
376 728 492 778 Sora,
524 726 741 779 Arpinum,
770 723 1008 772 Censennia,
1038 732 1197 776 recepta
1218 722 1266 762 ab
1286 721 1401 762 Sam-

123 786 285 827 nitibus.
344 784 534 826 Herculis
559 795 750 838 magnum
772 783 783 827 (
792 783 834 834 7)
864 780 1117 819 simulacrum
1140 781 1180 818 in
1202 778 1402 833 Capitolio

124 845 294 899 politum
316 843 636 894 dedicatumque.

181 901 314 942 XLV.
345 900 392 940 P.
424 899 601 952 Sulpicio
634 895 883 944 Saverrione,
912 894 958 933 P.
986 893 1226 946 Sempronio
1247 896 1309 946 (1)
1330 892 1403 932 So-

124 960 205 1013 pho
244 957 485 1005 consulibus,
529 954 743 1002 Samnites,
774 952 841 991 seu
879 951 1019 1001 finem,
1064 951 1130 990 seu
1171 950 1403 989 dilationem

126 1017 220 1056 belli
242 1024 479 1069 quaerentes,
509 1014 659 1067 legatos
679 1011 727 1049 de
747 1023 844 1063 pace
872 1009 1048 1048 Romam
1081 1007 1235 1056 misere.
1258 1006 1403 1060 quibus

125 1073 355 1128 suppliciter
379 1070 594 1125 ‘agentibus
618 1066 849 1121 responsum
878 1066 951 1116 est,
980 1065 1047 1119 nffl
1065 1066 1159 1118 stepe
1178 1066 1305 1104 bellum
1332 1075 1403 1117 pa-

131 1140 256 1170 rantes
268 1139 394 1182 pacem
419 1128 583 1183 petiffi’nt
606 1126 800 1173 Samnites,
830 1125 985 1162 oratione
1013 1123 1107 1161 ultro
1127 1124 1283 1175 citroque
1302 1122 1405 1162 habi-

128 1189 187 1236 td,
216 1186 258 1226 de
270 1197 360 1240 pace
372 1184 524 1239 trfflfigi
534 1184 695 1237 pottcff’.
717 1197 826 1229 nunc,
857 1180 997 1233 quando
1017 1181 1127 1218 verba
1157 1195 1255 1218 vana
1277 1182 1339 1233 (ρ.)
1358 1179 1408 1219 ad

127 1246 169 1285 id
185 1242 337 1284 locorutiz
345 1243 512 1299 fuerint,
544 1242 647 1279 rebus
649 1239 830 1294 standum
849 1239 923 1293 ff·
984 1237 1035 1276 P.
1059 1237 1305 1290 Sempronium
1327 1253 1408 1276 con-

115 1303 235 1358 sulem
267 1317 349 1340 cum
384 1300 544 1339 exercitu
577 1297 680 1336 bre-vi
699 1297 737 1334 in
759 1295 905 1334 Samnio
927 1295 1041 1350 fore:
1074 1310 1170 1344 eum,
1199 1295 1250 1333 ad
1279 1295 1409 1334 bellum

123 1371 294 1413 pacemne
314 1358 487 1396 inclinent
506 1356 638 1406 animi,
654 1353 750 1409 falli
779 1368 846 1392 non
858 1353 948 1407 pff
965 1370 976 1390 :
1008 1361 1185 1404 comperta
1216 1354 1334 1391 omnia
1348 1353 1411 1406 se-

130 1418 237 1456 nutui
269 1416 473 1454 relaturum
489 1431 500 1453 .·
536 1412 752 1451 decedentem
784 1425 827 1449 ex
862 1409 1006 1448 Samnio
1040 1425 1100 1463 con
1114 1410 1210 1465 felem
1231 1410 1412 1463 legati-se-

130 1482 341 1527 querentur.
403 1471 462 1510 Eo
497 1484 601 1509 anno
623 1481 749 1521 quum
770 1476 957 1520 pacatum
978 1466 1189 1506 Samnium
1212 1467 1412 1508 exercitus

132 1532 358 1577 Romanus,
389 1526 560 1581 benigne
593 1524 758 1579 praebito
781 1533 1023 1573 commeatu,
1054 1525 1305 1577 peragrasset,
1336 1524 1414 1563 foe-

131 1588 206 1627 dus
241 1587 453 1626 anticuum
480 1582 726 1624 Samnitibus
756 1582 969 1621 redditum.
1030 1582 1097 1620 Ad
1126 1581 1284 1634 AEquos
1319 1582 1412 1621 inde

132 1656 284 1684 veteres
305 1644 452 1694 hostes,
475 1639 654 1681 ceterum
676 1653 746 1693 per
763 1641 911 1678 multos
932 1653 1057 1678 annos
1075 1637 1144 1677 sub
1166 1638 1293 1691 specie
1311 1644 1335 1691 †
1351 1638 1412 1677 in-

134 1702 224 1742 fidae
250 1701 357 1755 pacis
379 1700 552 1753 quietos,
570 1697 678 1737 versa
704 1711 813 1736 arma
830 1697 1042 1735 Romana:
1074 1694 1200 1748 quod,
1218 1695 1412 1736 incolumi

134 1760 315 1799 Hernico
336 1758 513 1805 nomine,
546 1758 607 1809 (3)
637 1754 915 1793 miffitaverant
950 1754 1063 1792 fimul
1101 1768 1193 1792 cum
1222 1754 1268 1794 iis
1296 1754 1412 1794 Sam-

133 1818 206 1856 niti
228 1816 398 1859 auxilia;
434 1817 491 1863 &‚
522 1812 607 1866 post
635 1812 835 1851 Hernicos
857 1810 1055 1859 subffios,
1087 1811 1267 1851 universa
1288 1809 1412 1864 prope

134 1888 248 1929 gens,
280 1873 357 1912 fine
378 1870 681 1911 diffimulatione
703 1868 852 1909 consilii
874 1867 1038 1920 publici,
1070 1869 1119 1906 ad
1138 1868 1269 1908 hostes
1289 1868 1414 1908 desci-

133 1941 268 1971 verat:
301 1933 339 1970 &
378 1929 604 1984 postquam,
634 1926 717 1967 icto
759 1927 903 1966 Romae
938 1939 1031 1966 cum
1067 1924 1314 1967 Samnitibus
1336 1925 1415 1964 foe-

1303 1986 1414 2033 dere,

131 2104 232 2146 supi-32
259 2115 286 2135 c.
303 2103 376 2144 31.)
401 2102 485 2135 idem
509 2102 743 2134 observandum
770 2101 858 2140 quod
875 2100 968 2141 supi-31
986 2100 1025 2130 de
1043 2099 1160 2131 Auifls.
1205 2100 1280 2130 vid.
1296 2107 1366 2132 not.
1388 2109 1416 2133 Ι.

136 2151 177 2181 ad
201 2161 230 2180 c.
249 2149 298 2188 38.
322 2150 426 2189 suprfi.
473 2147 526 2188 (6)
549 2148 597 2178 Sic
619 2146 704 2177 infre}
721 2146 741 2176 l.
770 2155 818 2184 33.
843 2156 868 2175 c-
887 2155 936 2183 25.
958 2147 1046 2174 lutum
1063 2158 1120 2174 cum
1139 2148 1230 2186 gravi
1251 2147 1365 2175 vulnere
1380 2158 1415 2175 ex:

130 2197 240 2236 proelio.
285 2195 339 2233 (7)
363 2192 507 2235 Qidam
529 2192 645 2222 volunt
662 2193 793 2232 Magni:
818 2200 884 2229 quo
897 2189 1087 2230 cognomine
1105 2190 1260 2220 Hercules
1289 2190 1416 2220 coleba-

137 2246 200 2269 tur.
245 2239 304 2268 Sed
321 2248 378 2277 per
395 2250 516 2278 magnum
529 2238 710 2278 stmulacrum
732 2233 864 2275 intelligi
882 2234 983 2275 potest
1006 2235 1107 2264 statua
1133 2234 1280 2264 coloffea.
1325 2234 1416 2265 Talis

137 2281 272 2313 coloffus
296 2281 444 2312 Herculis
465 2281 499 2310 in
525 2280 849 2321 Capitolio'Romano
877 2278 1003 2314 exstitit,
1037 2279 1089 2309 sed
1113 2282 1152 2309 eo
1168 2279 1298 2309 demum
1313 2279 1416 2309 trans-

139 2328 222 2358 latus
245 2337 283 2357 ex
306 2326 384 2356 urbe
409 2327 554 2355 Tarento
577 2336 595 2355 a
612 2323 709 2355 Fabio
727 2324 935 2360 Cunctatore,
958 2334 1059 2362 quum
1082 2334 1151 2353 eam
1177 2332 1322 2363 tempore
1338 2323 1414 2353 belli

140 2370 345 2402 Hannibalici
362 2369 393 2399 vi
410 2369 620 2410 expugnaffet.
665 2368 763 2405 Hinc,
786 2368 816 2396 δε
833 2368 921 2407 quod
937 2367 1049 2398 Livius
1065 2368 1104 2398 de
1125 2368 1265 2398 Hercule
1278 2369 1416 2398 Romam

139 2416 288 2446 transsato
299 2414 380 2444 nihil
392 2413 571 2445 narraverit
581 2413 666 2444 infre}
682 2413 704 2442 l.
721 2422 775 2450 27.
786 2423 812 2442 c.
832 2411 880 2442 16.
896 2411 952 2442 ubi
969 2411 1058 2442 urbis
1073 2411 1208 2442 Tarenti
1226 2420 1417 2453 expugnatae

138 2460 299 2491 historiam
312 2461 421 2495 refert,
443 2459 515 2488 sunt
539 2457 594 2498 qui
623 2468 697 2488 eum
721 2457 753 2486 in
782 2456 985 2486 dedicatione
1009 2457 1102 2497 hujus
1127 2456 1287 2487 limulacri
1314 2467 1415 2486 anno-

147 2504 415 2543 ῑζὶιὶάἱιμνημονικον
433 2505 600 2545 &lumen-‘apex
617 2500 801 2533 commisisse
815 2509 940 2541 putant.

183 2569 219 2597 C.
239 2576 290 2604 45.
312 2566 366 2605 (1)
390 2565 476 2595 Huic
497 2575 533 2595 ex
546 2563 693 2595 omnibus
711 2561 863 2594 Romani&
876 2562 930 2592 uni
947 2562 1050 2601 Eoo&
1064 2573 1241 2603 cognomen
1259 2575 1276 2593 a
1294 2563 1419 2604 populo

137 2613 274 2643 inditum
303 2610 354 2646 est,
377 2611 417 2640 ob
443 2609 648 2639 excellentem
673 2607 752 2648 juris
770 2607 939 2638 scientiam.
983 2609 1039 2648 (z)
1063 2610 1112 2638 All
1127 2611 1157 2637 id
1181 2610 1295 2637 locorum
1314 2609 1419 2639 noster

139 2656 250 2696 saepius
278 2654 367 2689 dixit,
393 2665 452 2695 pro
477 2654 575 2692 usque
591 2654 632 2683 ad
655 2652 687 2683 id
709 2660 844 2692 tempus.
860 2651 944 2682 infre}
962 2651 984 2682 l.
1003 2661 1053 2690 25.
1070 2663 1099 2683 c.
1126 2662 1164 2691 19
1192 2653 1222 2682 ἃ
1246 2662 1295 2691 32.
1325 2654 1343 2682 l.
1368 2664 1419 2691 43.

138 2713 162 2730 e.
180 2711 210 2738 5„
255 2699 405 2729 Similiter
430 2698 503 2728 Sall.
520 2698 552 2728 in
574 2699 646 2740 Jug.
661 2709 686 2727 c.
707 2696 759 2735 63.
777 2697 876 2739 &pqst
891 2698 1054 2734 idlowrum,
1077 2707 1137 2737 pro
1154 2697 1222 2737 post
1236 2696 1267 2727 id
1284 2706 1422 2738 tempu5‚

184 2755 233 2776 πῖ.
251 2746 280 2775 δε
304 2746 392 2785 fasta:
420 2746 469 2774 laci
491 2755 515 2774 e·
544 2752 613 2778 102.
661 2743 714 2783 (3)
744 2742 816 2773 Hoc
841 2741 941 2772 verbo
964 2741 1066 2772 utitur
1091 2741 1186 2772 etiam
1205 2741 1364 2772 Sallustius
1386 2742 1421 2770 in

1347 2787 1419 2827 jug.

1529 272 1608 314 253

1424 886 1463 915 U.
1476 895 1506 916 c.
1519 894 1594 926 449.

1423 933 1463 960 A.
1478 930 1513 960 C.
1532 939 1605 968 303.

1424 977 1458 1005 P.
1471 973 1623 1015 Sulpicio,

1424 1021 1457 1050 P.
1478 1020 1627 1059 Sempro·

1423 1064 1478 1094 nio
1496 1062 1579 1094 Coff.

1423 1111 1522 1139 Pacem
1535 1115 1587 1149 pe-

1423 1160 1481 1183 tunt
1495 1153 1605 1184 Samni·

1423 1205 1473 1229 tes.
