1905 3168
176 289 230 315 20
404 277 407 280 ⁴
675 286 682 291 “
861 278 1226 322 T.L1V11

388 386 532 428 -sundit
554 388 771 443 fugatque:
803 388 937 429 fusum
970 390 1242 445 persequitur:
1273 400 1418 446 regem
1445 393 1507 446 (4)
1528 390 1569 430 in
1589 402 1691 444 prae-

389 447 452 485 Jio
476 446 689 485 obtruncat
719 448 755 485 ἃ
780 445 932 499 spoliat.
955 449 1057 489 duce
1078 449 1252 489 hostium
1273 449 1418 499 occiso,
1449 449 1589 489 urbem
1610 449 1690 502 pri·-

389 517 465 542 mo
492 504 645 557 impetu
679 503 797 557 capit.
859 504 957 544 Inde
989 507 1168 546 exercitu
1199 506 1352 547 vhitore
1382 507 1568 557 Υεάυᾶο,
1609 505 1690 559 ipse

396 558 493 600 cum
515 559 634 601 factis
654 561 714 600 vir
735 561 990 616 magnificus,
1022 572 1108 603 tum
1130 563 1333 605 factorum
1353 564 1569 604 ostentator
1581 564 1691 603 haud

387 618 547 668 .min0r,
581 618 713 673 spolia.
723 620 838 660 ducis
858 619 1034 674 hostium
1056 623 1140 662 caefi
1162 621 1344 676 suspensa
1364 621 1559 662 fabricato
1580 622 1629 661 ad
1651 621 1693 660 id

394 673 486 728 apte
521 675 675 716 ferculo
696 679 761 731 (5)
779 691 936 732 gerens,
977 678 1017 718 in
1050 680 1296 734 Capitolium
1327 679 1526 720 ascendit:
1557 679 1692 732 ibique

393 746 441 772 ea
463 747 590 786 quum
612 735 661 774 ad
683 749 877 787 quercum
899 735 1120 790 pastoribus
1142 737 1291 778 sacram
1313 737 1561 791 deposuisset,
1578 736 1693 776 fimul

394 804 492 831 cum
526 792 634 831 dono
668 792 884 847 designavit
917 796 1067 848 templo
1100 795 1210 848 Jovis
1236 795 1352 844 fines,
1384 807 1691 849 cognomenque

395 849 549 889 addidit
569 850 687 890 Deo:
732 850 891 907 Jupiter
921 850 1004 910 (6)
1026 853 1190 902 Feretri,
1222 852 1368 905 inquit,
1398 852 1469 892 haec
1488 853 1554 891 tibi
1573 854 1693 891 ιυἱὲῖον·

396 907 580 946 Romulus
614 923 678 947 rex
714 910 816 962 regia
848 924 956 948 arma
985 910 1078 963 fhro,
1122 911 1363 964 templumque
1393 911 1440 949 iis
1476 910 1693 964 regionibus,

395 980 487 1017 quas
508 963 608 1005 mode}
629 967 749 1005 animo
777 974 932 1006 metatus
940 968 1044 1022 sum,
1071 969 1202 1017 dedico,
1225 969 1348 1023 fidem
1369 968 1495 1020 opimis
1515 966 1542 1021 (
1547 979 1568 1020 7
1574 969 1601 1024 )
1607 967 1693 1021 spo-

393 1023 469 1071 liis,
500 1039 593 1077 quae,
625 1024 769 1078 regibus
803 1024 1014 1080 ducibusque
1045 1025 1193 1081 bestium
1221 1025 1323 1080 cagfis,
1356 1041 1410 1064 me
1435 1029 1618 1065 auHOrem
1630 1025 1694 1080 se·

393 1089 554 1133 cle-centes,
577 1081 858 1137 ppsterifi’rent.
920 1083 1022 1123 Haec
1058 1084 1197 1138 templi
1230 1084 1286 1123 est
1315 1083 1447 1138 origo,
1479 1083 1588 1136 quod
1613 1082 1694 1136 pri-

395 1152 510 1178 mum
526 1139 711 1179 omnium
726 1139 872 1179 Romae
886 1140 1081 1180 sacratum
1103 1142 1173 1181 est.
1206 1142 1260 1181 ita
1281 1133 1424 1181 deinde
1443 1140 1537 1181 Diis
1549 1139 1695 1190 visum,

389 1209 469 1237 <nec
497 1196 650 1236 irritam
672 1197 892 1238 conditoris
914 1200 1052 1253 templi
1085 1213 1225 1239 vocem
1253 1200 1344 1249 effe,
1377 1199 1456 1252 qu&
1476 1199 1627 1238 laturos
1647 1212 1695 1237 ea

396 1252 517 1306 spolia
539 1255 716 1308 posteros
737 1257 1011 1310 nuncupavit3
1044 1271 1134 1305 nec,
1167 1257 1425 1298 multitudine
1443 1265 1694 1310 compotum,

393 1312 482 1364 ejus
503 1312 598 1351 doni
620 1315 773 1368 vulgari
787 1314 961 1354 laudem.
983 1314 1076 1354 bina
1098 1317 1160 1368 (8)
1181 1315 1331 1368 postea,
1352 1314 1456 1353 inter
1476 1323 1536 1354 tot
1553 1327 1694 1360 annos,

396 1377 455 1407 tot
474 1368 592 1419 bella,
623 1372 758 1423 opima
780 1381 892 1423 parta
921 1371 1011 1411 sunt
1033 1372 1167 1425 spolia.
1191 1369 1292 1412 adeo
1313 1386 1402 1412 rara
1422 1372 1509 1426 ejus
1530 1370 1694 1411 fortuna

395 1427 550 1467 decoris
570 1427 662 1467 fuit.

451 1485 525 1524 XI,
586 1486 702 1526 Dum
723 1502 768 1528 ea
805 1488 858 1529 ibi
892 1488 1069 1528 Romani
1091 1496 1251 1543 gerunt,
1285 1487 1593 1528 AntemnatIum
1628 1500 1699 1527 ex·

392 1543 542 1582 ercitus
565 1558 636 1597 per
668 1547 918 1586 occasionem
951 1561 997 1586 ac
1026 1546 1281 1586 solitudinem
1303 1546 1498 1586 hostiliter
1520 1546 1560 1584 in
1594 1544 1695 1585 fines

394 1601 605 1642 Romanos
639 1602 906 1643 incurfionem
940 1604 1049 1643 facit.
1082 1605 1228 1657 raptim
1263 1607 1304 1645 &
1341 1605 1391 1643 ad
1411 1603 1486 1647 hos
1507 1604 1697 1644 Romana.

174 1663 348 1692 Antemnates
393 1659 498 1714 legio
539 1662 603 1713 (1)
634 1661 758 1700 ducta
790 1662 943 1715 palatos
976 1662 1016 1701 in
1050 1662 1154 1715 agris
1189 1661 1388 1715 oppreffit.
1449 1662 1538 1701 Fufi
1573 1662 1704 1716 igitur*

172 1720 185 1729 ‘
390 1716 526 1772 ,primo
541 1717 927 1771 impetu&clam0re
948 1719 1098 1760 hostes:
1119 1719 1315 1773 oppidum
1333 1728 1510 1773 captum.
1526 1719 1696 1773 duplici·-

394 1789 473 1828 que
494 1775 664 1815 victoria
677 1785 864 1816 ovantem
880 1778 1107 1817 Romulum
1130 1777 1300 1817 Hersilia
1321 1778 1488 1832 conjux,
1509 1777 1695 1831 precibus

394 1842 599 1886 raptarum
622 1833 801 1888 fatigata,
832 1845 933 1884 orat,
957 1844 1000 1874 ut
1021 1834 1253 1888 parentibus
1274 1849 1413 1874 earum
1434 1835 1501 1874 det
1521 1835 1695 1884 veniam,

396 1895 437 1931 ἃ
470 1891 511 1930 in
545 1891 765 1931 civitatem.
789 1893 982 1947 accipiat:
1023 1893 1076 1932 ita
1110 1907 1194 1932 rem
1228 1892 1446 1933 coalescere
1480 1893 1695 1933 eoncordia

394 1949 512 2003 poss'e.
546 1947 663 1989 facile
685 1949 958 2003 impetratum.
1018 1951 1117 1990 Inde
1139 1960 1278 1990 contra
1300 1950 1584 1990 Crustuminos
1604 1965 1695 2004 pro-

176 2028 341 2062 Crustumini
395 2006 543 2057 fectus,
573 2006 725 2046 bellum
747 2007 978 2048 inferentes.
1011 2008 1071 2048 Ibi
1093 2008 1227 2049 minus
1248 2008 1384 2058 etiam,
1423 2009 1535 2061 quod
1557 2009 1696 2049 alienis

178 2064 254 2103 masii.
394 2064 575 2104 cladibus
597 2065 824 2104 ceciderant
846 2066 984 2114 animi,
1007 2067 1245 2113 certaminis,
1261 2065 1352 2105 fuit.
1413 2064 1606 2120 Utroque
1629 2081 1696 2106 co-

395 2123 513 2162 loniae
534 2122 668 2161 missae.
701 2124 834 2176 plures
856 2123 1025 2174 inventi,
1056 2124 1125 2177 qui
1148 2133 1310 2178 propter.
1336 2123 1558 2164 ubertatem
1580 2133 1696 2164 terrae

396 2180 438 2219 in
466 2180 776 2220 Crustuminum
810 2181 983 2220 nomina·
1005 2182 1158 2221 darent.
1203 2185 1244 2222 &
1279 2182 1457 2221 Romam
1491 2183 1584 2222 inde
1617 2182 1696 2222 fre-

396 2247 566 2291 quenter
586 2238 806 2292 migratum
828 2238 902 2291 est,
944 2255 965 2279 a
997 2239 1229 2294 parentibus
1262 2237 1435 2280 maxime
1462 2254 1507 2280 ac
1533 2240 1695 2294 propin-

1607 2312 1698 2352 quis

221 1789 223 1791 -
206 1711 231 1737 ἳζ)

233 1710 250 1736 2„

392 2423 477 2456 pcrt.
494 2417 531 2445 L.
548 2427 577 2452 4.
601 2415 687 2457 Eleg.
717 2424 766 2446 10.
791 2425 819 2446 v.
839 2415 961 2457 7)—-fic
988 2415 1078 2447 infra
1097 2416 1118 2447 1.
1137 2425 1164 2447 2.
1187 2427 1214 2448 c.
1228 2426 1244 2455 3
1249 2427 1278 2455 5.
1295 2418 1425 2459 princeps
1461 2418 1517 2447 Vol
1526 2419 1550 2447 ci
1573 2418 1697 2453 nominis,

397 2471 468 2501 pro,
484 2464 615 2502 princeps
642 2463 715 2490 inter
746 2462 859 2501 Vofflos.
905 2462 960 2503 (4)
982 2464 1156 2493 Acronem.
1202 2458 1286 2492 Plut„
1330 2462 1386 2503 (5)
1408 2463 1543 2493 Trunco
1559 2461 1695 2502 quercfis

392 2505 430 2546 'in
461 2504 576 2546 tropaei
603 2506 737 2536 modum
763 2506 915 2542 formato,
939 2517 977 2537 ex
993 2517 1059 2547 quo
1080 2504 1220 2537 Acronis
1236 2517 1325 2537 arma
1351 2507 1567 2548 suspenderat.
1613 2506 1698 2537 Plut‚

396 2550 452 2591 (6)
475 2551 616 2580 Fen-{rius
633 2549 739 2581 didius
755 2549 798 2581 est
813 2561 831 2581 a
837 2553 961 2591 feretro,
983 2551 1046 2582 sive
1061 2551 1185 2583 ferculo
1200 2551 1256 2582 illo
1272 2551 1459 2593 spoliorum.
1503 2551 1559 2592 (7)
1583 2552 1693 2593 opimus

396 2594 529 2636 proprie
547 2595 699 2636 pinguem
714 2595 745 2624 &
756 2594 838 2626 bene
854 2594 1003 2626 habitum
1024 2603 1115 2626 notat
1130 2609 1137 2626 :
1163 2595 1279 2627 deinde
1295 2596 1451 2637 quicquid
1462 2596 1496 2627 in
1512 2596 1569 2627 suo
1580 2606 1695 2638 genere

396 2639 530 2670 excellit.
576 2640 663 2670 Hinc
668 2641 762 2681 spolia
779 2643 868 2681 opima
888 2651 960 2681 quae
987 2641 1053 2671 dux
1080 2641 1155 2672 duci
1176 2641 1327 2672 detrahit.
1373 2641 1510 2672 Consule
1527 2641 1693 2672 Perizzon.

396 2684 557 2722 animadv.
574 2695 598 2715 c.
618 2693 644 2723 7.
689 2684 746 2726 (8)
775 2686 825 2716 De
842 2685 959 2726 quibus
974 2685 1040 2716 vid.
1054 2685 1150 2722 infra,
1173 2685 1193 2716 1.
1210 2697 1238 2724 4.
1256 2696 1285 2727 9.
1310 2685 1378 2717 &·1.
1395 2696 1446 2718 20.
1458 2695 1511 2725 55.

442 2747 479 2777 C.
496 2756 544 2777 Π.
575 2746 630 2787 (1)
653 2749 686 2778 A
701 2749 806 2789 legendo
823 2747 920 2784 dieta,
946 2749 1034 2789 quod
1050 2748 1183 2790 legionis
1200 2749 1316 2781 milites
1333 2749 1455 2780 viritim
1471 2749 1532 2791 legi
1548 2750 1695 2782 solerem.

399 2792 493 2822 Varr.
540 2791 647 2822 Prima
663 2791 746 2834 legio
756 2792 814 2824 sub
828 2793 969 2826 Romulo
990 2793 1089 2825 trium
1109 2793 1245 2826 millium
1258 2795 1413 2836 peditum,
1429 2796 1459 2826 Sc
1477 2803 1695 2826 trecentorum

1606 2851 1693 2880 eqm-
