1853 3158
162 220 264 277 234,
854 223 1220 269 T.L1V11

383 335 624 389 inquirendo
659 338 876 394 cognoscit,
908 340 958 379 ad
988 341 1240 382 Vulturnum
1262 340 1412 382 flumen
1433 343 1564 384 sedere
1586 341 1676 384 hos-

250 437 256 444 .
286 439 292 445 ι
383 403 463 433 tem
482 411 493 442 3
527 396 618 435 inde
648 397 762 436 tertia
785 396 917 451 vigilia
937 409 1166 441 moturum:
1198 401 1271 439 iter
1293 399 1332 438 in
1353 400 1563 441 Samnium
1585 403 1673 442 effe.

159 436 304 510 ξζζ’Ἰζ”ξ
382 451 460 490 His
475 451 564 492 satis
582 455 795 507 exploratis
816 455 1038 508 profe&us,
1070 467 1180 497 tanto
1199 458 1404 498 intervallo
1425 458 1473 499 ab
1494 458 1675 499 hostibus

153 507 324 566 prastaam
382 509 574 558 consedit,
608 520 651 550 ut
672 526 744 552 nec
778 513 971 554 adventus
993 514 1084 554 suus
1107 515 1401 569 propinquitate
1423 515 1547 556 nimia
1568 516 1676 556 nosci

163 571 328 612 Campanam.
381 568 518 620 poss'et,
539 571 579 609 ἂν
602 570 872 623 egredientem
896 585 916 610 c
939 572 1072 612 castris
1093 572 1247 612 hostem
1268 573 1523 627 opprimeret.
1586 574 1676 613 Ali-

380 635 533 677 quanto
570 638 661 666 ante
696 628 829 668 lucem
861 629 909 668 ad
945 629 1068 669 castra
1102 628 1282 678 acceffit3
1315 631 1535 685 gnarosque
1557 631 1675 672 Oscae

380 683 543 737 linguae,
575 685 826 738 exploratum
849 685 945 740 quid
968 698 1123 742 agatur,
1141 687 1276 728 mittit.
1338 689 1564 729 Intermixti
1586 688 1677 728 hos-

380 740 487 780 tibus
510 743 637 795 (quod
659 742 774 782 facile
801 755 888 786 erat
920 745 960 783 in
988 744 1187 790 nocturna
1208 743 1488 801 trepidatione)
1509 747 1677 802 cognos-

380 808 496 848 cunt,
543 802 605 853 (1)
646 800 913 855 infrequentia
955 803 1116 842 armatis
1155 803 1261 856 signa
1301 804 1461 857 egreffa,
1497 805 1676 858 praedam

380 856 607 910 praedaeque
631 858 814 898 custodes
836 860 958 909 exire,
992 860 1164 914 ignobile
1188 875 1349 915 agmen,
1385 863 1421 901 &
1447 861 1514 901 sua
1535 876 1677 915 quem-

379 927 459 966 que
492 912 741 964 molientem,
773 918 886 957 nullo
915 917 1018 957 inter
1040 920 1099 973 (2)
1123 918 1218 958 alios
1249 918 1457 968 consensu,
1489 934 1562 959 nec
1585 919 1677 959 satis

379 984 490 1011 certo
525 972 707 1026 imperio.
767 974 950 1027 Tempus
986 976 1243 1030 aggrediendi
1284 976 1524 1030 aptissimum
1547 976 1676 1016 visum

379 1029 464 1069 est:
497 1031 538 1070 δι’
566 1031 651 1084 jam
676 1031 745 1069 lux
763 1035 788 1082 †
808 1031 1031 1084 appetebat.
1069 1033 1203 1087 itaque
1239 1035 1345 1089 signa
1367 1048 1509 1075 canere
1537 1034 1677 1089 juffit;

380 1099 606 1140 agmenque
646 1086 821 1126 hostium
859 1090 1102 1142 aggreditur.
1151 1091 1378 1142 Samnites,
1429 1093 1563 1146 praeda
1601 1092 1677 1131 im-

381 1143 521 1197 pediti,
552 1143 827 1198 infrequentes
862 1146 1019 1197 armati,
1048 1161 1141 1200 pars
1170 1148 1313 1188 addere
1338 1151 1507 1203 gradum
1527 1164 1571 1189 ac
1595 1164 1678 1204 prae

381 1201 419 1240 se
442 1215 557 1256 agere
579 1203 770 1255 praedam,
801 1217 892 1256 pars
916 1203 1031 1253 stare,
1062 1205 1203 1244 incerti
1225 1203 1363 1244 utrum
1391 1207 1594 1262 progredi,
1625 1221 1678 1247 an

381 1259 538 1313 regredi
574 1259 616 1299 in
651 1260 775 1300 castra
798 1261 924 1301 tutius
945 1261 1064 1312 foret,
1096 1262 1201 1302 inter
1220 1263 1521 1304 cunctationem
1541 1265 1677 1318 oppri-

382 1327 563 1357 muntur.
604 1320 640 1358 δι
678 1318 857 1358 Romani
876 1320 963 1375 jam
984 1319 1309 1360 transcenderant
1338 1322 1503 1370 vallum,
1533 1322 1680 1363 caedes-

384 1389 462 1428 que
507 1390 551 1415 ac
592 1377 791 1416 tumultus
821 1387 905 1416 erat
945 1377 986 1417 in
1022 1378 1171 1418 castris.
1234 1378 1480 1419 Samnitium
1515 1393 1678 1434 agmen,

382 1442 651 1486 praeterquam
670 1433 803 1474 hostili
824 1436 1021 1488 tumultu,
1052 1435 1301 1490 captivorum
1330 1437 1449 1476 etiam
1472 1437 1682 1491 repentina

383 1490 613 1531 defectione
650 1491 855 1532 turbatum
884 1503 991 1533 erat:
1023 1494 1093 1547 qui
1123 1494 1268 1547 partim
1291 1494 1360 1547 ipsi
1382 1494 1498 1535 soluti
1518 1495 1687 1546 vinfi'tos,

382 1548 613 1598 solvebant·,
643 1550 789 1603 partim
830 1565 939 1590 arma
976 1551 1017 1590 in
1056 1551 1217 1592 sarcinis
1254 1553 1426 1606 deligata
1457 1552 1681 1606 rapiebant,

381 1608 700 1662 tumultumque,
719 1607 863 1661 proelio
879 1608 962 1662 ipso
976 1609 1272 1661 terribiliorem,
1288 1610 1508 1651 intermixti
1525 1611 1677 1666 agmini

382 1664 625 1718 praebebant.
689 1666 1009 1706 Memorandum
1031 1667 1175 1707 deinde
1197 1667 1356 1708 edidere
1371 1668 1550 1711 facinus:
1582 1683 1676 1708 nam

381 1721 541 1778 Stajum
564 1723 794 1763 Minacium
816 1725 978 1773 ducem,
1009 1726 1224 1765 adeuntem
1250 1726 1410 1766 ordines
1429 1726 1677 1767 hortantem-

382 1795 477 1833 que,
509 1781 716 1821 invadunt.
739 1782 927 1835 dissipatis
949 1783 1040 1822 inde
1061 1783 1278 1837 equitibus,
1310 1785 1378 1838 qui
1400 1799 1494 1824 curn
1514 1798 1562 1824 eo
1583 1785 1678 1824 ade-

381 1848 488 1888 rant,
518 1838 648 1892 ipsum
683 1839 990 1890 circumsistunt,
1022 1841 1338 1894 insidentemque
1370 1855 1475 1895 equo
1513 1852 1677 1896 captum

382 1897 433 1935 ad
461 1897 665 1936 consulem
702 1898 939 1937 Romanum
960 1899 1131 1952 rapiunt.
1197 1899 1400 1945 Revocata
1421 1913 1470 1939 eo
1496 1901 1677 1940 tumultu

381 1954 511 2007 prima
553 1955 659 2009 signa
691 1954 960 1996 Samnitium:
995 1957 1265 2010 proeliumque
1296 1957 1381 2011 jam
1416 1957 1675 2013 profligatum

381 2012 627 2066 integratum
658 2013 731 2063 est,
762 2027 836 2053 nec
872 2015 1023 2054 diutius
1062 2014 1241 2054 sustineri
1276 2015 1420 2068 potuit.
1481 2015 1593 2056 Caesa
1624 2017 1675 2056 ad

381 2069 446 2109 sex
483 2070 606 2109 millia
626 2070 864 2111 hominum:
895 2073 976 2111 duo
1012 2072 1136 2112 millia
1170 2074 1207 2112 δε
1235 2073 1444 2128 quingenti
1467 2073 1597 2126 capti:
1627 2073 1671 2113 in

379 2128 438 2166 eis
466 2126 615 2167 tribuni
639 2130 698 2182 (3)
720 2129 895 2168 militum
917 2138 1111 2182 quatuor:
1143 2130 1249 2184 figna
1275 2130 1460 2176 militaria
1488 2130 1677 2186 triginta:

384 2187 441 2238 &,
474 2185 582 2239 quod
612 2185 851 2226 laetiffimum
882 2187 1102 2227 vietoribus
1122 2186 1214 2238 fuit,
1245 2188 1496 2242 captivorum
1516 2198 1677 2244 recepta

427 2321 465 2352 C.
482 2329 532 2352 20.
553 2320 609 2362 (1)
631 2321 709 2353 Vid.
725 2320 821 2363 supra
834 2328 900 2352 not.
914 2320 942 2352 6.
955 2323 995 2353 ad
1012 2334 1036 2353 c.
1057 2321 1085 2354 8.
1102 2323 1120 2353 l.
1139 2331 1163 2361 7.
1209 2323 1264 2364 (2)
1288 2321 1353 2354 Hic
1364 2323 1464 2355 haeret
1479 2322 1676 2361 Crevierius‚

381 2365 556 2406 malletque
584 2366 686 2407 legere
703 2368 823 2406 interse,
849 2366 899 2397 vel
921 2371 993 2398 inter
1010 2369 1088 2409 ipſsn.
1133 2369 1192 2399 Sed
1209 2368 1282 2399 satis
1307 2376 1442 2410 apparet
1466 2368 1598 2400 Livium
1614 2368 1675 2399 dis-

382 2409 527 2451 tinguere
544 2410 629 2441 inter
641 2413 742 2452 praedae
758 2412 876 2455 custodes,
899 2412 965 2452 qui,
990 2414 1104 2454 ignobile
1124 2426 1229 2454 agmen,
1250 2413 1315 2454 jam
1331 2413 1416 2444 exire
1441 2412 1546 2444 castris
1563 2413 1675 2444 dicun-

381 2463 446 2492 tur,
471 2456 502 2485 &
529 2455 689 2496 reliquum
712 2455 903 2488 Samnitimn
924 2456 1108 2488 exercitum.
1128 2460 1163 2488 E.
1209 2459 1263 2499 (3)
1287 2458 1489 2499 Intelligendi
1506 2459 1578 2489 sunt
1595 2459 1673 2489 duc-

381 2507 478 2537 tores,
501 2500 556 2540 qui
583 2500 617 2531 in
639 2500 830 2532 Samnitium
855 2501 998 2532 exercitu
1015 2503 1129 2533 eodem
1145 2504 1210 2534 fere
1225 2503 1298 2544 jure
1322 2514 1357 2533 ac
1387 2503 1540 2544 potestate
1564 2502 1674 2540 effent,

381 2555 447 2584 quo
479 2545 603 2576 tribuni
628 2545 769 2576 militum
794 2546 827 2576 in
855 2548 1012 2577 Romano.
1059 2548 1109 2578 Sic
1127 2549 1209 2579 Cato
1235 2548 1269 2578 in
1286 2547 1409 2590 Origin.
1456 2548 1674 2579 Hannibalem

380 2590 520 2630 appellat
537 2592 695 2621 dicTJtorem
713 2590 1037 2632 Karthaginiensium,
1060 2593 1090 2622 δε
1113 2593 1340 2624 Maharbalem
1361 2594 1520 2636 magstrum
1546 2596 1672 2634 rquitmn.

383 2636 423 2665 Et
440 2634 506 2677 ipse
523 2635 636 2668 Livius
652 2638 812 2675 diaztorem
824 2637 912 2679 apud
925 2639 1037 2669 Poenos
1054 2637 1198 2670 nominat
1212 2637 1297 2673 infra
1314 2638 1333 2669 l.
1351 2647 1402 2678 23.
1419 2649 1447 2670 c.
1468 2648 1517 2679 13.

1521 2697 1670 2752 septem
