1853 3158
160 253 236 283 210
838 221 1208 273 T.L1V11'

380 358 505 391 erant.
568 345 669 406 Qi,
701 345 919 401 quaestione
954 345 1106 397 habita,
1136 358 1310 399 quorum
1340 344 1461 398 opera
1495 343 1671 384 defeffio

380 409 472 447 esset
504 405 628 458 faeta,
674 420 775 459 quos
809 405 940 445 sontes
973 405 1184 458 comperit,
1227 402 1348 458 virgis
1389 401 1509 441 caesos
1547 401 1674 441 securi

384 465 598 520 percussit:
630 463 892 517 praesidioque
925 463 1058 503 valido
1092 461 1293 515 imposito,
1326 474 1435 500 arma
1461 459 1681 500 Satricanis

383 523 548 564 ademit.
607 523 705 561 Inde
746 521 794 560 ad
831 520 1085 574 triumphum
1117 519 1311 559 deceffifl‘e
1345 517 1523 557 Romam
1559 514 1679 569 Papi-

384 583 490 621 rium
517 579 733 621 Cursorem
761 579 952 628 scribunt,
985 579 1053 633 qui
1089 591 1136 617 eo
1173 578 1274 616 duce
1306 575 1520 615 Luceriam
1542 587 1682 626 recep*

387 646 485 688 tam,
516 637 796 690 Samnitesque
834 636 903 677 sub
935 637 1081 692 jugum
1103 635 1235 675 miffos
1257 634 1442 674 auffiores
1465 632 1568 672 sunt.
1628 631 1680 670 Et
1712 628 1716 631 ’

167 709 283 751 Papirii
298 709 367 738 cur-
386 695 463 736 fuit
485 695 544 735 vir
564 695 673 735 haud
696 694 814 734 dubie
837 695 983 749 dignus
1016 694 1127 733 omni
1147 692 1290 732 bellica
1324 691 1460 741 laude,
1491 704 1573 729 non
1595 689 1681 728 ani-

155 756 350 795 [ustazades.
389 755 443 793 mi
480 752 609 793 solum
645 754 796 808 vigore,
828 752 893 792 sed
930 753 1052 791 etiam
1085 750 1262 804 corporis
1295 748 1445 788 viribus
1467 748 1681 788 excellens.

390 812 597 866 Praecipua
631 813 782 864 pedum
816 810 1029 864 pernicitas
1067 809 1209 857 inerat,
1241 809 1302 861 (7)
1330 819 1419 859 quse
1455 818 1683 860 cognomen

389 870 511 909 etiarn
553 869 688 908 dedit:
730 868 1008 920 victoremque
1050 866 1168 906 cursu
1209 864 1395 904 omnium
1436 863 1563 903 aetatis
1604 861 1685 900 suae

390 928 504 967 fuisse
536 927 700 967 ferunt:
746 928 783 965 &
827 925 893 965 seu
927 926 1073 965 virium
1101 924 1142 963 vi
1179 926 1255 977 (8),
1299 921 1367 962 seu
1402 919 1686 960 exercitatione

391 985 535 1034 multa,
578 984 657 1024 cibi
692 983 855 1035 vinique
891 984 1066 1022 eundem
1106 980 1431 1035 capaciflimum:
1476 992 1551 1018 nec
1592 989 1687 1017 cum

393 1044 475 1082 ullo
511 1041 751 1095 asperiorem
783 1040 893 1092 (quia
923 1040 1004 1092 ipse
1040 1039 1181 1079 ἱηνίξὶὶ
1202 1041 1260 1092 (9)
1297 1039 1347 1077 ad
1383 1036 1561 1076 laborem
1598 1048 1689 1074 cor-

392 1099 500 1153 poris
541 1099 653 1151 effet)
700 1096 814 1136 fuiffe
870 1097 1055 1135 militiam
1100 1096 1224 1150 pediti
1270 1095 1419 1149 pariter
1463 1092 1686 1147 equitique.

393 1157 561 1210 Equites
596 1155 718 1195 etiam
752 1153 968 1207 aliquando
990 1153 1104 1192 ausos
1123 1153 1172 1193 ab
1193 1167 1241 1192 eo
1261 1162 1412 1206 petere,
1444 1161 1488 1191 ut
1523 1150 1592 1190 fibi
1614 1163 1688 1203 pro

392 1228 435 1254 re
471 1213 573 1254 bene
610 1211 718 1267 gesta
754 1212 905 1251 laxaret
941 1210 1093 1263 aliquid
1132 1209 1301 1250 laboris:
1333 1209 1478 1263 quibus
1514 1209 1595 1258 ille,
1628 1206 1691 1246 Ne

395 1272 493 1312 nihil
509 1271 692 1327 remffcm
713 1270 858 1317 dicatis,
891 1270 1051 1319 remitto,
1083 1267 1230 1321 inquit,
1261 1282 1305 1305 ne
1323 1269 1448 1320 utique
1467 1267 1609 1320 dorsum
1629 1264 1691 1303 de-

395 1330 599 1378 mulceatis,
629 1343 742 1383 quum
763 1343 806 1367 ex
826 1328 927 1382 equis
947 1325 1170 1382 descendetis.
1211 1327 1248 1365 8<
1285 1323 1345 1365 vis
1370 1333 1455 1363 erat
1474 1323 1515 1362 in
1537 1337 1584 1363 eo
1605 1322 1692 1362 viro

395 1387 555 1442 imperii
588 1386 730 1441 ingens
757 1385 905 1439 pariter
929 1385 971 1424 in
997 1384 1124 1425 socios
1164 1382 1361 1435 civesque.
1421 1379 1691 1421 Praenestinus

396 1454 544 1500 praetor
579 1458 651 1498 per
679 1444 867 1483 timorem
897 1441 1056 1498 segnius
1078 1456 1127 1481 ex
1149 1440 1327 1480 subfidiis
1349 1439 1440 1479 suos
1460 1440 1629 1479 duxerat
1650 1438 1693 1476 in

397 1502 570 1557 primam
603 1502 745 1542 aciem.
780 1515 903 1554 quem
933 1514 1061 1554 quum
1094 1498 1349 1539 inambulans
1384 1505 1475 1537 ante
1510 1495 1695 1536 taberna-

398 1562 537 1601 culum
557 1560 693 1600 vocari
721 1559 898 1614 juffiffet,
929 1558 1116 1598 lictorem
1152 1556 1338 1610 expedire
1371 1554 1542 1595 securim
1571 1553 1694 1609 justit.

399 1620 449 1659 ad
485 1631 609 1672 quam
643 1630 786 1658 vocem
834 1616 1010 1656 exanimi
1038 1616 1163 1656 stante
1198 1613 1463 1664 Praenestino,
1505 1611 1697 1666 Agedum,

398 1677 520 1727 lia-‘lom
551 1676 671 1715 excide
707 1676 866 1714 radicem
891 1675 1000 1724 hanc,
1031 1674 1178 1726 inquit,
1210 1672 1467 1712 incommodam
1502 1670 1696 1710 ambulan-

399 1735 522 1773 tibus:
555 1732 843 1787 perfusumque
877 1735 968 1786 (10)
1002 1731 1133 1771 ultimi
1168 1729 1351 1784 supplicii
1383 1738 1510 1776 metu,
1541 1725 1697 1766 mulfflz'i

401 1791 528 1842 dicia,
559 1791 720 1830 dimifit.
780 1790 906 1830 Haud
934 1788 1054 1829 dubie
1076 1787 1143 1828 illa
1163 1798 1295 1837 aetate,
1327 1788 1405 1840 qua
1437 1787 1547 1825 nulla
1572 1785 1700 1824 virtu-

402 1859 490 1888 tum
511 1848 683 1888 feracior
705 1848 800 1900 fuit,-
831 1862 952 1888 nemo
972 1861 1078 1887 unus
1109 1856 1192 1886 erat
1212 1846 1286 1894 vir,
1319 1859 1399 1897 quo
1422 1843 1549 1897 magis
1571 1841 1698 1881 innisa

402 1919 464 1947 res
501 1907 691 1947 Romana
718 1906 848 1946 staret.
873 1905 972 1959 quin
992 1919 1087 1945 eum
1123 1917 1260 1958 parem
1280 1905 1318 1956 (1
1333 1905 1371 1956 1)
1393 1901 1592 1941 destinant
1613 1898 1699 1939 ani-

1617 1957 1701 1997 mis
1756 2004 1757 2007 Ἴ

403 2080 436 2112 ὂι
451 2080 562 2122 paullo
578 2078 664 2110 infra
687 2081 801 2111 eodem
817 2078 948 2111 nomine
965 2079 1191 2121 designantur:
1217 2079 1252 2109 ab
1278 2078 1345 2108 urbe
1354 2075 1440 2118 plena*
1463 2076 1582 2119 hqstium.
1631 2074 1699 2105 Alii

405 2134 514 2157 autem
540 2126 650 2166 legunt
675 2128 745 2156 clam
762 2126 844 2168 hessi»,-
870 2124 890 2154 i.
909 2135 934 2155 e.
961 2124 1068 2155 insciis
1083 2123 1292 2155 Samnitibus.
1337 2123 1392 2162 (7)
1418 2121 1483 2151 Hic
1496 2121 1541 2152 ita
1553 2120 1702 2160 loquitur

406 2171 531 2207 Livius,
554 2169 642 2210 quasi
669 2181 847 2211 cognomen
870 2169 1018 2200 Cursoris
1035 2168 1110 2200 huic
1128 2168 1270 2210 primum
1287 2166 1419 2208 Papirio
1447 2166 1589 2196 inditum
1612 2164 1697 2196 esset,

408 2216 475 2257 Ipse
493 2223 600 2245 tamen
613 2213 633 2244 l.
650 2214 682 2245 6.
704 2226 733 2245 c.
759 2224 810 2244 11.
858 2216 895 2244 L.
921 2214 1088 2255 Papirium
1110 2214 1284 2245 Cursorem
1301 2211 1471 2243 tribunum
1488 2210 1628 2240 militum
1645 2209 1701 2239 ha-

406 2260 474 2297 bet,
497 2270 593 2300 quem
612 2260 643 2289 &
667 2260 831 2290 censorem
848 2258 939 2290 fuisse
959 2270 998 2290 eo
1026 2259 1134 2296 lustro,
1158 2270 1223 2299 quo
1252 2257 1330 2288 urbs
1358 2264 1452 2297 capta
1468 2256 1522 2292 cst,
1544 2261 1704 2286 memorat

409 2305 494 2336 infra
508 2316 533 2335 c.
552 2315 601 2343 34.
654 2304 748 2334 Prior
765 2304 817 2335 illc
835 2304 982 2345 Papirius
998 2304 1119 2334 Cursor
1136 2304 1231 2344 hujus
1243 2301 1342 2333 nostri
1360 2312 1437 2332 avus
1451 2299 1542 2331 suiss'e
1558 2300 1702 2330 videtur.

409 2350 485 2380 Vid.
509 2349 605 2390 supra
618 2357 689 2379 not.
706 2359 732 2379 1.
745 2350 786 2380 ad
804 2360 829 2379 c.
847 2359 896 2388 31.
910 2349 932 2378 l.
947 2359 977 2386 5.
1022 2350 1077 2390 (8)
1102 2351 1223 2379 Parum
1241 2347 1356 2378 uiitata
1372 2346 1444 2377 sane
1468 2344 1601 2376 locutio.
1646 2343 1704 2374 Di-

410 2395 495 2426 citur
521 2402 640 2431 tamen,
671 2404 738 2424 non
765 2393 900 2424 absimili
925 2392 1025 2435 figur-³1
1054 2392 1221 2434 loquendi,
1243 2393 1324 2422 robur
1346 2394 1461 2427 virium,
1483 2389 1569 2420 infra
1597 2389 1620 2418 1.
1649 2397 1705 2420 22.

411 2451 436 2470 c.
453 2449 505 2477 40.
523 2440 552 2469 δι
571 2438 661 2470 alibi.
707 2439 761 2480 (9)
780 2439 829 2469 Sic
846 2442 978 2469 invicssnm
995 2442 1034 2468 ad
1046 2442 1174 2469 vulnera.
1210 2437 1305 2468 Ovid.
1321 2437 1345 2467 l.
1366 2446 1416 2467 12.
1432 2436 1571 2466 NIetam.
1589 2444 1619 2464 v.
1634 2433 1706 2464 166.

410 2484 490 2526 (10)
512 2484 561 2515 Sic
580 2485 710 2526 pfflszfies
735 2484 849 2514 horrore
876 2483 971 2524 supra
1000 2484 1023 2514 l.
1044 2494 1074 2514 Ι.
1091 2495 1119 2514 c.
1142 2482 1193 2514 16.
1209 2486 1308 2513 tfmore
1324 2481 1343 2512 l.
1360 2491 1393 2512 2.
1421 2491 1446 2511 c.
1475 2480 1647 2520 63.pudore
1666 2480 1705 2509 {3³

405 2533 504 2571 gaudio
521 2529 605 2559 infra
623 2529 642 2559 l.
664 2527 719 2560 26.
736 2539 761 2559 c.
777 2538 830 2567 50.
847 2528 879 2558 δε
896 2527 1015 2560 similia.
1034 2531 1202 2571 perfundere
1219 2530 1346 2569 religione
1361 2529 1480 2556 animum
1498 2525 1516 2554 l.
1536 2533 1589 2555 10.
1606 2535 1631 2555 c.
1653 2522 1704 2561 38.

417 2576 550 2604 Ultimum
567 2575 739 2616 supplitium
767 2581 875 2604 autem
893 2573 935 2604 est
962 2584 1054 2615 poena
1072 2572 1196 2603 mortis.
1223 2575 1349 2602 ultimam
1367 2580 1473 2612 pan-vn
1492 2576 1587 2600 vocat
1609 2566 1707 2607 supra

411 2618 429 2649 3.
454 2628 480 2659 3.
507 2630 531 2649 c.
548 2619 604 2658 58.
651 2618 728 2663 (11)
745 2616 810 2650 Ubi
827 2618 985 2657 qum-itur
1002 2617 1109 2658 hodie,
1132 2629 1174 2649 an
1190 2617 1331 2658 aliquem
1358 2614 1498 2647 Romani
1515 2615 1630 2645 ducem
1648 2622 1703 2652 op..

1586 2665 1704 2699 ΡΟΩΕΥΞ
