1853 3158
333 257 617 306 LIBER
676 265 750 306 111.
811 265 992 309 CAP.
1053 267 1231 312 XXXV.

144 380 201 420 tio
219 382 294 434 (2),
326 390 370 421 ut
391 381 583 434 primores
600 395 761 434 quoque
778 381 948 424 civitatis
966 386 1092 438 (metu
1106 387 1244 437 credo,
1265 396 1316 427 ne
1332 386 1434 428 tanti

144 438 319 491 possessio
339 438 508 491 imperii,
538 441 666 478 'vacuo
687 439 735 478 ab
757 439 794 478 se
811 440 953 480 reli&o
969 443 1073 492 loco,
1104 442 1213 484 haud
1235 444 1326 485 satis
1347 446 1435 500 dig-

144 495 207 535 nis
221 499 388 550 pateret)
409 494 639 549 prensarent
659 495 843 537 homines
860 514 872 546 3
903 497 1117 551 honorem,
1149 501 1303 542 summ&
1320 517 1395 556 ope
1413 518 1436 542 a

143 552 182 591 se
200 553 494 607 impugnatum,
516 552 564 592 ab
580 554 626 593 ea
646 553 774 607 plebe,
805 568 899 594 cum
921 557 1001 608 qua
1017 560 1322 611 contenderant,
1344 560 1437 614 sup-

144 610 300 663 pliciter
312 619 503 663 petentes.
566 611 625 665 (3)
655 610 834 651 Demiffa
849 613 934 667 jam
956 613 997 652 in
1019 615 1229 655 discrimen
1247 618 1436 672 dignitas,

1577 284 1656 328 207

143 668 190 707 efi
211 677 341 718 aetate,
371 667 494 720 iisque
525 666 745 709 honoribus
766 669 881 719 mstis,
913 670 1139 711 stimulabat
1170 672 1249 726 Ap.
1273 675 1438 714 Claudi·
1458 672 1643 714 Ap.Claudic'

146 739 228 764 um.
251 725 434 774 nescires,
466 723 604 764 utrum
626 726 728 765 inter
749 727 1013 780 decemviros,
1044 744 1095 768 an
1127 730 1229 769 inter
1250 733 1432 772 candida·
1458 718 1570 748 ‘'mh'''m

144 792 223 833 tos,
242 796 486 822 numerares.
547 784 715 837 Propior
731 784 935 824 interdum
949 788 1138 838 petendo,
1160 787 1282 839 quam
1297 803 1439 843 geren-

144 841 212 889 do,
239 840 486 894 magistratui
517 849 614 880 erat.
644 841 846 881 criminari
874 843 1103 896 optimates,
1132 846 1322 886 extollere
1345 861 1438 886 can-

143 897 371 937 didatorum
388 897 623 937 levissimum
637 913 839 952 quemque
856 898 1224 955 humillimumque.
1255 903 1334 957 ipse
1355 918 1439 945 me-

142 955 234 994 dius
259 955 362 994 inter
392 954 626 996 tribunicios
647 956 808 996 Duilios
839 957 1050 1011 Iciliosque
1081 960 1122 998 in
1145 959 1234 1000 foro
1254 961 1437 1013 volitare,

143 1026 214 1065 per
234 1012 321 1052 illos
343 1012 380 1052 se
416 1012 521 1066 plebi
541 1013 771 1054 venditare:
802 1015 930 1055 donec
958 1017 1122 1071 collegae
1155 1031 1334 1072 quoque,
1366 1021 1436 1073 qui

144 1067 260 1109 unice
282 1069 338 1109 illi
374 1069 499 1109 dediti
520 1069 680 1110 fuerant
700 1072 749 1111 ad
772 1072 811 1111 id
832 1082 1006 1127 tempus,
1039 1076 1245 1130 conjecere
1279 1077 1320 1115 in
1341 1091 1437 1116 eum

142 1129 298 1176 oculos,
320 1127 510 1167 mirantes
531 1128 629 1181 quid
651 1128 719 1168 fibi
739 1130 870 1169 vellet.
934 1132 1155 1185 Apparere,
1177 1133 1276 1173 nihil
1299 1135 1438 1174 sinceri

143 1184 246 1233 effe3
278 1183 450 1241 Prqfeffb
486 1185 588 1225 haud
614 1189 823 1240 gratuitam
844 1190 882 1226 in
902 1191 1012 1229 tantc'i
1026 1190 1203 1244 superbia}
1236 1193 1436 1232 comitatem

130 1242 233 1297 fore.
255 1244 409 1282 nimium
430 1244 469 1282 in
489 1246 551 1298 (4)
571 1245 731 1283 ordinem
739 1246 783 1299 st'
803 1247 915 1300 ipsum
930 1262 1063 1300 cogere,
1098 1248 1148 1289 ξεῖ
1176 1250 1328 1303 vulgari
1353 1265 1437 1289 cum

137 1302 323 1352 privatis,
354 1316 422 1340 non
454 1309 531 1340 tam
554 1304 788 1354 properantis
807 1304 907 1342 abire
941 1305 1169 1360 magistratu,
1201 1307 1312 1360 quc‘mz
1334 1310 1437 1346 viam

144 1358 196 1396 ad
212 1358 494 1397 continuandum
517 1360 769 1414 magistratum
789 1364 994 1413 quaerentis‚
1025 1363 1097 1417 ff·
1139 1364 1350 1417 Propalam
1367 1365 1438 1404 ob-

144 1414 250 1454 viam
268 1416 323 1454 ire
341 1415 549 1468 cupiditati
565 1431 708 1469 parurn
729 1418 826 1468 ausi,
858 1418 1165 1460 obsecundando
1186 1421 1341 1461 mollire
1363 1422 1439 1461 im-

143 1482 283 1525 petum
300 1472 600 1527 aggrediuntur.
624 1474 879 1514 comitiorum
895 1476 950 1515 illi
966 1476 1258 1527 habendorum,
1276 1481 1438 1532 quando

143 1530 335 1569 minimus
352 1539 448 1569 natu
471 1530 529 1578 sit,
561 1545 709 1571 munus
736 1532 927 1572 consensu
949 1534 1180 1589 injungunt.
1243 1538 1321 1576 Ars
1347 1537 1437 1578 haee

142 1597 241 1636 erat,
271 1601 320 1626 ne
342 1587 464 1626 semet
486 1587 565 1640 ipse
587 1603 720 1628 creare
748 1591 896 1642 pofl'et3
930 1593 1054 1643 quod,
1087 1603 1231 1645 praeter
1255 1594 1441 1634 tribunos

142 1644 268 1697 plebis
291 1647 350 1698 (&
382 1644 421 1683 id
444 1644 572 1697 ipsum
594 1646 758 1698 pessimo
783 1649 1003 1702 exemplo),
1034 1663 1155 1689 nemo
1178 1665 1356 1704 unquam
1378 1652 1438 1692 fe-

140 1702 262 1741 cisset.
286 1702 350 1740 ille
372 1702 577 1741 enimvero
599 1705 679 1757 (5),
711 1706 819 1756 quod
841 1704 942 1744 bene
971 1717 1113 1756 vertat,
1144 1707 1377 1748 habiturum
1399 1709 1438 1749 se

141 1760 305 1799 comitia
326 1758 532 1812 profeffu3‚
565 1762 626 1814 (6)
658 1761 993 1814 impedimentum
1015 1779 1087 1817 pro
1109 1766 1312 1806 occasione
1342 1768 1437 1806 arri->

141 1817 241 1870 puit.
263 1816 507 1871 dejectisque
521 1816 673 1857 honore
696 1834 766 1872 per
788 1822 848 1873 (7)
871 1821 1087 1860 coitionem
1105 1823 1263 1863 duobus
1281 1825 1438 1881 Qinc-

142 1875 220 1922 tiis,
253 1874 482 1927 Capitolino
506 1877 546 1915 &
562 1876 822 1928 Cincinnato,
858 1879 894 1917 &
919 1889 1061 1931 patruo
1083 1879 1152 1919 suo
1175 1881 1224 1921 C.
1248 1882 1437 1931 Claudio,

141 1931 451 1972 constantissimo
481 1933 566 1971 viro
583 1933 623 1972 in
644 1934 901 1987 optimatium
925 1938 1059 1987 causa,
1093 1941 1133 1977 δε
1157 1939 1242 1977 aliis
1259 1939 1437 1994 ejusdem

142 1989 287 2044 fastigii
309 1989 476 2039 civibus,
508 2004 763 2044 nequaquam
787 1992 992 2045 splendore
1022 1996 1113 2034 vitae
1143 2010 1256 2048 pares
1278 1998 1437 2036 decem-

1332 2069 1437 2095 viros

144 2165 196 2196 se'd
213 2165 279 2206 lege
293 2161 464 2196 Hortensia
481 2164 632 2196 effed’tum
645 2174 681 2197 ut
699 2166 766 2197 fasti
782 2167 892 2199 essent.
940 2168 994 2210 (2)
1016 2170 1160 2201 Tantum
1174 2179 1345 2209 certamen,
1368 2180 1437 2203 tan-

141 2218 194 2240 tus
211 2210 272 2241 fuit
294 2211 391 2240 ardor
402 2210 531 2251 petendi
549 2211 693 2243 honoris.
726 2214 780 2253 (3)
802 2216 870 2253 Ap.
885 2213 1057 2245 Claudium
1080 2226 1156 2246 cura
1174 2217 1320 2256 quaedam
1334 2218 1363 2246 8„-
1379 2217 1438 2247 sol-

142 2254 278 2285 licitudo
293 2254 481 2289 stimulabat,
496 2265 596 2295 quum
609 2256 731 2287 videret
749 2257 932 2288 clarillinios
950 2258 1034 2289 viros
1052 2259 1087 2289 eti
1104 2268 1206 2297 aetate,
1218 2261 1318 2301 iisque
1335 2262 1437 2292 hono-

143 2297 232 2329 ribus
260 2298 349 2335 actis,
393 2299 561 2331 demittere
577 2301 610 2330 in
627 2301 796 2333 discrimen
818 2302 1006 2344 dignitatem
1038 2305 1137 2335 snam.
1184 2306 1238 2346 (4)
1265 2309 1303 2336 Se
1327 2317 1438 2346 parem

143 2344 384 2383 quodammodo
401 2344 512 2374 ceteris
529 2356 545 2375 e
562 2346 659 2387 vulgo
676 2348 792 2378 facere.
840 2348 996 2379 Potestate
1013 2349 1067 2379 sna
1089 2350 1183 2390 supra
1208 2358 1330 2381 ceteros
1361 2351 1437 2381 emi-

143 2388 253 2424 nebat,
276 2389 307 2417 &
330 2396 418 2418 extra
431 2388 577 2420 ordinem
608 2391 809 2432 reliquorum
832 2392 952 2433 positus
983 2402 1050 2424 erat
1075 2395 1215 2435 Appius.
1262 2395 1438 2436 Vulgando

143 2433 174 2463 se
187 2444 260 2463 cnm
278 2432 421 2473 privatis,
447 2433 506 2463 sese
524 2435 643 2475 redegit
671 2437 911 2475 quodammodo
927 2437 960 2467 in
978 2438 1135 2475 ordinem,
1158 2451 1174 2470 e
1192 2450 1256 2479 qno
1274 2440 1346 2470 suus
1363 2451 1439 2471 eum

143 2477 342 2518 magistratus
359 2476 527 2508 eximebat.
573 2480 626 2518 (5)
652 2481 723 2510 Vox
737 2481 893 2512 intensiva
909 2482 976 2513 haec
993 2483 1045 2519 est,
1068 2484 1129 2523 quil
1140 2484 1252 2516 Livius
1269 2492 1353 2514 amat
1377 2485 1437 2516 uti.

144 2522 198 2561 (6)
225 2522 306 2552 Illud
322 2522 410 2562 quod
424 2521 550 2563 collegae
567 2522 797 2565 impedimento
814 2528 883 2557 fore
899 2527 1096 2564 censuerant,
1112 2531 1179 2569 Ap.
1198 2528 1335 2560 Claudio
1352 2540 1438 2560 com-

144 2567 240 2597 moda
252 2566 372 2596 occalio
383 2565 497 2597 exstitit
514 2568 723 2599 continuandi
740 2570 968 2611 magistratum.
1015 2573 1070 2613 (7)
1095 2575 1249 2604 Coeundo
1266 2584 1338 2603 cum
1356 2582 1437 2604 cete-

144 2611 187 2641 ri5
204 2611 381 2643 candidatis
403 2609 553 2643 adversus
569 2612 712 2655 ingratos
729 2615 785 2646 fibi
798 2616 1037 2657 competitores,
1056 2618 1095 2649 sic
1112 2618 1196 2649 infra}
1222 2619 1245 2650 l.
1266 2628 1315 2657 39.
1334 2629 1363 2650 c.
1381 2628 1435 2655 41.

1258 2664 1437 2702 Coi‘ersn'que
