1853 3158
873 252 925 295 T.
986 253 1245 297 L1V11

379 363 561 403 Senones
593 366 673 418 (5),
706 365 880 415 AEduos„
923 369 1161 421 Ambarros,
1207 370 1425 421 Carnutes,
1470 371 1688 424 Aulercos,

381 420 542 460 excivit.
604 422 821 464 Profectus
847 425 1077 479 ingentibus
1116 428 1299 481 peditum
1321 428 1589 481 equitumque
1623 443 1691 469 co-

383 477 473 530 piis,
496 477 537 517 in
569 480 631 533 (6)
661 480 910 522 Tricastinos
931 485 1054 524 venit.
1087 486 1213 538 Alpes
1229 486 1321 525 inde
1343 485 1535 538 oppositae
1550 495 1691 533 erant;

383 549 483 587 quas
504 535 842 590 inexsuperabiles
873 540 972 580 visas
993 540 1102 581 haud
1121 542 1310 595 equidem
1333 543 1474 592 miror,
1506 544 1568 596 (7)
1599 543 1692 582 nul-

384 591 421 631 la
442 592 541 631 dum
562 592 625 633 via
646 596 771 647 (quod
798 597 962 649 quidem
984 599 1197 639 continens
1218 599 1414 640 memoria
1436 600 1480 639 fit
1511 601 1588 653 (8),
1619 599 1691 641 nifi,

384 650 433 688 dc
455 649 634 690 Hercule
670 651 818 693 fabulis
853 655 1015 694 credere
1057 655 1171 710 libet)
1202 655 1416 710 superatas.
1475 656 1537 696 Ibi
1563 670 1693 709 quum

383 707 493 746 velut
515 707 645 761 septos
666 711 868 749 montium
885 712 1055 751 altitudo
1076 721 1229 752 teneret
1248 714 1405 764 Gallos,
1426 713 1694 767 circumspec-

384 772 613 818 tarentque,
645 767 819 819 quanam
842 781 912 821 per
937 769 1081 823 junEta
1104 771 1322 825 coelojuga
1343 771 1384 810 in
1411 771 1535 811 alium
1553 771 1693 811 orbem

384 829 582 862 terrarum
619 825 844 873 transirent,
877 828 938 879 (9)
970 827 1109 881 religio
1131 827 1253 866 etiam
1275 828 1422 877 tenuit,
1453 829 1567 882 quod
1598 828 1694 867 alla-

386 886 473 917 tum
495 880 568 930 est,
590 881 761 922 advenas
779 892 1004 935 quaerentes
1026 898 1168 938 agrum
1186 884 1236 924 ab
1266 887 1357 939 (10)
1388 885 1555 940 Salyum
1572 894 1693 940 gente

383 938 624 991 oppugnari.
686 939 946 979 Maffilienses
985 951 1098 981 erant
1119 940 1176 990 hi,
1208 942 1376 983 navibus
1405 958 1426 982 a
1464 945 1556 997 (11)
1588 941 1696 984 Pho-

385 992 467 1033 caefi
489 994 676 1048 profeCH.
739 996 785 1036 Id
809 997 919 1036 Galli
941 997 1117 1039 fortunae
1145 999 1225 1039 suae
1245 1014 1367 1040 omen
1391 1001 1466 1039 rati
1488 1001 1695 1055 adjuvere,

387 1060 445 1100 ut,
478 1066 599 1104 quem
621 1053 799 1106 primurn
831 1055 872 1093 in
899 1063 1047 1094 terram
1067 1056 1204 1110 egrefli
1225 1066 1536 1110 occupaverant,
1558 1058 1695 1097 locum

386 1113 483 1163 (12)
528 1111 757 1164 patentibus
790 1111 890 1150 filvis
928 1113 1241 1153 communirent.
1275 1114 1344 1167 ipfi
1383 1128 1455 1168 per
1488 1114 1695 1154 Taurinos

388 1166 585 1221 saltusque
617 1170 709 1221 (13)
741 1167 868 1208 invios
884 1169 1012 1222 Alpes
1032 1170 1389 1211 transcenderunt:
1419 1170 1593 1225 fusisque
1611 1171 1697 1210 acie

1551 1228 1698 1269 Tuscis

389 1351 468 1372 vans
499 1341 568 1372 duo*
595 1340 788 1382 pronomina
818 1345 891 1383 quod
913 1344 980 1383 (jus,
1003 1343 1279 1383 quemadmodum
1301 1345 1350 1385 qm‘
1375 1357 1463 1376 eorum
1485 1343 1572 1376 infra
1588 1355 1614 1376 c.
1639 1354 1696 1382 41.

389 1387 485 1416 Hane
502 1385 807 1427 interpretationem
824 1386 955 1428 prorsus
983 1397 1110 1428 nequeo
1127 1387 1329 1429 intelligere:
1356 1388 1474 1428 quibus
1505 1400 1595 1420 mens
1622 1399 1698 1430 per-

388 1429 547 1471 spicacior
561 1430 614 1467 est,
626 1430 688 1460 illis
706 1431 836 1462 sortall‘e
853 1431 1002 1472 placebit.
1050 1431 1299 1463 Observandum
1315 1440 1425 1464 autem
1441 1433 1485 1464 est
1500 1433 1625 1472 aliquot
1643 1444 1698 1464 co-

387 1474 475 1505 dices
504 1474 639 1515 scriptos
668 1475 800 1511 habere,
821 1478 893 1518 quod
904 1489 936 1505 ea
953 1489 1021 1517 gens
1037 1478 1150 1518 populis
1174 1478 1352 1512 abundabam
1380 1487 1479 1517 quam
1502 1477 1698 1518 scripturam

387 1520 401 1549 ὅ
425 1531 502 1549 πανυ
519 1518 706 1550 Gronovius
722 1520 888 1560 probavit,
910 1520 951 1550 fic
967 1528 1075 1551 autem
1098 1520 1332 1561 interpretatus
1348 1521 1409 1552 est:
1435 1521 1512 1561 quia
1527 1523 1617 1552 Italia
1632 1522 1699 1563 jam

387 1570 458 1594 tum
477 1564 607 1604 populis
623 1566 777 1603 frequens
805 1573 874 1595 erat
894 1566 925 1594 ὃ(
942 1564 1123 1595 cultoribus
1145 1565 1344 1601 abundabat,
1369 1565 1423 1597 ille
1441 1576 1572 1606 quoque
1588 1565 1703 1597 multi-

388 1608 503 1638 tudine
521 1609 653 1638 suorum
676 1609 858 1639 succinCtus
874 1609 921 1639 ire
943 1608 1060 1646 voluit,
1084 1610 1116 1640 ὅτ
1133 1620 1171 1640 ex
1189 1611 1357 1641 Celtarum
1373 1610 1504 1652 populis
1521 1610 1700 1652 compluri-

388 1652 449 1683 bus
467 1653 630 1683 deled'tum
647 1653 720 1694 egit.
769 1654 830 1684 Sed
858 1653 1148 1684 Drakenborchius
1174 1656 1261 1685 redte
1284 1655 1434 1686 observat
1458 1665 1554 1686 voces
1577 1669 1609 1685 ea
1630 1668 1700 1697 gens

388 1707 456 1727 non
474 1697 546 1738 capi
564 1697 651 1738 pofl'e
668 1699 707 1728 de
725 1697 825 1728 Italia.
871 1700 939 1740 Ego
961 1698 1140 1739 intelligere
1171 1699 1300 1730 mallem
1328 1698 1432 1740 ipsam
1449 1699 1606 1731 Celticam
1621 1710 1699 1741 gen-

389 1749 467 1779 tem,
482 1742 515 1772 in
533 1743 716 1782 complures
733 1742 874 1773 diversos
888 1742 1030 1783 populos
1045 1742 1179 1773 divisam
1193 1755 1200 1780 ;
1225 1743 1298 1774 ideo
1315 1751 1424 1774 autem
1437 1743 1504 1774 haec
1523 1745 1623 1775 verba
1641 1745 1698 1775 ad-

388 1787 468 1824 dita,
490 1797 530 1817 ne
555 1786 626 1826 quis
643 1786 780 1818 miretur
799 1787 997 1818 Bellovesum
1017 1787 1138 1827 septem
1160 1798 1273 1819 omnes
1297 1788 1438 1829 populos
1464 1787 1620 1820 excivisse.
1645 1789 1697 1831 E]

389 1832 444 1871 (5)
471 1833 516 1861 Ex
530 1831 590 1867 his,
612 1842 729 1872 nempe
753 1831 838 1868 solis,
860 1831 1029 1862 constitisse
1045 1831 1192 1862 ultimam
1210 1833 1371 1863 coloniam
1388 1832 1497 1863 scribit
1514 1833 1619 1863 noster
1630 1844 1701 1874 cap.

390 1877 457 1916 seq.
505 1877 565 1907 Sed
583 1876 650 1906 haec
679 1876 785 1917 prima
812 1877 940 1908 colonia
959 1887 998 1907 ex
1025 1876 1123 1907 variis
1150 1876 1278 1917 populis
1295 1876 1445 1908 constitit.
1491 1876 1547 1918 (6)
1572 1877 1617 1907 Hi
1634 1889 1702 1908 me·

390 1928 563 1951 morantur
586 1920 673 1951 infra
689 1922 708 1951 l.
736 1931 785 1953 21.
810 1933 839 1952 c.
866 1931 916 1960 31.
962 1921 1019 1961 (7)
1042 1921 1136 1951 Nulla*
1163 1924 1235 1958 dum,
1258 1932 1319 1963 pro
1336 1922 1483 1952 nondum
1500 1921 1579 1953 ulla.
1595 1930 1632 1953 ut
1650 1923 1701 1953 suu

391 1966 452 2006 pra
471 1967 488 1995 l.
514 1976 542 2004 3.
566 1976 591 1996 c.
620 1966 671 1996 60.
694 1979 739 1996 nec
755 1980 841 1996 omnes
858 1969 929 1996 dnm.
949 1967 979 1996 &
992 1965 1069 1996 alibi
1086 1965 1176 2006 saepe.
1223 1965 1338 1996 Similis
1356 1966 1404 1996 vis
1421 1974 1519 2006 atque
1536 1966 1700 1998 construc-

392 2010 438 2040 tio
452 2011 494 2041 est
508 2011 595 2051 apud
608 2013 739 2041 C-raecos
760 2010 927 2051 particulae
946 2022 1010 2048 πως
1024 2011 1063 2041 de
1075 2009 1138 2050 qua
1154 2011 1246 2041 adeat
1260 2011 1364 2051 lector
1378 2010 1596 2042 dofflffimum
1610 2012 1702 2042 Hoo-

391 2052 522 2095 g'eveen.
549 2057 583 2085 E.
610 2056 664 2096 (8)
690 2057 905 2097 Qodfizfflum
922 2056 970 2097 ‹ffi›
988 2063 1075 2086 certa
1092 2054 1169 2085 fides
1187 2054 1223 2085 fit
1238 2066 1274 2085 ex
1285 2054 1504 2085 monumentis
1521 2066 1539 2085 a
1552 2063 1701 2096 tempore

392 2099 437 2129 rei
467 2100 557 2140 gesta:
575 2101 616 2131 ad
633 2100 777 2130 nostrum
795 2101 895 2140 usque
911 2110 1017 2131 aevum
1040 2099 1232 2130 transmissis.
1279 2100 1329 2130 Sic
1349 2102 1420 2140 quod
1441 2102 1551 2140 quidam
1575 2105 1700 2130 αυὲἲονες

381 2145 450 2183 fient
471 2144 556 2175 infra
574 2145 593 2174 l.
619 2154 670 2183 23.
694 2156 722 2175 c.
749 2147 798 2175 10.
825 2145 850 2175 l..
875 2155 925 2183 30.
951 2156 981 2175 c.
1008 2144 1058 2175 26.
1082 2143 1137 2174 ubi
1156 2143 1300 2175 similiter
1317 2144 1703 2185 subintelligendumfac-

391 2196 447 2218 tam
464 2190 520 2231 ffa
569 2191 711 2219 Continfns
728 2189 841 2229 passim
858 2189 977 2219 dicitur
999 2189 1087 2229 apud
1104 2188 1248 2219 nostrum
1268 2189 1301 2219 id
1318 2190 1407 2230 quod
1430 2188 1623 2219 continuum
1640 2200 1700 2220 nec

392 2231 616 2274 interruptum
632 2234 683 2265 est.
732 2233 1022 2264 Drakenborchius
1044 2240 1152 2263 autem
1177 2233 1295 2274 accipit
1312 2244 1407 2264 voces
1431 2236 1566 2263 continens
1578 2235 1622 2276 stt
1639 2244 1703 2275 pro

392 2282 549 2309 contineat:
576 2279 851 2319 quemadmodum
873 2279 1082 2320 pe›·ti71ensfit‚
1109 2288 1170 2318 pro
1193 2281 1345 2319 pertineat,
1368 2276 1453 2308 infra
1477 2278 1496 2307 l.
1523 2277 1574 2309 28.
1599 2289 1623 2309 c.
1649 2288 1702 2316 44.

393 2323 448 2362 (9)
472 2322 633 2364 Religioni
654 2333 769 2364 nempe
795 2322 857 2353 fuit
885 2333 952 2353 non
976 2322 1130 2363 adjuvare
1146 2322 1197 2359 iis,
1219 2322 1287 2362 qui,
1310 2323 1389 2354 ficut
1404 2321 1474 2363 ipsi,
1496 2333 1597 2353 novas
1614 2323 1702 2354 sedes

393 2368 594 2407 quaerebant.
639 2369 716 2408 (ιο)
741 2367 876 2398 Codices
908 2366 1041 2407 quidam
1065 2366 1184 2397 habent
1210 2368 1398 2403 Salam-iorum,
1421 2369 1488 2407 quo
1516 2368 1547 2397 δε
1572 2367 1702 2408 vestigia,

393 2412 532 2443 aliorum
547 2413 695 2443 tendunt.
744 2413 774 2442 8<
791 2414 875 2442 forte
893 2411 991 2442 iidem
1013 2412 1085 2442 sunt
1103 2411 1160 2450 qui
1177 2422 1246 2452 cap.
1270 2412 1329 2452 seq⁴
1356 2412 1414 2442 sub
1432 2413 1623 2442 Salluviorum
1643 2422 1702 2442 no-

394 2456 481 2487 mine
507 2464 751 2487 memorantur.
802 2456 966 2497 Populum
992 2456 1103 2486 Galliae
1122 2456 1340 2486 Narbonenfis
1357 2455 1494 2487 indicari
1521 2456 1597 2486 inde
1626 2466 1703 2486 con-

395 2501 463 2537 stat,
487 2502 576 2542 quod
594 2501 802 2532 NIaffilienses
819 2500 851 2531 in
869 2512 983 2532 eorum
1006 2500 1135 2541 regione
1155 2500 1326 2532 consedisse
1342 2501 1502 2531 dieantur.
1550 2502 1626 2541 (ΙΙ)
1650 2502 1702 2531 De

395 2546 651 2581 lecaeenfibus,
666 2544 762 2576 Ionice
777 2545 911 2586 populo,
923 2544 1066 2586 patrium
1078 2545 1180 2575 solum
1191 2545 1355 2576 communi
1369 2544 1501 2576 consilio
1515 2544 1701 2585 relinquen-

396 2590 493 2627 tibus,
517 2598 652 2631 propter
680 2590 758 2633 Cyri
782 2590 999 2631 tyrannidem,
1022 2589 1151 2620 consule
1179 2591 1303 2621 Herod.
1327 2591 1347 2620 l.
1374 2599 1401 2620 1.
1449 2590 1623 2619 Phoc-<torum
1644 2591 1701 2618 Vc·

394 2637 572 2676 llffs'f'jfisssl
593 2637 732 2675 effficram
750 2639 868 2666 civita:-
916 2636 998 2665 Hor.
1021 2635 1124 2675 Epod.
1151 2634 1200 2665 16.
1247 2634 1325 2675 (12)
1357 2635 1433 2678 QlO
1458 2633 1491 2663 in
1518 2633 1592 2663 1000
1619 2633 1701 2663 nihil

394 2679 483 2711 aliud
497 2687 566 2711 tum
580 2686 659 2716 erat,
672 2683 769 2722 quam
787 2686 932 2721 patentes
946 2678 1039 2711 silvae,
1086 2679 1163 2721 (13)
1187 2679 1274 2711 Olim
1290 2679 1447 2712 edebatur
1452 2680 1595 2720 fidusque
1608 2678 1700 2718 Juliae

1586 2724 1672 2763 Alpis
1685 2738 1697 2757 ,τ
