1832 3137
373 288 653 330 LIBER
712 289 765 329 ΙΙ.
826 290 1006 333 CAP.
1067 293 1160 333 XV.

136 400 315 444 testatem
337 399 497 452 quidem
514 399 651 452 populi
674 399 849 439 Romani
869 402 972 440 effet.
1033 403 1185 442 omisso
1221 405 1408 445 Romano

134 457 252 506 bello,
273 456 458 503 Porsena,
477 470 526 495 ne
544 455 686 495 frustra
716 457 756 495 ln
787 471 832 496 ea
863 459 948 498 loca
984 461 1178 500 exercitus
1212 463 1410 504 a‹idu&us

137 515 348 561 videretur,
366 527 458 552 cum
479 522 589 566 parte
609 514 813 566 copiarum
834 514 961 554 filium
996 518 1193 556 Aruntem
1232 519 1410 558 Ariciam

136 581 411 625 oppugnatum
432 570 567 609 mittit.
627 571 766 610 Primo
790 572 974 611 Aricinos
990 588 1051 612 res
1069 575 1302 627 necopinata
1323 591 1411 628 per-

136 630 299 668 culerat.
323 626 494 667 arceffita
516 627 659 667 deinde
681 628 840 677 auxilia,
857 631 895 669 &
919 645 939 668 a
961 630 1113 669 Latinis
1125 632 1297 684 populis,
1322 636 1361 673 ἂν
1388 648 1412 672 a

135 685 291 733 Cumis,
313 694 470 723 tantum
492 684 572 737 spei
594 684 739 734 fecere,
762 695 805 724 ut
844 686 926 725 acie
957 688 1166 726 decernere
1207 690 1410 728 auderent.

134 743 284 782 Proelio
305 742 403 781 inito
420 739 520 781 adeo
542 742 741 782 concitato
762 743 914 796 impetu
936 743 972 782 se
994 744 1208 783 intulerant
1241 746 1412 798 Etrusci,

135 809 181 838 ut
211 799 425 838 funderent
441 799 524 852 ipso
546 799 705 839 incursu
723 800 923 840 Aricinos.
985 801 1180 840 Cumanae
1213 802 1411 851 cohortes,

134 865 218 896 arte
237 855 425 896 adversus
438 857 519 896 vim
542 856 633 906 usae,
656 857 901 897 declinavere
924 859 1146 910 paullulum
1166 875 1178 906 3
1210 857 1412 911 effuseque

135 916 197 967 (4)
219 915 402 967 praelatos
432 912 565 953 hostes
596 915 790 954 converfis
805 915 920 969 signis
942 915 990 954 ab
1012 925 1123 969 tergo
1145 917 1294 955 adortae
1311 917 1411 955 sunt.

133 970 195 1009 Ita
214 971 254 1009 in
274 971 406 1010 medio
427 969 550 1025 prope
569 973 652 1026 jam
684 971 856 1011 vi&ores
877 973 960 1012 caefi
992 973 1169 1012 Etrusci:
1209 987 1298 1025 pars
1326 987 1414 1026 per-

131 1028 290 1082 exigua,
331 1029 432 1068 duce
471 1029 622 1077 omiffo,
663 1029 755 1082 quia
788 1030 944 1069 nullum
982 1030 1144 1083 propius
1184 1030 1414 1084 perfugium

132 1095 233 1136 erat,
279 1086 456 1125 Romam
487 1087 658 1126 inermes
692 1090 732 1126 ἂν
766 1086 927 1126 fortun&
960 1090 997 1126 &
1031 1087 1156 1140 specie
1189 1087 1411 1141 supplicum

132 1143 252 1182 delati
291 1142 394 1182 sunt.
441 1143 495 1183 ibi
544 1141 716 1197 benigne
748 1145 902 1197 excepti
942 1145 1129 1196 divisique
1160 1144 1201 1183 in
1231 1144 1410 1197 hospitia.

133 1199 293 1240 Curatis
320 1201 566 1249 vulneribus,
597 1202 663 1240 alii
686 1201 859 1254 profecti
890 1202 1044 1250 domos,
1076 1202 1213 1240 nuncii
1241 1201 1413 1255 hospita-

131 1257 232 1295 lium
262 1257 552 1298 beneficiorum
626 1259 785 1299 Multos
824 1259 969 1298 Romae
996 1258 1196 1312 hospitum
1229 1258 1412 1311 urbisque

131 1314 274 1355 caritas
293 1315 434 1354 tenuit.
449 1315 510 1355 his
524 1316 635 1355 locus
651 1317 699 1355 ad
715 1315 976 1356 habitandum
993 1317 1122 1365 datus,
1136 1330 1255 1369 quem
1270 1316 1411 1355 deinde

135 1371 294 1425 Tuscum
316 1374 438 1412 vicum
452 1374 715 1425 appellarunt.

190 1429 285 1468 XV,
318 1432 379 1483 (1)
400 1431 444 1469 P.
467 1430 679 1469 Lucretius
701 1431 792 1469 inde
828 1433 867 1471 &
901 1430 946 1469 Ρ.
980 1430 1167 1471 Valerius
1204 1430 1410 1470 Publicola
1431 1446 1469 1474 U.
1486 1453 1512 1473 c.
1531 1452 1602 1482 247·

135 1486 316 1525 eonsules
330 1486 441 1526 facti.
503 1487 561 1525 Eo
579 1501 684 1526 anno
705 1485 952 1541 postremum
973 1487 1091 1541 legati
1113 1502 1134 1526 a
1160 1487 1328 1527 Porsen&
1362 1488 1410 1526 de
1430 1492 1471 1518 A·
1485 1488 1519 1517 C.
1535 1498 1609 1526 505·

131 1544 361 1583 reducendo
382 1543 422 1582 in
438 1557 608 1597 regnum
628 1544 851 1596 Tarquinio
867 1553 1073 1583 venerunt.
1106 1544 1250 1596 quibus
1285 1559 1411 1596 quum

1431 1535 1462 1562 P.
1471 1532 1633 1569 Lucretio,

1432 1579 1464 1607 P.
1487 1576 1615 1606 Valerio

132 1600 363 1653 responsum
393 1601 499 1649 esset,
530 1601 736 1639 miffurum
767 1602 816 1640 ad
846 1615 980 1654 regem
1022 1601 1199 1640 senatum
1232 1602 1381 1655 legatos
1399 1618 1411 1649 ς
1432 1621 1576 1657 meos&

133 1657 232 1695 miffi
249 1656 457 1697 confestim
471 1657 790 1697 honoratissimus
811 1658 975 1710 quisque
989 1671 1037 1696 ex
1052 1657 1250 1697 Patribus.
1311 1659 1413 1707 IVon,

136 1716 223 1767 quin
244 1715 404 1753 breviter
420 1714 522 1753 reddi
544 1715 737 1768 restmnsum
757 1716 931 1766 potuerit,
953 1730 1020 1753 non
1054 1717 1163 1767 recipi
1198 1730 1311 1768 reges,
1342 1716 1415 1755 ideo

130 1770 250 1825 potiics
288 1771 431 1810 deleHos
467 1771 631 1810 Patrum
666 1772 716 1810 ad
753 1787 832 1810 eum
864 1772 990 1826 mffs,
1027 1771 1137 1823 qulzrn
1169 1772 1296 1825 legatis
1337 1774 1414 1826 ejus

139 1829 262 1867 Romae
281 1829 433 1868 daretur
452 1829 646 1882 responsum
663 1847 674 1867 :
683 1829 754 1883 sed
797 1837 837 1867 ut
867 1830 905 1867 in
928 1837 1142 1880 perpetuum
1178 1831 1304 1867 mentio
1338 1831 1415 1882 ejus

139 1887 193 1923 rei
199 1884 398 1939 finiretur,
419 1901 486 1925 neu
507 1887 545 1924 in
565 1887 680 1924 tantis
697 1887 832 1924 mutuis
867 1884 1040 1939 beneficiis
1068 1887 1105 1923 in
1146 1887 1259 1924 vicem
1299 1888 1415 1924 animi

128 1942 414 1995 sollicitarentur
428 1961 440 1982 :
463 1958 573 1996 quum
595 1943 653 1981 ille
666 1951 816 1995 peteret,
838 1943 930 1994 quod
947 1951 1070 1981 contra
1085 1943 1282 1981 libertatem
1291 1943 1415 1994 populi

141 1999 301 2037 Romani
321 1999 392 2053 ejffet
409 2023 421 2044 ,·
456 2001 630 2047 Romani,
648 1999 713 2053 rifi
727 2001 764 2037 in
778 2001 975 2051 perniciem
983 2000 1094 2052 suam
1097 1999 1232 2054 faciles
1253 2001 1317 2053 eff'e
1339 2001 1415 2038 vel-

140 2056 229 2107 lent,
251 2065 437 2110 negarent,
457 2059 515 2096 cui
536 2056 630 2096 nihil
643 2066 811 2111 negatmn
833 2057 977 2095 vellent.
1038 2056 1124 2095 Non
1147 2056 1228 2114 (2)
1250 2058 1288 2094 in
1310 2071 1417 2109 regna

139 2113 143 2118 '
1244 2115 1417 2166 populum

141 2226 310 2270 scriptores
323 2227 436 2270 Optimi
453 2228 549 2261 locuti
560 2229 642 2265 sunt,
660 2239 731 2270 pro,
745 2231 773 2259 in
784 2230 922 2272 pottstate.
968 2227 1016 2259 Sic
1034 2227 1139 2265 etiam,
1153 2230 1181 2257 in
1197 2230 1345 2258 amicitiam
1361 2228 1418 2270 ff,

140 2276 169 2303 iu
180 2275 314 2316 czstodiam
331 2274 435 2308 habere,
453 2274 610 2304 &fimilia.
658 2274 762 2304 Graeci
776 2284 916 2314 quoque,
934 2274 964 2303 &
979 2273 1012 2302 in
1030 2272 1137 2313 primis
1161 2271 1274 2308 Attici,
1297 2272 1416 2313 pariter

141 2319 175 2351 ἓις
191 2328 253 2358 pro
270 2318 293 2346 ἐν
309 2317 470 2357 usurpant.
517 2319 568 2359 (4)
579 2319 688 2350 Effuso
701 2319 795 2350 cursu
819 2319 1046 2360 praetervectos
1071 2317 1177 2347 locum
1199 2316 1233 2347 in
1257 2327 1321 2357 quo
1353 2318 1416 2347 Cu-

141 2361 229 2395 mani
242 2361 452 2392 subsederant.

186 2442 221 2472 C.
248 2451 296 2479 15.
319 2441 372 2481 (1)
389 2442 424 2471 In
440 2441 531 2473 Livio
549 2443 642 2474 unius
658 2443 734 2474 anni
758 2442 898 2474 consules
911 2440 1079 2473 defiderari
1097 2441 1215 2472 constat
1228 2453 1235 2478 ς
1248 2441 1279 2471 &
1302 2440 1417 2474 vitium

141 2485 195 2516 vel
210 2486 271 2516 hoc
288 2485 359 2515 loco
384 2485 489 2524 latere,
514 2488 565 2518 vel
590 2488 623 2518 in
655 2488 718 2519 fine
740 2488 834 2529 hujus
864 2495 919 2518 aut
944 2486 977 2516 in
1001 2486 1093 2516 initio
1117 2485 1272 2525 sequentis
1297 2485 1417 2525 capitis.

144 2530 296 2561 Consules
320 2529 455 2565 omiffos,
467 2531 672 2563 librariorum
687 2532 751 2573 (uti
768 2532 913 2570 videtur)
929 2530 1062 2567 incurifi,
1078 2540 1226 2560 revocare
1251 2537 1416 2561 tentarunt

145 2574 328 2605 Gronovius
345 2574 666 2607 &Drakenborchius
676 2587 715 2607 ex
733 2576 880 2607 codicum
903 2575 1057 2616 vestigiis;
1081 2575 1111 2604 δε
1125 2574 1220 2604 'hunc
1244 2574 1349 2604 locum
1376 2573 1416 2604 sic

143 2620 209 2650 fere
226 2619 393 2660 legendum
413 2626 535 2659 putant.
582 2622 633 2650 Iis.
651 2622 789 2651 Horatius
821 2621 858 2651 {9³
882 2622 918 2650 P.
945 2622 1073 2650 Valerius
1099 2620 1257 2652 Pzzblic0!a;
1283 2621 1341 2647 inde
1369 2619 1415 2659 Sp„

143 2665 260 2694 Lartius
281 2664 318 2694 {3³
337 2663 372 2693 T.
389 2665 548 2694 Herminius
563 2667 672 2705 cmgsules
688 2668 777 2705 fizfli.
823 2664 871 2695 Sic
899 2665 983 2695 certe
1012 2663 1213 2694 recensentur
1236 2662 1376 2693 consules
1397 2673 1416 2692 a

144 2706 298 2749 Dionysio
315 2708 346 2739 δε
359 2707 564 2750 scriptoribus
577 2709 736 2741 fastorum.
782 2709 836 2750 (2)
854 2708 912 2740 His
925 2708 1041 2747 verbis,
1051 2707 1084 2739 ni
1100 2707 1203 2745 fallor,
1219 2706 1300 2738 ratio
1314 2705 1415 2779 redtdi-

1378 2759 1414 2782 ur
