1853 3158
335 291 619 349 LIBER
680 303 754 343 111.
817 305 1002 347 CAP.
1065 306 1222 348 LXIII.

131 421 237 461 esset.
299 419 490 474 Castigati
513 418 680 458 fortium
699 419 831 458 statim
852 419 1032 460 virorum
1047 433 1214 474 operam
1233 422 1403 462 edebant
1420 436 1429 463 ε

130 486 370 531 tantumque
389 477 464 516 hos
485 477 632 529 pudor,
664 486 863 528 quantum
895 477 993 516 alios
1028 479 1166 518 laudes
1188 480 1427 519 excitabant.

132 534 424 589 Redintegrato
458 535 647 580 clamore,
694 534 873 585 undique
910 547 1050 573 omnes
1083 536 1231 574 connifi
1271 536 1430 575 hostem

130 601 330 639 avertunt,
351 605 425 630 nec
448 590 591 629 deinde
610 589 799 628 Romana
819 589 877 628 vis
899 589 1081 628 sustineri
1099 593 1242 643 potuit.
1275 592 1430 641 Sabini,

131 646 204 687 fufi
223 648 358 701 paflim
379 661 449 700 per
475 661 606 700 agros,
638 646 764 685 castra
785 645 888 685 hosti
909 647 958 684 ad
984 648 1161 698 praedam
1181 649 1428 701 relinquunt.

130 705 186 744 ibi
206 720 287 745 non
308 705 521 753 sociorum,
545 701 641 742 ficut
663 703 704 741 in
725 703 891 757 Algido,
914 716 992 750 res,
1015 702 1080 742 sed
1096 704 1182 743 suas
1198 705 1429 757 Romanus,

130 760 458 815 populationibus
476 774 664 814 agrorum
684 760 853 807 amiffas,
886 759 1040 812 recipit.
1103 761 1281 800 Gemina
1302 763 1432 802 vieto-2

128 820 188 858 ria
209 819 367 858 duobus
382 818 568 857 bifariam
598 817 752 871 proeliis
769 815 895 869 partit,
927 819 989 869 (2)
1011 816 1186 879 maligne
1210 818 1366 857 senatus
1390 820 1429 857 in

129 890 258 915 unum
280 876 387 915 diem
405 874 714 927 supplicationes
733 873 944 913 consulum
962 873 1126 911 nomine
1141 875 1330 913 decrevit.
1353 876 1432 915 Po-

128 934 248 985 pulus
270 933 415 987 injuffu
439 934 478 971 ὅτ
501 931 625 970 altero
647 930 710 969 die
728 930 943 982 frequens
935 930 980 968 rit
1001 930 1267 982 supplicatum
1291 934 1432 985 (3).&

128 989 215 1029 haec
237 1004 336 1043 vaga
369 987 650 1041 popularisque
672 987 910 1040 supplicatio
943 986 1082 1026 studiis
1111 1002 1235 1041 prope
1258 989 1434 1027 celebra-

129 1046 207 1085 tior
221 1045 311 1086 fuit.
345 1045 539 1085 Consules
553 1058 602 1083 ex
620 1045 839 1097 composito
851 1044 995 1083 eodem
1008 1043 1132 1083 biduo
1147 1046 1196 1083 ad
1212 1044 1352 1084 urbem
1368 1060 1433 1085 ac-

129 1103 289 1152 cessere,
321 1101 615 1154 senatumque
606 1115 648 1140 m
680 1101 883 1140 Martium
905 1115 1095 1154 campum
1118 1115 1332 1141 evocavere
1356 1106 1430 1156 (4).

129 1159 200 1198 ubi
232 1173 360 1213 quum
391 1160 439 1199 de
467 1159 586 1198 rebus
609 1158 658 1197 ab
680 1157 717 1196 se
735 1158 853 1212 gestis
873 1168 1052 1211 agerent,
1084 1159 1212 1210 questi
1234 1159 1431 1211 primores

128 1216 313 1265 Patrum,
334 1217 516 1255 senatum
536 1216 641 1255 inter
662 1215 809 1255 milites
831 1215 965 1254 dedita
986 1214 1108 1267 opera
1128 1216 1290 1255 terroris
1312 1216 1433 1255 causa

128 1273 280 1313 haberi.
304 1274 438 1326 itaque
476 1273 567 1312 inde
591 1272 789 1323 consules,
820 1286 870 1311 ne
888 1271 1158 1311 criminationi
1187 1273 1300 1312 locus
1322 1274 1432 1323 esset,

132 1331 174 1369 in
209 1339 320 1383 prata
340 1330 536 1370 Flaminia
558 1332 635 1383 (5),
665 1329 733 1368 ubi
771 1343 878 1368 nunc
900 1331 961 1382 (6)
984 1330 1089 1368 aedes
1123 1330 1325 1381 Apollinis
1359 1330 1430 1378 est,

130 1388 230 1441 (jam
253 1397 340 1426 tum
363 1390 424 1441 (7)
448 1388 727 1439 Apollinarem
764 1385 1035 1439 appellabant)
1070 1400 1284 1425 avocavere
1321 1385 1433 1425 sena-

130 1453 232 1482 tum.
293 1444 381 1483 Ubi
404 1456 531 1496 quum
554 1443 707 1496 ingenti
729 1442 923 1481 consensu
944 1442 1111 1481 Patrum
1125 1453 1339 1496 negaretur
1361 1443 1432 1482 tri-

132 1500 324 1553 umphus,
355 1501 403 1539 L.
437 1501 572 1539 Icilius
595 1499 781 1538 tribunus
806 1498 933 1552 plebis
965 1500 1057 1537 tulit
1078 1501 1127 1538 ad
1155 1501 1351 1552 populum
1381 1501 1431 1539 de

1571 321 1651 364 243

128 1557 337 1610 triumpho
372 1557 607 1604 consulum3
642 1557 780 1595 multis
802 1555 1013 1594 diffuasum
1037 1557 1329 1608 prodeuntibus
1352 1560 1429 1611 (8),
1451 1566 1633 1595 Contentioner

131 1613 305 1652 maxime
328 1616 388 1667 (9)
431 1614 478 1653 C.
502 1613 673 1652 Claudio
692 1612 953 1661 vociferante,
986 1613 1050 1651 De
1071 1614 1267 1661 Patribus,
1300 1630 1368 1653 non
1389 1615 1431 1653 de
1447 1611 1478 1638 ‘¹²'
1493 1611 1632 1653 ‘'²²‘mph0

129 1671 293 1725 htstibus,
324 1671 477 1723 cmfitlcs
496 1670 726 1722 taiumphare
762 1670 881 1713 velle,-
916 1671 1152 1722 gratiamque
1177 1680 1249 1722 pro
1276 1673 1431 1723 privato

130 1729 258 1766 merito
288 1729 326 1765 in
348 1728 555 1777 tribunum,
587 1742 655 1764 non
670 1737 739 1777 pro
761 1727 902 1764 viante
921 1725 1103 1775 honorem,
1127 1726 1217 1778 peti.
1240 1742 1430 1781 nunquam

130 1782 219 1823 ante
235 1784 277 1823 de
289 1784 475 1836 triumpho
489 1758 559 1835 pei,
572 1784 745 1835 populum
766 1787 907 1831 11811111,
917 1784 1065 1836 semper
1083 1758 1344 1837 {stimationem
1365 1801 1431 1823 ar-

132 1842 356 1894 bitriumque
376 1857 453 1894 ejsus
473 1841 617 1879 honoris
629 1851 739 1891 penes
747 1840 921 1892 senatum
938 1840 1066 1904 suff.
1091 1855 1134 1878 ne
1155 1855 1255 1893 reges
1285 1842 1430 1894 quidem

131 1898 501 1953 majqstatemsummi
521 1898 660 1936 mdinis
681 1897 907 1951 imminuffi.
931 1911 975 1935 ne
993 1899 1046 1935 ita
1066 1898 1184 1936 omnia
1211 1899 1353 1937 tribuni
1365 1910 1431 1951 po-

132 1957 353 2011 testatissuae
374 1956 579 2008 impletent‚
612 1963 653 1992 ut
683 1954 824 1992 nullum
846 1954 1034 2005 publicum
1065 1954 1155 2008 corgs
1154 1955 1245 1993 [111111
1263 1955 1433 2008 fine-ient

131 2015 204 2068 ff.
268 2013 328 2051 Ita
349 2013 491 2051 demum
508 2012 659 2050 liberam
680 2011 979 2065 civitatemfhre,
1010 2013 1062 2049 ita
1087 2021 1248 2065 aequatas
1267 2013 1375 2065 leges,
1391 2012 1435 2066 st

120 2072 195 2124 sua
216 2071 361 2126 quisque
383 2072 483 2124 jura
504 2069 604 2118 ordo,
628 2069 740 2123 suam
762 2068 980 2123 maji-statem
1001 2077 1132 2107 teneat.
1194 2069 1241 2108 In
1261 2071 1430 2110 eandem

134 2187 205 2218 vius
222 2187 328 2218 casum
345 2185 478 2218 tertium
495 2183 650 2226 usurpare
668 2182 778 2217 solitus
795 2184 849 2216 est.
899 2185 955 2225 (2)
981 2187 1078 2216 Nimis
1097 2185 1196 2227 parc&
1218 2197 1319 2226 quum
1336 2198 1432 2228 opor«

133 2231 240 2262 tuiffet
258 2240 293 2262 ut
311 2231 475 2272 cujuslibet
501 2230 638 2261 consulis
651 2229 782 2261 nomine
799 2230 833 2259 in
851 2240 953 2259 unum
970 2230 1055 2261 diem
1072 2230 1265 2271 supplicatio
1282 2232 1434 2262 decerne-

136 2283 234 2305 retur.
255 2274 295 2306 s1c
320 2274 404 2305 infra
422 2276 441 2305 l.
463 2275 494 2306 8.
509 2286 533 2305 c.
556 2283 604 2306 12.
624 2275 647 2306 l.
667 2284 719 2315 39.
739 2286 765 2305 c.
786 2283 818 2314 9.
836 2273 867 2303 δε
885 2277 1045 2315 malignitas
1063 2275 1159 2315 supra}
1175 2275 1199 2305 l.
1219 2284 1246 2306 2.
1263 2286 1288 2306 c.
1308 2285 1361 2312 42.
1385 2275 1432 2305 ἰη-

135 2319 186 2349 fra
204 2320 222 2348 l.
242 2329 271 2357 5.
288 2330 313 2349 c.
332 2329 382 2350 20.
430 2320 486 2360 (3)
509 2319 669 2359 Supinum
683 2319 771 2359 prius
797 2329 871 2349 cum
888 2318 989 2348 verbo
1014 2322 1066 2356 ire,
1089 2318 1222 2358 aliisque
1239 2327 1364 2350 motum
1390 2321 1431 2350 ad

134 2364 244 2393 locum
272 2363 471 2400 notantibus,
494 2363 605 2404 paffim
633 2364 780 2393 obvium.
797 2362 837 2393 fic
857 2366 999 2404 perditum
1015 2366 1068 2400 ire,
1090 2362 1175 2393 infra
1192 2363 1211 2392 l.
1245 2373 1295 2402 32.
1326 2375 1352 2394 c.
1379 2373 1429 2395 22.

134 2408 158 2437 1.
178 2417 228 2447 39.
249 2419 273 2437 c.
294 2417 342 2437 10.
368 2409 507 2438 Terent:
517 2408 621 2438 Andr.
641 2417 671 2438 1.
692 2417 721 2437 1.
743 2417 817 2445 107.
834 2408 986 2449 arcfftum
1003 2410 1054 2444 ire,
1076 2408 1155 2438 Ter,
1181 2409 1263 2437 Eun.
1283 2417 1315 2446 5.
1336 2417 1363 2438 z.
1380 2418 1432 2447 53.

135 2452 167 2481 δε
185 2451 270 2482 infui
287 2451 320 2481 in
337 2452 398 2482 hoc
416 2462 487 2492 cap.
509 2452 650 2493 dgffiazsum
660 2454 788 2492 prodire.
837 2452 890 2491 (4)
913 2451 988 2481 Vid.
1004 2459 1071 2482 not.
1090 2461 1120 2483 1.
1138 2452 1178 2482 ad
1203 2463 1231 2482 c.
1253 2462 1300 2482 10.
1321 2452 1429 2492 supra„

136 2496 191 2535 (5)
215 2497 338 2526 Eorum
361 2495 507 2526 meminit
527 2495 624 2536 supra
648 2506 674 2526 c.
695 2506 750 2534 54,
769 2496 809 2525 ad
827 2494 878 2524 fin.
925 2495 978 2536 (63
1003 2496 1103 2526 AEdes
1121 2495 1174 2525 illa
1191 2496 1326 2526 sedecim
1343 2496 1434 2526 anuis

136 2540 207 2581 post
223 2548 311 2576 vota,
333 2539 518 2575 &biennim
543 2539 712 2580 postquam
728 2547 805 2570 vota
821 2541 917 2576 foret,
938 2539 1086 2570 dedicata
1102 2540 1154 2571 est.
1174 2540 1241 2570 vid.
1259 2540 1344 2570 infra
1361 2540 1381 2569 l.
1402 2550 1434 2577 4.

136 2595 162 2614 c.
181 2593 219 2622 25
240 2585 270 2613 &
296 2593 348 2624 29.
395 2584 451 2624 (7)
473 2585 581 2614 Locus
596 2584 661 2624 jam
678 2594 715 2614 eo
728 2591 876 2624 tempore
897 2594 936 2613 ex
955 2584 1085 2614 nomine
1107 2584 1271 2624 Apollinis
1293 2584 1435 2625 appella-

135 2627 246 2658 batur.
294 2628 480 2658 Gronovius
497 2628 668 2669 legendum
685 2628 789 2658 censet
807 2629 970 2668 Apollinar,
993 2635 1028 2659 ut
1042 2629 1194 2670 Lupercal,
1216 2629 1386 2664 Bacchanal,
1402 2629 1435 2658 &

136 2671 265 2702 similia:
293 2673 346 2703 sed
374 2675 528 2713 Apollinar
556 2671 629 2708 dici,
652 2680 692 2702 ne
719 2671 812 2702 litera
838 2673 866 2701 L
892 2671 1029 2713 repetita
1055 2671 1195 2703 insuavis
1224 2671 1356 2702 auribus
1385 2681 1435 2702 ace

137 2715 270 2748 cideret-
317 2717 373 2759 (8)
398 2718 522 2758 Nempe
533 2715 566 2748 in
578 2715 775 2749 concionem.
821 2716 877 2757 (9)
900 2716 1003 2758 Appii
1017 2716 1190 2751 decemviri
1204 2724 1332 2758 patruo.

775 2777 815 2816 R
852 2789 873 2816 2
1202 2774 1433 2817 sententiam

1540 2023 1563 2066 †
