1853 3158
137 301 195 352 46
821 298 1186 341 T.L1V11

360 426 445 453 rem
477 421 653 468 agerent,
684 411 789 453 bello
814 413 995 468 impediti
1018 414 1117 465 sunt.
1153 427 1327 468 namque
1349 413 1493 468 trepidi
1515 415 1652 458 nuncii

359 470 508 525 primo,
539 470 634 525 fuga
656 471 798 511 deinde
820 485 868 510 ex
891 472 994 527 agris
1016 473 1192 527 legiones
1211 472 1450 512 Volscorum
1467 473 1653 528 ingressas

359 528 475 577 fines,
498 529 760 582 popularique
782 529 917 583 passim
935 530 1170 570 Romanum
1192 545 1348 584 agrum,
1371 531 1552 570 attulere.
1603 532 1653 570 In

357 585 437 638 quiz
457 586 720 640 trepidatione
740 596 896 626 tantum
919 587 1036 639 afuit,
1068 598 1112 627 ut
1134 588 1263 628 civilia
1285 588 1502 628 certamina
1523 597 1654 628 terror

356 654 545 684 externus
563 643 780 694 cohiberet,
813 654 856 684 ut
887 644 1025 685 contra
1058 660 1106 685 eo
1137 646 1349 685 violentior
1380 645 1552 700 potestas
1583 646 1654 685 tri-

356 701 517 741 bunicia
540 703 796 756 impediendo
817 703 991 743 dele&ui
1009 703 1125 742 esset:
1157 704 1284 743 donec
1303 704 1555 743 conditiones
1577 703 1654 742 im-

356 760 490 812 pofitae
512 760 714 811 Patribus,
746 775 795 800 ne
816 761 919 814 quis,
951 762 1082 814 quoad
1102 759 1295 800 bellatum
1315 761 1421 812 esset,
1452 761 1651 801 tributum

357 818 483 866 daret,
516 827 584 857 aut
615 819 682 872 jus
711 819 759 857 de
783 818 953 871 pecunia
974 818 1125 858 credita
1147 818 1310 858 diceret.
1371 821 1432 873 (2)
1463 819 1522 858 Eo
1543 820 1652 858 laxa-

356 885 493 915 mento
515 875 620 929 plebi
642 876 817 929 sumpto,
849 890 959 915 mora
991 876 1166 915 ᾶείεᾶιιί
1202 890 1284 915 non
1305 875 1361 914 est
1392 875 1513 916 faeta.
1544 892 1547 896 ·
1574 876 1653 915 Le-

356 933 542 987 gionibus
564 934 676 973 novis
698 933 868 987 scriptis,
900 934 1066 987 placuit,
1099 934 1199 973 duos
1227 933 1425 972 exercitus
1446 934 1487 972 in
1509 947 1651 988 agrum

142 1011 294 1048 pomorum
356 991 551 1030 Volscum
573 991 797 1044 legionibus
823 992 952 1031 divisis
981 991 1087 1030 duci.
1146 991 1215 1044 Sp.
1239 991 1399 1039 Furius,
1431 991 1496 1031 M.
1517 991 1652 1030 Hora-

137 1046 312 1096 agrssidews-
357 1049 435 1088 tius
467 1048 693 1087 dextrorsus
728 1051 789 1101 (3)
822 1049 1064 1088 maritimam
1086 1063 1198 1088 oram
1220 1057 1339 1101 atque
1372 1048 1559 1098 Antium,
1592 1049 1666 1106 Q

136 1107 242 1131 ²⁴²⁸¹¹¹²³
356 1106 547 1146 Servilius
583 1107 623 1145 δι’
657 1105 705 1143 L.
742 1105 951 1158 Geganius
987 1107 1081 1146 laevfi
1105 1107 1154 1146 ad
1176 1115 1333 1146 montes
1355 1106 1539 1146 Ecetram
1563 1120 1653 1159 per-

356 1173 470 1218 gunt.
531 1160 688 1202 Neutra
709 1171 819 1215 parte
840 1162 963 1202 hostis
979 1163 1120 1203 obvius
1136 1163 1226 1203 fuit.
1288 1164 1499 1217 Populatio
1516 1164 1651 1216 itaque

357 1235 438 1260 non
461 1221 516 1258 illi
539 1233 647 1274 vagae
679 1219 827 1269 similis,
859 1234 979 1272 quam
1000 1220 1172 1260 Volscus
1194 1221 1390 1260 latrocinii
1416 1236 1543 1272 more,
1576 1222 1652 1260 dis-

357 1277 491 1318 cordia
512 1277 687 1317 hostium
709 1277 850 1326 fretus,
884 1279 921 1317 &
945 1277 1135 1316 virtutem
1158 1287 1358 1328 metuens,
1389 1292 1459 1332 per
1479 1279 1653 1332 trepida-

356 1337 507 1378 tionem
550 1336 694 1389 raptim
731 1334 906 1383 fecerat3
951 1334 1016 1374 sed
1050 1334 1098 1374 ab
1126 1339 1152 1388 †
1181 1335 1289 1390 justo
1327 1337 1504 1375 exercitu
1540 1337 1648 1391 justa

354 1394 411 1434 ira
453 1393 575 1441 faffita,
621 1393 745 1447 spatio
789 1406 950 1446 quoque
995 1392 1186 1461 temperis
1232 1392 1401 1447 gravior.
1483 1394 1649 1450 Qippe

356 1467 378 1491 a
419 1452 593 1501 Volscis,
640 1451 889 1500 timentibus,
919 1465 968 1490 ne
1000 1450 1161 1490 interim
1194 1450 1393 1490 exercitus
1428 1450 1476 1491 ab
1515 1452 1650 1492 Roma

356 1510 496 1559 exiret,
528 1509 770 1549 incursiones
805 1509 845 1548 in
877 1518 1055 1548 extrema
1078 1508 1222 1548 finium
1255 1507 1374 1548 fa&ae
1396 1517 1533 1548 erant:
1565 1509 1652 1548 Ro-

358 1583 477 1607 mano
500 1566 639 1607 contra
656 1568 777 1606 etiam
799 1567 840 1605 in
858 1566 1012 1607 hostico
1035 1567 1216 1606 morandi
1239 1566 1354 1606 causa
1369 1576 1468 1615 erat,
1501 1575 1545 1606 ut
1564 1565 1666 1606 hos--

357 1636 439 1665 tem
463 1627 511 1665 ad
533 1635 735 1665 certamen
753 1625 926 1664 eliceret.
985 1625 1143 1677 Itaque,
1174 1623 1361 1664 omnibus
1383 1624 1517 1677 passim
1535 1621 1655 1664 testis

357 1698 562 1738 agrorum,
592 1682 765 1735 vicisque
801 1682 922 1721 etiam
945 1681 1181 1735 quibusdam
1207 1681 1371 1732 exustis,
1403 1696 1484 1721 non
1513 1681 1651 1721 arbore

357 1740 569 1795 frugifera,
601 1755 681 1780 non
705 1743 766 1793 (4)
789 1739 877 1780 satis
911 1739 952 1778 in
985 1740 1093 1793 spem
1125 1739 1290 1794 frugum
1325 1739 1491 1790 reliEtis,
1522 1740 1651 1788 omni,

357 1814 447 1852 quoe
483 1809 593 1838 extra
631 1798 781 1837 moenia
815 1796 907 1846 fuit,
949 1796 1162 1836 hominum
1198 1798 1483 1850 pecudumque
1519 1797 1654 1850 praeda

356 1857 513 1906 abaftzi,
546 1857 724 1896 Romam
747 1855 935 1908 utrinque
957 1855 1155 1895 exercitus
1172 1854 1343 1894 redueti.

414 1914 593 1954 XXXII.
626 1916 752 1954 Parvo
789 1913 997 1952 intervallo
1027 1914 1075 1952 ad
1108 1912 1383 1966 respirandum
1405 1911 1651 1953 debitoribus

356 1975 465 2021 dato,
498 1972 708 2025 postquam
742 1971 886 2023 quietae
921 1985 983 2010 res
1013 1970 1061 2010 ab
1091 1969 1268 2010 hostibus
1302 1979 1429 2018 erant,
1463 1971 1521 2023 (1)
1550 1972 1653 2010 cele-

356 2031 460 2070 brari
483 2031 531 2069 de
554 2030 708 2083 integro
725 2028 979 2084 jurisdi5Ho3
1014 2031 1052 2069 &
1076 2037 1233 2067 tantum
1255 2027 1379 2067 abesse
1401 2028 1487 2080 spes
1508 2028 1652 2067 veteris

356 2089 513 2128 levandi
535 2087 719 2138 foenoris,
751 2096 795 2125 ut
826 2085 975 2125 tributo
1003 2100 1153 2125 novum
1185 2085 1320 2125 foenus
1352 2084 1655 2125 contraheretur

358 2149 420 2200 (2)
442 2146 481 2184 in
504 2159 683 2195 murum,
715 2159 736 2183 a
764 2143 992 2183 censoribus
1019 2145 1196 2184 locatum
1228 2143 1318 2182 saxo
1341 2143 1535 2196 quadrato
1557 2142 1655 2183 faci-

359 2204 527 2243 undum.
550 2203 615 2242 cui
638 2201 895 2241 succumbere
916 2201 1028 2240 oneri
1050 2201 1189 2240 ceneta
1206 2200 1366 2254 plebes;
1399 2200 1507 2253 quia,
1529 2215 1653 2253 quem

358 2261 562 2301 dele&um
588 2260 843 2313 impedirent,
875 2273 955 2297 non
972 2258 1171 2298 habebant
1192 2258 1341 2298 tribuni
1361 2257 1500 2311 plebis.
1560 2258 1654 2297 Tri-

358 2319 487 2360 bunos
509 2318 629 2358 etiam
651 2317 841 2357 militares
862 2316 1049 2370 patricios
1071 2330 1225 2365 omnes,
1255 2317 1395 2356 coacta
1422 2315 1651 2369 principum

1490 2373 1652 2427 opibus,

358 2497 545 2535 frequenter
570 2494 666 2524 latet:
692 2491 806 2523 contra
833 2495 912 2523 vero
938 2494 1065 2523 materia.
1089 2493 1127 2523 E.
1176 2491 1230 2534 (2)
1255 2493 1365 2534 Qum
1391 2490 1482 2532 plebs
1507 2489 1540 2521 id
1568 2489 1653 2521 laxa·

359 2542 459 2571 menti
491 2538 667 2580 accepisset.
721 2538 777 2577 (3)
813 2539 1001 2567 [Maritimam
1029 2551 1105 2568 oram
1124 2560 1130 2567 .
1150 2560 1157 2567 .
1173 2545 1313 2579 .pergm.¹t
1338 2535 1393 2568 ,vix
1423 2535 1539 2575 placet.
1596 2537 1652 2564 An

358 2585 467 2624 itaque
484 2585 686 2615 scribendum
702 2582 800 2612 dextri}
817 2583 913 2612 ’νη-,εἷα
926 2596 983 2612 mut
991 2585 1094 2612 itimam
1107 2595 1182 2611 oram
1193 2583 1210 2611 Ρ
1235 2582 1323 2622 quod
1340 2580 1414 2611 inde
1431 2578 1551 2610 fil‘nlarl
1564 2578 1652 2609 Vide-

358 2639 423 2666 tur,
439 2630 527 2670 quod
541 2628 635 2659 etiam
648 2638 731 2664 mox,
746 2627 855 2658 addita
868 2627 1104 2668 praepositione,
1119 2627 1205 2657 dicat
1217 2627 1290 2657 laevd
1302 2629 1340 2656 ad
1350 2632 1457 2655 montes.
1501 2623 1556 2664 (4)
1572 2624 1654 2659 Sata,

360 2685 420 2716 pro
437 2674 603 2715 segetibus,
625 2675 776 2713 frequens
792 2672 843 2702 est.

406 2738 440 2767 C.
459 2746 509 2774 32.
538 2736 591 2776 (1)
613 2737 669 2776 Jus
687 2734 803 2765 assidue}
821 2733 883 2765 dici
908 2734 1003 2774 coepit
1020 2733 1059 2763 de
1077 2733 1220 2774 pecuniis
1238 2732 1375 2764 creditis.
1420 2731 1476 2772 (2)
1498 2728 1652 2766 Tributo,

359 2792 486 2823 nempe,
509 2781 632 2812 indicto
651 2781 688 2811 ad
708 2779 930 2812 exstruendum
949 2789 1088 2814 murum,
1115 2789 1210 2818 quem
1228 2778 1370 2810 censores
1393 2773 1651 2827 redempt-oribus

1429 2827 1652 2851 commiserant
