<?xml version="1.0" encoding="UTF-8"?>
<!DOCTYPE html PUBLIC "-//W3C//DTD XHTML 1.0 Transitional//EN"
    "http://www.w3.org/TR/xhtml1/DTD/xhtml1-transitional.dtd">
<html xmlns="http://www.w3.org/1999/xhtml" xml:lang="en" lang="en">
 <head>
  <title>
</title>
<meta http-equiv="Content-Type" content="text/html;charset=utf-8" />
  <meta name='ocr-system' content='tesseract 3.04.00' />
  <meta name='ocr-capabilities' content='ocr_page ocr_carea ocr_par ocr_line ocrx_word'/>
</head>
<body>
  <div class='ocr_page' id='page_1' title='image "./historiaeromanae01livyuoft_0764.png"; bbox 0 0 1853 3158; ppageno 0'>
   <div class='ocr_carea' id='block_1_1' title="bbox 178 249 1230 313">
    <p class='ocr_par' dir='ltr' id='par_1_1' title="bbox 178 249 1230 313">
     <span class='ocr_line' id='line_1_1' title="bbox 178 249 1230 313; baseline -0.007 -14"><span class='ocrx_word' id='word_1_1' title='bbox 178 269 258 313; x_wconf 75' lang='lat'>292</span> <span class='ocrx_word' id='word_1_2' title='bbox 859 249 1230 292; x_wconf 81' lang='lat' dir='ltr'>T.L1V11</span> 
     </span>
    </p>
   </div>
   <div class='ocr_carea' id='block_1_2' title="bbox 198 363 1729 2422">
    <p class='ocr_par' dir='ltr' id='par_1_2' title="bbox 198 363 1729 2422">
     <span class='ocr_line' id='line_1_2' title="bbox 401 363 1696 424; baseline -0.005 -14"><span class='ocrx_word' id='word_1_3' title='bbox 401 368 512 410; x_wconf 72' lang='lat' dir='ltr'>Decii</span> <span class='ocrx_word' id='word_1_4' title='bbox 528 368 677 422; x_wconf 77' lang='lat' dir='ltr'>confidis</span> <span class='ocrx_word' id='word_1_5' title='bbox 689 377 760 421; x_wconf 83' lang='lat' dir='ltr'>per</span> <span class='ocrx_word' id='word_1_6' title='bbox 775 375 825 406; x_wconf 80' lang='lat' dir='ltr'>tot</span> <span class='ocrx_word' id='word_1_7' title='bbox 845 367 989 421; x_wconf 83' lang='lat' dir='ltr'>collegia</span> <span class='ocrx_word' id='word_1_8' title='bbox 1005 368 1143 420; x_wconf 80' lang='lat' dir='ltr'>experti</span> <span class='ocrx_word' id='word_1_9' title='bbox 1157 367 1246 424; x_wconf 81' lang='lat' dir='ltr'>p0ffi²</span> <span class='ocrx_word' id='word_1_10' title='bbox 1262 368 1283 405; x_wconf 69' lang='lat'>‚9</span> <span class='ocrx_word' id='word_1_11' title='bbox 1316 367 1378 419; x_wconf 84' lang='lat'>(2)</span> <span class='ocrx_word' id='word_1_12' title='bbox 1400 363 1596 405; x_wconf 81' lang='lat' dir='ltr'><em>Neminem</em></span> <span class='ocrx_word' id='word_1_13' title='bbox 1621 379 1696 404; x_wconf 85' lang='lat' dir='ltr'>om-</span> 
     </span>
     <span class='ocr_line' id='line_1_3' title="bbox 402 422 1693 479; baseline -0.003 -14"><span class='ocrx_word' id='word_1_14' title='bbox 402 429 504 465; x_wconf 83' lang='lat' dir='ltr'>nium</span> <span class='ocrx_word' id='word_1_15' title='bbox 527 426 653 479; x_wconf 67' lang='lat' dir='ltr'>ficum</span> <span class='ocrx_word' id='word_1_16' title='bbox 679 427 850 479; x_wconf 74' lang='lat' dir='ltr'>conjungi</span> <span class='ocrx_word' id='word_1_17' title='bbox 874 425 1003 464; x_wconf 85' lang='lat' dir='ltr'>malle:</span> <span class='ocrx_word' id='word_1_18' title='bbox 1040 426 1091 466; x_wconf 58' lang='lat'>{⁶5⁹</span> <span class='ocrx_word' id='word_1_19' title='bbox 1110 427 1294 479; x_wconf 81' lang='lat' dir='ltr'>copiarum</span> <span class='ocrx_word' id='word_1_20' title='bbox 1317 425 1418 478; x_wconf 77' lang='lat' dir='ltr'>satis</span> <span class='ocrx_word' id='word_1_21' title='bbox 1436 422 1511 478; x_wconf 82' lang='lat' dir='ltr'>sthi</span> <span class='ocrx_word' id='word_1_22' title='bbox 1537 437 1618 462; x_wconf 84' lang='lat' dir='ltr'>cum</span> <span class='ocrx_word' id='word_1_23' title='bbox 1641 422 1693 461; x_wconf 88' lang='lat' dir='ltr'>P.</span> 
     </span>
     <span class='ocr_line' id='line_1_4' title="bbox 404 476 1700 538; baseline -0.005 -13"><span class='ocrx_word' id='word_1_24' title='bbox 404 485 534 532; x_wconf 80' lang='lat' dir='ltr'><em>Decio,</em></span> <span class='ocrx_word' id='word_1_25' title='bbox 568 493 602 523; x_wconf 77' lang='lat' dir='ltr'>et</span> <span class='ocrx_word' id='word_1_26' title='bbox 629 499 818 537; x_wconf 75' lang='lat' dir='ltr'>nunquam</span> <span class='ocrx_word' id='word_1_27' title='bbox 849 484 1004 522; x_wconf 76' lang='lat' dir='ltr'>nimium</span> <span class='ocrx_word' id='word_1_28' title='bbox 1037 476 1184 538; x_wconf 72' lang='lat' dir='ltr'>hqstium</span> <span class='ocrx_word' id='word_1_29' title='bbox 1206 484 1307 538; x_wconf 75' lang='lat' dir='ltr'>fore.</span> <span class='ocrx_word' id='word_1_30' title='bbox 1371 482 1436 521; x_wconf 80' lang='lat' dir='ltr'>Sin</span> <span class='ocrx_word' id='word_1_31' title='bbox 1457 481 1587 535; x_wconf 83' lang='lat' dir='ltr'><em>collega</em></span> <span class='ocrx_word' id='word_1_32' title='bbox 1607 479 1700 533; x_wconf 84' lang='lat' dir='ltr'>quid</span> 
     </span>
     <span class='ocr_line' id='line_1_5' title="bbox 403 538 1700 595; baseline -0.004 -14"><span class='ocrx_word' id='word_1_33' title='bbox 403 542 510 582; x_wconf 78' lang='lat' dir='ltr'>aliud</span> <span class='ocrx_word' id='word_1_34' title='bbox 529 542 647 589; x_wconf 78' lang='lat' dir='ltr'>malit,</span> <span class='ocrx_word' id='word_1_35' title='bbox 677 550 718 580; x_wconf 84' lang='lat' dir='ltr'>at</span> <span class='ocrx_word' id='word_1_36' title='bbox 734 541 810 595; x_wconf 76' lang='lat' dir='ltr'>sthi</span> <span class='ocrx_word' id='word_1_37' title='bbox 841 541 892 579; x_wconf 86' lang='lat' dir='ltr'>L.</span> <span class='ocrx_word' id='word_1_38' title='bbox 915 541 1147 580; x_wconf 80' lang='lat' dir='ltr'>Volumnium</span> <span class='ocrx_word' id='word_1_39' title='bbox 1168 541 1300 580; x_wconf 76' lang='lat' dir='ltr'>darent</span> <span class='ocrx_word' id='word_1_40' title='bbox 1319 540 1535 594; x_wconf 52' lang='lat' dir='ltr'>adjutorem.</span> <span class='ocrx_word' id='word_1_41' title='bbox 1595 538 1700 577; x_wconf 85' lang='lat' dir='ltr'>Om-</span> 
     </span>
     <span class='ocr_line' id='line_1_6' title="bbox 404 593 1699 652; baseline -0.003 -15"><span class='ocrx_word' id='word_1_42' title='bbox 404 600 520 638; x_wconf 83' lang='lat' dir='ltr'>nium</span> <span class='ocrx_word' id='word_1_43' title='bbox 555 613 690 638; x_wconf 87' lang='lat' dir='ltr'>rerum</span> <span class='ocrx_word' id='word_1_44' title='bbox 727 599 933 638; x_wconf 79' lang='lat' dir='ltr'>arbitrium</span> <span class='ocrx_word' id='word_1_45' title='bbox 972 601 1011 638; x_wconf 73' lang='grc' dir='ltr'>δε</span> <span class='ocrx_word' id='word_1_46' title='bbox 1049 613 1070 637; x_wconf 87' lang='lat' dir='ltr'>a</span> <span class='ocrx_word' id='word_1_47' title='bbox 1106 599 1271 652; x_wconf 89' lang='lat' dir='ltr'>populo,</span> <span class='ocrx_word' id='word_1_48' title='bbox 1305 601 1385 638; x_wconf 86' lang='lat' dir='ltr'>&amp;a</span> <span class='ocrx_word' id='word_1_49' title='bbox 1406 597 1558 645; x_wconf 87' lang='lat' dir='ltr'>senatu,</span> <span class='ocrx_word' id='word_1_50' title='bbox 1592 593 1699 636; x_wconf 84' lang='lat' dir='ltr'>&amp;ab</span> 
     </span>
     <span class='ocr_line' id='line_1_7' title="bbox 406 651 1700 711; baseline -0.005 -15"><span class='ocrx_word' id='word_1_51' title='bbox 406 658 490 710; x_wconf 86' lang='lat' dir='ltr'>ipso</span> <span class='ocrx_word' id='word_1_52' title='bbox 514 658 681 711; x_wconf 70' lang='lat' dir='ltr'>collega,</span> <span class='ocrx_word' id='word_1_53' title='bbox 712 657 835 696; x_wconf 87' lang='lat' dir='ltr'>Fabio</span> <span class='ocrx_word' id='word_1_54' title='bbox 857 656 1085 711; x_wconf 81' lang='lat' dir='ltr'>permissum</span> <span class='ocrx_word' id='word_1_55' title='bbox 1107 656 1175 695; x_wconf 88' lang='lat' dir='ltr'>est.</span> <span class='ocrx_word' id='word_1_56' title='bbox 1203 658 1239 695; x_wconf 75' lang='lat' dir='ltr'>Sc</span> <span class='ocrx_word' id='word_1_57' title='bbox 1265 668 1391 708; x_wconf 89' lang='lat' dir='ltr'>quum</span> <span class='ocrx_word' id='word_1_58' title='bbox 1413 654 1458 694; x_wconf 92' lang='lat' dir='ltr'>P.</span> <span class='ocrx_word' id='word_1_59' title='bbox 1483 653 1638 694; x_wconf 87' lang='lat' dir='ltr'><strong>Decius</strong></span> <span class='ocrx_word' id='word_1_60' title='bbox 1661 651 1700 690; x_wconf 86' lang='lat' dir='ltr'>se</span> 
     </span>
     <span class='ocr_line' id='line_1_8' title="bbox 406 709 1704 767; baseline -0.003 -14"><span class='ocrx_word' id='word_1_61' title='bbox 406 715 448 753; x_wconf 84' lang='lat' dir='ltr'>in</span> <span class='ocrx_word' id='word_1_62' title='bbox 470 715 683 754; x_wconf 85' lang='lat' dir='ltr'>Samnium</span> <span class='ocrx_word' id='word_1_63' title='bbox 703 715 765 754; x_wconf 91' lang='lat' dir='ltr'>vel</span> <span class='ocrx_word' id='word_1_64' title='bbox 783 714 823 753; x_wconf 85' lang='lat' dir='ltr'>in</span> <span class='ocrx_word' id='word_1_65' title='bbox 845 714 1045 755; x_wconf 82' lang='lat' dir='ltr'>Etruriam</span> <span class='ocrx_word' id='word_1_66' title='bbox 1063 712 1260 767; x_wconf 84' lang='lat' dir='ltr'>proficisci</span> <span class='ocrx_word' id='word_1_67' title='bbox 1277 722 1460 767; x_wconf 81' lang='lat' dir='ltr'>paratum</span> <span class='ocrx_word' id='word_1_68' title='bbox 1481 712 1555 751; x_wconf 84' lang='lat' dir='ltr'>effe</span> <span class='ocrx_word' id='word_1_69' title='bbox 1570 709 1704 749; x_wconf 90' lang='lat' dir='ltr'>osten-</span> 
     </span>
     <span class='ocr_line' id='line_1_9' title="bbox 407 768 1704 826; baseline -0.004 -15"><span class='ocrx_word' id='word_1_70' title='bbox 407 772 535 821; x_wconf 62' lang='lat' dir='ltr'>diss‘et,</span> <span class='ocrx_word' id='word_1_71' title='bbox 566 782 676 812; x_wconf 80' lang='lat' dir='ltr'>tanta</span> <span class='ocrx_word' id='word_1_72' title='bbox 708 772 845 812; x_wconf 82' lang='lat' dir='ltr'>laetitia</span> <span class='ocrx_word' id='word_1_73' title='bbox 880 786 923 811; x_wconf 87' lang='lat' dir='ltr'>ac</span> <span class='ocrx_word' id='word_1_74' title='bbox 960 771 1172 826; x_wconf 81' lang='lat' dir='ltr'>gratulatio</span> <span class='ocrx_word' id='word_1_75' title='bbox 1194 770 1286 819; x_wconf 86' lang='lat' dir='ltr'>fuit,</span> <span class='ocrx_word' id='word_1_76' title='bbox 1319 783 1364 810; x_wconf 88' lang='lat' dir='ltr'>ut</span> <span class='ocrx_word' id='word_1_77' title='bbox 1386 773 1445 824; x_wconf 88' lang='lat'>(3)</span> <span class='ocrx_word' id='word_1_78' title='bbox 1467 768 1704 823; x_wconf 61' lang='lat' dir='ltr'>praecipere-2</span> 
     </span>
     <span class='ocr_line' id='line_1_10' title="bbox 409 826 1708 882; baseline -0.005 -12"><span class='ocrx_word' id='word_1_79' title='bbox 409 841 475 870; x_wconf 83' lang='lat' dir='ltr'>tur</span> <span class='ocrx_word' id='word_1_80' title='bbox 507 830 676 870; x_wconf 60' lang='lat' dir='ltr'>vietor-ia</span> <span class='ocrx_word' id='word_1_81' title='bbox 711 830 869 878; x_wconf 86' lang='lat' dir='ltr'>animis,</span> <span class='ocrx_word' id='word_1_82' title='bbox 912 828 1234 882; x_wconf 83' lang='lat' dir='ltr'>triumphusque,</span> <span class='ocrx_word' id='word_1_83' title='bbox 1265 842 1347 867; x_wconf 87' lang='lat' dir='ltr'>non</span> <span class='ocrx_word' id='word_1_84' title='bbox 1374 826 1541 874; x_wconf 87' lang='lat' dir='ltr'>bellum,</span> <span class='ocrx_word' id='word_1_85' title='bbox 1570 827 1708 865; x_wconf 91' lang='lat' dir='ltr'>decre-</span> 
     </span>
     <span class='ocr_line' id='line_1_11' title="bbox 409 883 1708 939; baseline -0.005 -11"><span class='ocrx_word' id='word_1_86' title='bbox 409 900 498 929; x_wconf 88' lang='lat' dir='ltr'>tum</span> <span class='ocrx_word' id='word_1_87' title='bbox 531 887 760 928; x_wconf 87' lang='lat' dir='ltr'>consulibus</span> <span class='ocrx_word' id='word_1_88' title='bbox 794 887 1008 926; x_wconf 85' lang='lat' dir='ltr'>videretur.</span> <span class='ocrx_word' id='word_1_89' title='bbox 1070 887 1236 926; x_wconf 82' lang='lat' dir='ltr'>Invenio</span> <span class='ocrx_word' id='word_1_90' title='bbox 1271 886 1378 939; x_wconf 83' lang='lat' dir='ltr'>apud</span> <span class='ocrx_word' id='word_1_91' title='bbox 1400 883 1607 937; x_wconf 88' lang='lat' dir='ltr'>quosdam,</span> <span class='ocrx_word' id='word_1_92' title='bbox 1638 896 1708 923; x_wconf 79' lang='lat' dir='ltr'>ex-</span> 
     </span>
     <span class='ocr_line' id='line_1_12' title="bbox 410 939 1708 999; baseline -0.004 -15"><span class='ocrx_word' id='word_1_93' title='bbox 410 947 579 999; x_wconf 84' lang='lat' dir='ltr'>ternplo,</span> <span class='ocrx_word' id='word_1_94' title='bbox 611 945 820 986; x_wconf 74' lang='lat' dir='ltr'>consulatu</span> <span class='ocrx_word' id='word_1_95' title='bbox 856 945 973 994; x_wconf 88' lang='lat' dir='ltr'>inito,</span> <span class='ocrx_word' id='word_1_96' title='bbox 1005 944 1210 997; x_wconf 67' lang='lat' dir='ltr'>profe&amp;os</span> <span class='ocrx_word' id='word_1_97' title='bbox 1230 943 1270 982; x_wconf 88' lang='lat' dir='ltr'>in</span> <span class='ocrx_word' id='word_1_98' title='bbox 1293 943 1497 983; x_wconf 86' lang='lat' dir='ltr'>Etruriam</span> <span class='ocrx_word' id='word_1_99' title='bbox 1535 939 1708 981; x_wconf 84' lang='lat' dir='ltr'>Fabium</span> 
     </span>
     <span class='ocr_line' id='line_1_13' title="bbox 409 1000 1710 1055; baseline -0.005 -12"><span class='ocrx_word' id='word_1_100' title='bbox 409 1004 685 1055; x_wconf 82' lang='lat' dir='ltr'>Deciumque,</span> <span class='ocrx_word' id='word_1_101' title='bbox 719 1003 796 1041; x_wconf 79' lang='lat' dir='ltr'>sine</span> <span class='ocrx_word' id='word_1_102' title='bbox 833 1001 914 1041; x_wconf 66' lang='lat' dir='ltr'>ulla</span> <span class='ocrx_word' id='word_1_103' title='bbox 946 1002 1150 1042; x_wconf 83' lang='lat' dir='ltr'>mentione</span> <span class='ocrx_word' id='word_1_104' title='bbox 1170 1001 1283 1041; x_wconf 86' lang='lat' dir='ltr'>sortis</span> <span class='ocrx_word' id='word_1_105' title='bbox 1304 1000 1602 1055; x_wconf 87' lang='lat' dir='ltr'>provinciarum</span> <span class='ocrx_word' id='word_1_106' title='bbox 1624 1011 1710 1038; x_wconf 86' lang='lat' dir='ltr'>cer-</span> 
     </span>
     <span class='ocr_line' id='line_1_14' title="bbox 411 1055 1710 1113; baseline -0.004 -14"><span class='ocrx_word' id='word_1_107' title='bbox 411 1060 823 1113; x_wconf 22' lang='lat' dir='ltr'>taminumque-inter</span> <span class='ocrx_word' id='word_1_108' title='bbox 844 1060 1031 1112; x_wconf 73' lang='lat' dir='ltr'>collegaS,</span> <span class='ocrx_word' id='word_1_109' title='bbox 1062 1074 1151 1111; x_wconf 64' lang='lat' dir='ltr'>quae</span> <span class='ocrx_word' id='word_1_110' title='bbox 1173 1059 1349 1112; x_wconf 85' lang='lat' dir='ltr'>exposui.</span> <span class='ocrx_word' id='word_1_111' title='bbox 1410 1058 1530 1106; x_wconf 82' lang='lat' dir='ltr'>Sunt,</span> <span class='ocrx_word' id='word_1_112' title='bbox 1562 1055 1710 1110; x_wconf 82' lang='lat' dir='ltr'>quibus</span> 
     </span>
     <span class='ocr_line' id='line_1_15' title="bbox 412 1115 1711 1170; baseline -0.004 -13"><span class='ocrx_word' id='word_1_113' title='bbox 412 1132 462 1157; x_wconf 90' lang='lat' dir='ltr'>ne</span> <span class='ocrx_word' id='word_1_114' title='bbox 497 1118 584 1157; x_wconf 62' lang='lat' dir='ltr'>hae-c</span> <span class='ocrx_word' id='word_1_115' title='bbox 621 1117 785 1170; x_wconf 86' lang='lat' dir='ltr'>quidem</span> <span class='ocrx_word' id='word_1_116' title='bbox 821 1117 1038 1155; x_wconf 80' lang='lat' dir='ltr'>certamina</span> <span class='ocrx_word' id='word_1_117' title='bbox 1066 1130 1264 1168; x_wconf 90' lang='lat' dir='ltr'>exponere</span> <span class='ocrx_word' id='word_1_118' title='bbox 1285 1117 1375 1156; x_wconf 82' lang='lat' dir='ltr'>satis</span> <span class='ocrx_word' id='word_1_119' title='bbox 1395 1115 1530 1155; x_wconf 83' lang='lat' dir='ltr'>fuerit.</span> <span class='ocrx_word' id='word_1_120' title='bbox 1553 1115 1711 1169; x_wconf 88' lang='lat' dir='ltr'>adjece-</span> 
     </span>
     <span class='ocr_line' id='line_1_16' title="bbox 412 1168 1712 1228; baseline -0.003 -13"><span class='ocrx_word' id='word_1_121' title='bbox 412 1185 508 1215; x_wconf 88' lang='lat' dir='ltr'>runt</span> <span class='ocrx_word' id='word_1_122' title='bbox 526 1168 562 1215; x_wconf 57' lang='grc' dir='ltr'>δ’(</span> <span class='ocrx_word' id='word_1_123' title='bbox 583 1175 705 1228; x_wconf 80' lang='lat' dir='ltr'>Appii</span> <span class='ocrx_word' id='word_1_124' title='bbox 724 1174 1022 1214; x_wconf 83' lang='lat' dir='ltr'>criminationes</span> <span class='ocrx_word' id='word_1_125' title='bbox 1039 1174 1088 1213; x_wconf 90' lang='lat' dir='ltr'>de</span> <span class='ocrx_word' id='word_1_126' title='bbox 1108 1173 1232 1212; x_wconf 86' lang='lat' dir='ltr'>Fabio</span> <span class='ocrx_word' id='word_1_127' title='bbox 1247 1173 1406 1213; x_wconf 81' lang='lat' dir='ltr'>absente</span> <span class='ocrx_word' id='word_1_128' title='bbox 1428 1173 1478 1212; x_wconf 89' lang='lat' dir='ltr'>ad</span> <span class='ocrx_word' id='word_1_129' title='bbox 1498 1173 1712 1227; x_wconf 89' lang='lat' dir='ltr'>populum,</span> 
     </span>
     <span class='ocr_line' id='line_1_17' title="bbox 415 1229 1713 1286; baseline -0.005 -12"><span class='ocrx_word' id='word_1_130' title='bbox 415 1237 455 1274; x_wconf 84' lang='lat'>&amp;</span> <span class='ocrx_word' id='word_1_131' title='bbox 493 1233 753 1286; x_wconf 76' lang='lat' dir='ltr'>pertinaciam</span> <span class='ocrx_word' id='word_1_132' title='bbox 790 1229 980 1272; x_wconf 75' lang='lat' dir='ltr'>adversus</span> <span class='ocrx_word' id='word_1_133' title='bbox 1016 1231 1252 1284; x_wconf 58' lang='lat' dir='ltr'>praesentem</span> <span class='ocrx_word' id='word_1_134' title='bbox 1277 1230 1482 1271; x_wconf 89' lang='lat' dir='ltr'>consulem</span> <span class='ocrx_word' id='word_1_135' title='bbox 1513 1229 1713 1284; x_wconf 63' lang='lat' dir='ltr'>praetoris,</span> 
     </span>
     <span class='ocr_line' id='line_1_18' title="bbox 414 1287 1714 1344; baseline -0.003 -14"><span class='ocrx_word' id='word_1_136' title='bbox 414 1291 799 1344; x_wconf 85' lang='lat' dir='ltr'>contentionemque</span> <span class='ocrx_word' id='word_1_137' title='bbox 846 1290 964 1329; x_wconf 83' lang='lat' dir='ltr'>aliam</span> <span class='ocrx_word' id='word_1_138' title='bbox 1003 1290 1107 1328; x_wconf 87' lang='lat' dir='ltr'>inter</span> <span class='ocrx_word' id='word_1_139' title='bbox 1155 1289 1343 1343; x_wconf 81' lang='lat' dir='ltr'>collegas,</span> <span class='ocrx_word' id='word_1_140' title='bbox 1392 1288 1581 1327; x_wconf 86' lang='lat' dir='ltr'>tendente</span> <span class='ocrx_word' id='word_1_141' title='bbox 1627 1287 1714 1327; x_wconf 89' lang='lat' dir='ltr'>De-</span> 
     </span>
     <span class='ocr_line' id='line_1_19' title="bbox 414 1344 1713 1401; baseline -0.004 -13"><span class='ocrx_word' id='word_1_142' title='bbox 414 1350 496 1400; x_wconf 90' lang='lat' dir='ltr'>cio,</span> <span class='ocrx_word' id='word_1_143' title='bbox 529 1358 573 1387; x_wconf 88' lang='lat' dir='ltr'>ut</span> <span class='ocrx_word' id='word_1_144' title='bbox 609 1348 687 1388; x_wconf 64' lang='lat' dir='ltr'>suae</span> <span class='ocrx_word' id='word_1_145' title='bbox 710 1347 878 1401; x_wconf 90' lang='lat' dir='ltr'>quisque</span> <span class='ocrx_word' id='word_1_146' title='bbox 910 1348 1126 1401; x_wconf 67' lang='lat' dir='ltr'>provinciae</span> <span class='ocrx_word' id='word_1_147' title='bbox 1163 1346 1309 1386; x_wconf 88' lang='lat' dir='ltr'>sortem</span> <span class='ocrx_word' id='word_1_148' title='bbox 1348 1354 1541 1385; x_wconf 87' lang='lat' dir='ltr'>tueretur.</span> <span class='ocrx_word' id='word_1_149' title='bbox 1603 1344 1713 1384; x_wconf 91' lang='lat' dir='ltr'>Con-</span> 
     </span>
     <span class='ocr_line' id='line_1_20' title="bbox 416 1401 1716 1461; baseline -0.005 -15"><span class='ocrx_word' id='word_1_150' title='bbox 416 1407 517 1446; x_wconf 85' lang='lat' dir='ltr'>stare</span> <span class='ocrx_word' id='word_1_151' title='bbox 539 1421 600 1446; x_wconf 81' lang='lat' dir='ltr'>res</span> <span class='ocrx_word' id='word_1_152' title='bbox 622 1407 761 1461; x_wconf 78' lang='lat' dir='ltr'>incipit</span> <span class='ocrx_word' id='word_1_153' title='bbox 792 1420 840 1445; x_wconf 83' lang='lat' dir='ltr'>ex</span> <span class='ocrx_word' id='word_1_154' title='bbox 863 1420 910 1444; x_wconf 88' lang='lat' dir='ltr'>eo</span> <span class='ocrx_word' id='word_1_155' title='bbox 942 1416 1140 1458; x_wconf 86' lang='lat' dir='ltr'>tempore,</span> <span class='ocrx_word' id='word_1_156' title='bbox 1172 1419 1253 1458; x_wconf 89' lang='lat' dir='ltr'>quo</span> <span class='ocrx_word' id='word_1_157' title='bbox 1275 1402 1449 1458; x_wconf 59' lang='lat' dir='ltr'>profecti</span> <span class='ocrx_word' id='word_1_158' title='bbox 1478 1401 1596 1442; x_wconf 87' lang='lat' dir='ltr'>ambo</span> <span class='ocrx_word' id='word_1_159' title='bbox 1618 1415 1716 1441; x_wconf 90' lang='lat' dir='ltr'>con-</span> 
     </span>
     <span class='ocr_line' id='line_1_21' title="bbox 417 1459 1715 1515; baseline -0.005 -11"><span class='ocrx_word' id='word_1_160' title='bbox 417 1465 520 1504; x_wconf 83' lang='lat' dir='ltr'>sules</span> <span class='ocrx_word' id='word_1_161' title='bbox 552 1466 602 1504; x_wconf 81' lang='lat' dir='ltr'>ad</span> <span class='ocrx_word' id='word_1_162' title='bbox 632 1463 783 1504; x_wconf 91' lang='lat' dir='ltr'>bellum</span> <span class='ocrx_word' id='word_1_163' title='bbox 817 1463 919 1504; x_wconf 83' lang='lat' dir='ltr'>sunt.</span> <span class='ocrx_word' id='word_1_164' title='bbox 982 1462 1195 1512; x_wconf 72' lang='lat' dir='ltr'>Cetei-uin,</span> <span class='ocrx_word' id='word_1_165' title='bbox 1227 1474 1443 1515; x_wconf 80' lang='lat' dir='ltr'>antequam</span> <span class='ocrx_word' id='word_1_166' title='bbox 1469 1460 1652 1500; x_wconf 84' lang='lat' dir='ltr'>consules</span> <span class='ocrx_word' id='word_1_167' title='bbox 1673 1459 1715 1498; x_wconf 88' lang='lat' dir='ltr'>in</span> 
     </span>
     <span class='ocr_line' id='line_1_22' title="bbox 417 1516 1717 1576; baseline -0.005 -14"><span class='ocrx_word' id='word_1_168' title='bbox 417 1523 621 1563; x_wconf 83' lang='lat' dir='ltr'>Etruriam</span> <span class='ocrx_word' id='word_1_169' title='bbox 644 1521 913 1576; x_wconf 76' lang='lat' dir='ltr'>pervenirent,</span> <span class='ocrx_word' id='word_1_170' title='bbox 945 1521 1126 1561; x_wconf 83' lang='lat' dir='ltr'>Senones</span> <span class='ocrx_word' id='word_1_171' title='bbox 1149 1521 1259 1560; x_wconf 87' lang='lat' dir='ltr'>Galli</span> <span class='ocrx_word' id='word_1_172' title='bbox 1281 1518 1540 1559; x_wconf 87' lang='lat' dir='ltr'>multitudine</span> <span class='ocrx_word' id='word_1_173' title='bbox 1562 1516 1717 1572; x_wconf 83' lang='lat' dir='ltr'>ingenti</span> 
     </span>
     <span class='ocr_line' id='line_1_23' title="bbox 199 1575 1720 1634; baseline -0.005 -14"><span class='ocrx_word' id='word_1_174' title='bbox 199 1591 390 1632; x_wconf 55' lang='lat' dir='ltr'>Gallia-gion·</span> <span class='ocrx_word' id='word_1_175' title='bbox 418 1582 467 1621; x_wconf 89' lang='lat' dir='ltr'>ad</span> <span class='ocrx_word' id='word_1_176' title='bbox 490 1578 673 1622; x_wconf 76' lang='lat' dir='ltr'>Clusium</span> <span class='ocrx_word' id='word_1_177' title='bbox 692 1589 903 1628; x_wconf 87' lang='lat' dir='ltr'>venerunt,</span> <span class='ocrx_word' id='word_1_178' title='bbox 935 1579 1135 1634; x_wconf 85' lang='lat' dir='ltr'>legionem</span> <span class='ocrx_word' id='word_1_179' title='bbox 1166 1579 1397 1620; x_wconf 86' lang='lat' dir='ltr'>Romanam</span> <span class='ocrx_word' id='word_1_180' title='bbox 1421 1575 1625 1628; x_wconf 84' lang='lat' dir='ltr'>castraque</span> <span class='ocrx_word' id='word_1_181' title='bbox 1647 1589 1720 1628; x_wconf 90' lang='lat' dir='ltr'>op-</span> 
     </span>
     <span class='ocr_line' id='line_1_24' title="bbox 198 1634 1720 1694; baseline -0.005 -15"><span class='ocrx_word' id='word_1_182' title='bbox 198 1650 239 1666; x_wconf 59' lang='grc' dir='ltr'>ΗΠ</span> <span class='ocrx_word' id='word_1_183' title='bbox 256 1637 377 1665; x_wconf 49' lang='grc' dir='ltr'>ΜΜΗ·</span> <span class='ocrx_word' id='word_1_184' title='bbox 419 1639 649 1694; x_wconf 80' lang='lat' dir='ltr'>pugnaturi.</span> <span class='ocrx_word' id='word_1_185' title='bbox 710 1637 863 1691; x_wconf 88' lang='lat' dir='ltr'>Scipio,</span> <span class='ocrx_word' id='word_1_186' title='bbox 896 1637 965 1690; x_wconf 87' lang='lat' dir='ltr'>qui</span> <span class='ocrx_word' id='word_1_187' title='bbox 1001 1637 1137 1677; x_wconf 83' lang='lat' dir='ltr'>castris</span> <span class='ocrx_word' id='word_1_188' title='bbox 1171 1645 1354 1690; x_wconf 81' lang='lat' dir='ltr'>praeerat,</span> <span class='ocrx_word' id='word_1_189' title='bbox 1400 1635 1490 1674; x_wconf 89' lang='lat' dir='ltr'>loco</span> <span class='ocrx_word' id='word_1_190' title='bbox 1527 1634 1720 1688; x_wconf 86' lang='lat' dir='ltr'>adjuvan-</span> 
     </span>
     <span class='ocr_line' id='line_1_25' title="bbox 200 1690 1719 1749; baseline -0.005 -12"><span class='ocrx_word' id='word_1_191' title='bbox 200 1695 243 1711; x_wconf 68' lang='lat'>&#39;“³</span> <span class='ocrx_word' id='word_1_192' title='bbox 265 1693 377 1710; x_wconf 50' lang='lat' dir='ltr'>‘mm&#39;</span> <span class='ocrx_word' id='word_1_193' title='bbox 420 1699 512 1737; x_wconf 85' lang='lat' dir='ltr'>dam</span> <span class='ocrx_word' id='word_1_194' title='bbox 550 1695 792 1749; x_wconf 81' lang='lat' dir='ltr'>paucitatem</span> <span class='ocrx_word' id='word_1_195' title='bbox 820 1695 985 1734; x_wconf 88' lang='lat' dir='ltr'>suorum</span> <span class='ocrx_word' id='word_1_196' title='bbox 1007 1694 1183 1734; x_wconf 89' lang='lat' dir='ltr'>militum</span> <span class='ocrx_word' id='word_1_197' title='bbox 1203 1704 1330 1744; x_wconf 84' lang='lat' dir='ltr'>ratus,</span> <span class='ocrx_word' id='word_1_198' title='bbox 1361 1693 1404 1732; x_wconf 90' lang='lat' dir='ltr'>in</span> <span class='ocrx_word' id='word_1_199' title='bbox 1422 1692 1523 1732; x_wconf 85' lang='lat' dir='ltr'>colle</span> <span class='ocrx_word' id='word_1_200' title='bbox 1542 1694 1616 1745; x_wconf 79' lang='lat'>(4),</span> <span class='ocrx_word' id='word_1_201' title='bbox 1648 1690 1719 1743; x_wconf 85' lang='lat' dir='ltr'>qui</span> 
     </span>
     <span class='ocr_line' id='line_1_26' title="bbox 420 1748 1720 1801; baseline -0.006 -7"><span class='ocrx_word' id='word_1_202' title='bbox 420 1756 523 1794; x_wconf 87' lang='lat' dir='ltr'>inter</span> <span class='ocrx_word' id='word_1_203' title='bbox 552 1754 694 1793; x_wconf 85' lang='lat' dir='ltr'>urbem</span> <span class='ocrx_word' id='word_1_204' title='bbox 718 1756 758 1794; x_wconf 59' lang='grc' dir='ltr'>ἃ*</span> <span class='ocrx_word' id='word_1_205' title='bbox 779 1754 903 1793; x_wconf 85' lang='lat' dir='ltr'>castra</span> <span class='ocrx_word' id='word_1_206' title='bbox 935 1763 1033 1801; x_wconf 83' lang='lat' dir='ltr'>erat,</span> <span class='ocrx_word' id='word_1_207' title='bbox 1065 1753 1192 1793; x_wconf 86' lang='lat' dir='ltr'>aciem</span> <span class='ocrx_word' id='word_1_208' title='bbox 1214 1752 1352 1792; x_wconf 85' lang='lat' dir='ltr'>erexit.</span> <span class='ocrx_word' id='word_1_209' title='bbox 1411 1749 1507 1798; x_wconf 86' lang='lat' dir='ltr'>Sed,</span> <span class='ocrx_word' id='word_1_210' title='bbox 1540 1748 1646 1788; x_wconf 89' lang='lat' dir='ltr'>utin</span> <span class='ocrx_word' id='word_1_211' title='bbox 1677 1761 1720 1787; x_wconf 89' lang='lat' dir='ltr'>re</span> 
     </span>
     <span class='ocr_line' id='line_1_27' title="bbox 420 1806 1722 1865; baseline -0.005 -14"><span class='ocrx_word' id='word_1_212' title='bbox 420 1813 562 1860; x_wconf 61' lang='lat' dir='ltr'>subita,</span> <span class='ocrx_word' id='word_1_213' title='bbox 595 1826 738 1865; x_wconf 87' lang='lat' dir='ltr'>parum</span> <span class='ocrx_word' id='word_1_214' title='bbox 766 1812 971 1864; x_wconf 82' lang='lat' dir='ltr'>explorato</span> <span class='ocrx_word' id='word_1_215' title='bbox 994 1811 1134 1850; x_wconf 87' lang='lat' dir='ltr'>itinere</span> <span class='ocrx_word' id='word_1_216' title='bbox 1156 1811 1205 1849; x_wconf 87' lang='lat' dir='ltr'>ad</span> <span class='ocrx_word' id='word_1_217' title='bbox 1221 1810 1367 1865; x_wconf 85' lang='lat' dir='ltr'>jugum</span> <span class='ocrx_word' id='word_1_218' title='bbox 1389 1806 1581 1861; x_wconf 86' lang='lat' dir='ltr'>perrexit,</span> <span class='ocrx_word' id='word_1_219' title='bbox 1610 1806 1722 1859; x_wconf 88' lang='lat' dir='ltr'>quod</span> 
     </span>
     <span class='ocr_line' id='line_1_28' title="bbox 420 1864 1724 1923; baseline -0.007 -13"><span class='ocrx_word' id='word_1_220' title='bbox 420 1870 553 1910; x_wconf 86' lang='lat' dir='ltr'>hostes</span> <span class='ocrx_word' id='word_1_221' title='bbox 570 1879 773 1923; x_wconf 81' lang='lat' dir='ltr'>ceperant,</span> <span class='ocrx_word' id='word_1_222' title='bbox 805 1879 916 1923; x_wconf 85' lang='lat' dir='ltr'>parte</span> <span class='ocrx_word' id='word_1_223' title='bbox 938 1869 1014 1908; x_wconf 66' lang='lat' dir='ltr'>alia</span> <span class='ocrx_word' id='word_1_224' title='bbox 1034 1867 1184 1923; x_wconf 83' lang='lat' dir='ltr'>egressi.</span> <span class='ocrx_word' id='word_1_225' title='bbox 1207 1867 1261 1906; x_wconf 87' lang='lat' dir='ltr'>ita</span> <span class='ocrx_word' id='word_1_226' title='bbox 1278 1865 1376 1907; x_wconf 72' lang='lat' dir='ltr'>caesa</span> <span class='ocrx_word' id='word_1_227' title='bbox 1397 1864 1445 1904; x_wconf 90' lang='lat' dir='ltr'>ab</span> <span class='ocrx_word' id='word_1_228' title='bbox 1466 1874 1579 1918; x_wconf 87' lang='lat' dir='ltr'>tergo</span> <span class='ocrx_word' id='word_1_229' title='bbox 1601 1864 1724 1917; x_wconf 87' lang='lat' dir='ltr'>legio,</span> 
     </span>
     <span class='ocr_line' id='line_1_29' title="bbox 422 1922 1724 1981; baseline -0.007 -13"><span class='ocrx_word' id='word_1_230' title='bbox 422 1938 542 1981; x_wconf 80' lang='lat' dir='ltr'>atque</span> <span class='ocrx_word' id='word_1_231' title='bbox 572 1928 613 1966; x_wconf 86' lang='lat' dir='ltr'>in</span> <span class='ocrx_word' id='word_1_232' title='bbox 646 1927 797 1977; x_wconf 88' lang='lat' dir='ltr'>medio,</span> <span class='ocrx_word' id='word_1_233' title='bbox 829 1941 955 1980; x_wconf 88' lang='lat' dir='ltr'>quum</span> <span class='ocrx_word' id='word_1_234' title='bbox 986 1926 1111 1966; x_wconf 86' lang='lat' dir='ltr'>hostis</span> <span class='ocrx_word' id='word_1_235' title='bbox 1142 1925 1321 1978; x_wconf 89' lang='lat' dir='ltr'>undique</span> <span class='ocrx_word' id='word_1_236' title='bbox 1342 1931 1517 1976; x_wconf 83' lang='lat' dir='ltr'>urgeret,</span> <span class='ocrx_word' id='word_1_237' title='bbox 1549 1922 1724 1961; x_wconf 87' lang='lat' dir='ltr'>circum-</span> 
     </span>
     <span class='ocr_line' id='line_1_30' title="bbox 422 1979 1723 2037; baseline -0.006 -12"><span class='ocrx_word' id='word_1_238' title='bbox 422 1996 553 2025; x_wconf 79' lang='lat' dir='ltr'>venta.</span> <span class='ocrx_word' id='word_1_239' title='bbox 615 1985 804 2025; x_wconf 84' lang='lat' dir='ltr'>Deletam</span> <span class='ocrx_word' id='word_1_240' title='bbox 836 1999 998 2037; x_wconf 86' lang='lat' dir='ltr'>quoque</span> <span class='ocrx_word' id='word_1_241' title='bbox 1035 1984 1089 2023; x_wconf 86' lang='lat' dir='ltr'>ibi</span> <span class='ocrx_word' id='word_1_242' title='bbox 1122 1983 1338 2036; x_wconf 84' lang='lat' dir='ltr'>legionem,</span> <span class='ocrx_word' id='word_1_243' title='bbox 1380 1980 1432 2019; x_wconf 84' lang='lat' dir='ltr'>ita</span> <span class='ocrx_word' id='word_1_244' title='bbox 1470 1989 1514 2018; x_wconf 86' lang='lat' dir='ltr'>ut</span> <span class='ocrx_word' id='word_1_245' title='bbox 1549 1979 1723 2018; x_wconf 84' lang='lat' dir='ltr'>nuncius</span> 
     </span>
     <span class='ocr_line' id='line_1_31' title="bbox 424 2035 1724 2096; baseline -0.006 -14"><span class='ocrx_word' id='word_1_246' title='bbox 424 2059 506 2083; x_wconf 88' lang='lat' dir='ltr'>non</span> <span class='ocrx_word' id='word_1_247' title='bbox 544 2043 769 2096; x_wconf 83' lang='lat' dir='ltr'>supereffet,</span> <span class='ocrx_word' id='word_1_248' title='bbox 801 2043 966 2095; x_wconf 88' lang='lat' dir='ltr'>quidam</span> <span class='ocrx_word' id='word_1_249' title='bbox 989 2041 1174 2081; x_wconf 57' lang='lat' dir='ltr'>auctores</span> <span class='ocrx_word' id='word_1_250' title='bbox 1197 2039 1314 2087; x_wconf 68' lang='lat' dir='ltr'>sunt,</span> <span class='ocrx_word' id='word_1_251' title='bbox 1345 2051 1419 2077; x_wconf 89' lang='lat' dir='ltr'>nec</span> <span class='ocrx_word' id='word_1_252' title='bbox 1442 2035 1533 2076; x_wconf 77' lang='lat' dir='ltr'>ante</span> <span class='ocrx_word' id='word_1_253' title='bbox 1557 2038 1604 2076; x_wconf 85' lang='lat' dir='ltr'>ad</span> <span class='ocrx_word' id='word_1_254' title='bbox 1627 2050 1724 2076; x_wconf 89' lang='lat' dir='ltr'>con-</span> 
     </span>
     <span class='ocr_line' id='line_1_32' title="bbox 426 2094 1725 2154; baseline -0.006 -14"><span class='ocrx_word' id='word_1_255' title='bbox 426 2101 543 2149; x_wconf 78' lang='lat' dir='ltr'>sules,</span> <span class='ocrx_word' id='word_1_256' title='bbox 576 2101 644 2153; x_wconf 90' lang='lat' dir='ltr'>qui</span> <span class='ocrx_word' id='word_1_257' title='bbox 662 2101 748 2154; x_wconf 87' lang='lat' dir='ltr'>jam</span> <span class='ocrx_word' id='word_1_258' title='bbox 764 2100 872 2142; x_wconf 82' lang='lat' dir='ltr'>haud</span> <span class='ocrx_word' id='word_1_259' title='bbox 895 2100 1034 2152; x_wconf 80' lang='lat' dir='ltr'>procul</span> <span class='ocrx_word' id='word_1_260' title='bbox 1056 2113 1077 2137; x_wconf 90' lang='lat' dir='ltr'>a</span> <span class='ocrx_word' id='word_1_261' title='bbox 1098 2097 1232 2137; x_wconf 79' lang='lat' dir='ltr'>Clufio</span> <span class='ocrx_word' id='word_1_262' title='bbox 1256 2096 1435 2144; x_wconf 87' lang='lat' dir='ltr'>aberant,</span> <span class='ocrx_word' id='word_1_263' title='bbox 1466 2094 1616 2134; x_wconf 86' lang='lat' dir='ltr'>famam</span> <span class='ocrx_word' id='word_1_264' title='bbox 1637 2095 1725 2148; x_wconf 86' lang='lat' dir='ltr'>ejus</span> 
     </span>
     <span class='ocr_line' id='line_1_33' title="bbox 426 2152 1725 2210; baseline -0.005 -13"><span class='ocrx_word' id='word_1_265' title='bbox 426 2159 550 2198; x_wconf 78' lang='lat' dir='ltr'>cladis</span> <span class='ocrx_word' id='word_1_266' title='bbox 590 2159 797 2210; x_wconf 79' lang='lat' dir='ltr'>perlatam,</span> <span class='ocrx_word' id='word_1_267' title='bbox 841 2157 964 2210; x_wconf 66' lang='lat' dir='ltr'>quam</span> <span class='ocrx_word' id='word_1_268' title='bbox 1009 2156 1049 2195; x_wconf 91' lang='lat' dir='ltr'>in</span> <span class='ocrx_word' id='word_1_269' title='bbox 1095 2153 1314 2208; x_wconf 56' lang='lat' dir='ltr'>conspeetu</span> <span class='ocrx_word' id='word_1_270' title='bbox 1353 2152 1466 2192; x_wconf 85' lang='lat' dir='ltr'>fuere</span> <span class='ocrx_word' id='word_1_271' title='bbox 1510 2152 1725 2192; x_wconf 83' lang='lat' dir='ltr'>Gallorum</span> 
     </span>
     <span class='ocr_line' id='line_1_34' title="bbox 427 2210 1726 2269; baseline -0.005 -14"><span class='ocrx_word' id='word_1_272' title='bbox 427 2216 596 2269; x_wconf 78' lang='lat' dir='ltr'>equites,</span> <span class='ocrx_word' id='word_1_273' title='bbox 629 2213 860 2268; x_wconf 55' lang='lat' dir='ltr'>pectoribus</span> <span class='ocrx_word' id='word_1_274' title='bbox 895 2227 1094 2266; x_wconf 85' lang='lat' dir='ltr'>equorum</span> <span class='ocrx_word' id='word_1_275' title='bbox 1136 2211 1318 2265; x_wconf 84' lang='lat' dir='ltr'>suspensa</span> <span class='ocrx_word' id='word_1_276' title='bbox 1349 2210 1546 2265; x_wconf 80' lang='lat' dir='ltr'>gestantes</span> <span class='ocrx_word' id='word_1_277' title='bbox 1580 2210 1726 2263; x_wconf 83' lang='lat' dir='ltr'>capita,</span> 
     </span>
     <span class='ocr_line' id='line_1_35' title="bbox 430 2267 1725 2322; baseline -0.005 -8"><span class='ocrx_word' id='word_1_278' title='bbox 430 2278 469 2316; x_wconf 67' lang='grc' dir='ltr'>δε</span> <span class='ocrx_word' id='word_1_279' title='bbox 513 2273 660 2313; x_wconf 83' lang='lat' dir='ltr'>lanceis</span> <span class='ocrx_word' id='word_1_280' title='bbox 700 2271 838 2320; x_wconf 79' lang='lat' dir='ltr'>infixa,</span> <span class='ocrx_word' id='word_1_281' title='bbox 885 2270 1126 2322; x_wconf 87' lang='lat' dir='ltr'>ovantesque</span> <span class='ocrx_word' id='word_1_282' title='bbox 1167 2270 1288 2309; x_wconf 85' lang='lat' dir='ltr'>moris</span> <span class='ocrx_word' id='word_1_283' title='bbox 1334 2268 1390 2307; x_wconf 79' lang='lat' dir='ltr'>sui</span> <span class='ocrx_word' id='word_1_284' title='bbox 1433 2269 1494 2321; x_wconf 81' lang='lat'>(5)</span> <span class='ocrx_word' id='word_1_285' title='bbox 1535 2267 1725 2307; x_wconf 84' lang='lat' dir='ltr'>carmine.</span> 
     </span>
     <span class='ocr_line' id='line_1_36' title="bbox 428 2327 1729 2387; baseline -0.007 -15"><span class='ocrx_word' id='word_1_286' title='bbox 428 2327 548 2380; x_wconf 83' lang='lat' dir='ltr'>Sunt,</span> <span class='ocrx_word' id='word_1_287' title='bbox 580 2330 649 2387; x_wconf 84' lang='lat' dir='ltr'>qui</span> <span class='ocrx_word' id='word_1_288' title='bbox 670 2329 854 2376; x_wconf 76' lang='lat' dir='ltr'>Umbros</span> <span class='ocrx_word' id='word_1_289' title='bbox 876 2328 1006 2381; x_wconf 72' lang='lat' dir='ltr'>fuisse,</span> <span class='ocrx_word' id='word_1_290' title='bbox 1038 2342 1119 2376; x_wconf 86' lang='lat' dir='ltr'>non</span> <span class='ocrx_word' id='word_1_291' title='bbox 1138 2327 1296 2375; x_wconf 74' lang='lat' dir='ltr'>Gallos,</span> <span class='ocrx_word' id='word_1_292' title='bbox 1330 2327 1512 2383; x_wconf 75' lang='lat' dir='ltr'>tradant3</span> <span class='ocrx_word' id='word_1_293' title='bbox 1545 2339 1618 2366; x_wconf 85' lang='lat' dir='ltr'>nec</span> <span class='ocrx_word' id='word_1_294' title='bbox 1641 2334 1729 2364; x_wconf 87' lang='lat' dir='ltr'>tan-</span> 
     </span>
     <span class='ocr_line' id='line_1_37' title="bbox 599 2392 1726 2422; baseline -0.004 5"><span class='ocrx_word' id='word_1_295' title='bbox 599 2393 601 2397; x_wconf 77' lang='grc'>’</span> <span class='ocrx_word' id='word_1_296' title='bbox 1636 2392 1726 2422; x_wconf 90' lang='lat' dir='ltr'>tum</span> 
     </span>
    </p>
   </div>
   <div class='ocr_carea' id='block_1_3' title="bbox 200 1728 318 1756">
    <p class='ocr_par' dir='ltr' id='par_1_3' title="bbox 200 1728 318 1756">
     <span class='ocr_line' id='line_1_38' title="bbox 200 1728 318 1756; baseline -0.008 0"><span class='ocrx_word' id='word_1_297' title='bbox 200 1728 318 1756; x_wconf 59' lang='lat' dir='ltr'>malunt.</span> 
     </span>
    </p>
   </div>
   <div class='ocr_carea' id='block_1_4' title="bbox 433 2498 1732 2753">
    <p class='ocr_par' dir='ltr' id='par_1_4' title="bbox 433 2498 1732 2727">
     <span class='ocr_line' id='line_1_39' title="bbox 433 2498 1727 2546; baseline -0.005 -11"><span class='ocrx_word' id='word_1_298' title='bbox 433 2508 580 2544; x_wconf 43' lang='lat' dir='ltr'>artemam.</span> <span class='ocrx_word' id='word_1_299' title='bbox 627 2504 684 2546; x_wconf 88' lang='lat'>(2)</span> <span class='ocrx_word' id='word_1_300' title='bbox 710 2505 800 2535; x_wconf 59' lang='lat' dir='ltr'>Ix&#39;emo</span> <span class='ocrx_word' id='word_1_301' title='bbox 832 2506 946 2535; x_wconf 69' lang='lat' dir='ltr'>omnium</span> <span class='ocrx_word' id='word_1_302' title='bbox 980 2502 1058 2534; x_wconf 80' lang='lat' dir='ltr'>dixit</span> <span class='ocrx_word' id='word_1_303' title='bbox 1087 2504 1163 2533; x_wconf 77' lang='lat' dir='ltr'>Ter.</span> <span class='ocrx_word' id='word_1_304' title='bbox 1187 2501 1220 2533; x_wconf 79' lang='lat' dir='ltr'>in</span> <span class='ocrx_word' id='word_1_305' title='bbox 1243 2502 1347 2532; x_wconf 84' lang='lat' dir='ltr'>Andr.</span> <span class='ocrx_word' id='word_1_306' title='bbox 1364 2510 1395 2540; x_wconf 77' lang='lat'>5.</span> <span class='ocrx_word' id='word_1_307' title='bbox 1414 2511 1444 2540; x_wconf 79' lang='lat'>5.</span> <span class='ocrx_word' id='word_1_308' title='bbox 1467 2507 1494 2538; x_wconf 88' lang='lat'>7.</span> <span class='ocrx_word' id='word_1_309' title='bbox 1519 2498 1588 2531; x_wconf 72' lang='lat' dir='ltr'>Cic.</span> <span class='ocrx_word' id='word_1_310' title='bbox 1606 2499 1625 2529; x_wconf 84' lang='grc' dir='ltr'>Ῑ.</span> <span class='ocrx_word' id='word_1_311' title='bbox 1639 2508 1667 2530; x_wconf 85' lang='lat'>2.</span> <span class='ocrx_word' id='word_1_312' title='bbox 1686 2499 1727 2529; x_wconf 85' lang='lat' dir='ltr'>de</span> 
     </span>
     <span class='ocr_line' id='line_1_40' title="bbox 433 2543 1730 2590; baseline -0.004 -10"><span class='ocrx_word' id='word_1_313' title='bbox 433 2555 488 2582; x_wconf 67' lang='lat' dir='ltr'>Ur.</span> <span class='ocrx_word' id='word_1_314' title='bbox 505 2563 530 2581; x_wconf 80' lang='lat' dir='ltr'>c.</span> <span class='ocrx_word' id='word_1_315' title='bbox 549 2550 598 2582; x_wconf 77' lang='lat'>28.</span> <span class='ocrx_word' id='word_1_316' title='bbox 615 2559 645 2580; x_wconf 77' lang='lat' dir='ltr'>et</span> <span class='ocrx_word' id='word_1_317' title='bbox 665 2549 750 2580; x_wconf 75' lang='lat' dir='ltr'>alibi.</span> <span class='ocrx_word' id='word_1_318' title='bbox 795 2551 848 2589; x_wconf 77' lang='lat'>(3)</span> <span class='ocrx_word' id='word_1_319' title='bbox 875 2552 1033 2590; x_wconf 68' lang='lat' dir='ltr'>Praecipc’re</span> <span class='ocrx_word' id='word_1_320' title='bbox 1060 2551 1158 2578; x_wconf 76' lang='lat' dir='ltr'>animis</span> <span class='ocrx_word' id='word_1_321' title='bbox 1186 2548 1282 2588; x_wconf 55' lang='lat' dir='ltr'>supra}</span> <span class='ocrx_word' id='word_1_322' title='bbox 1314 2547 1337 2577; x_wconf 89' lang='lat' dir='ltr'>l.</span> <span class='ocrx_word' id='word_1_323' title='bbox 1367 2555 1399 2586; x_wconf 88' lang='grc'>9.</span> <span class='ocrx_word' id='word_1_324' title='bbox 1433 2557 1459 2576; x_wconf 89' lang='lat' dir='ltr'>c.</span> <span class='ocrx_word' id='word_1_325' title='bbox 1475 2554 1507 2583; x_wconf 85' lang='grc'>5.</span> <span class='ocrx_word' id='word_1_326' title='bbox 1535 2544 1620 2582; x_wconf 55' lang='lat' dir='ltr'>insti</span> <span class='ocrx_word' id='word_1_327' title='bbox 1638 2543 1656 2574; x_wconf 93' lang='lat' dir='ltr'>l.</span> <span class='ocrx_word' id='word_1_328' title='bbox 1674 2553 1730 2582; x_wconf 78' lang='lat'>31·</span> 
     </span>
     <span class='ocr_line' id='line_1_41' title="bbox 433 2589 1730 2635; baseline -0.006 -9"><span class='ocrx_word' id='word_1_329' title='bbox 433 2608 457 2626; x_wconf 85' lang='lat' dir='ltr'>c.</span> <span class='ocrx_word' id='word_1_330' title='bbox 482 2606 530 2635; x_wconf 69' lang='lat'>49.</span> <span class='ocrx_word' id='word_1_331' title='bbox 556 2595 574 2624; x_wconf 92' lang='lat' dir='ltr'>l.</span> <span class='ocrx_word' id='word_1_332' title='bbox 590 2594 639 2633; x_wconf 85' lang='lat'>38.</span> <span class='ocrx_word' id='word_1_333' title='bbox 668 2606 692 2624; x_wconf 87' lang='lat' dir='ltr'>c.</span> <span class='ocrx_word' id='word_1_334' title='bbox 708 2604 758 2625; x_wconf 89' lang='lat'>20.</span> <span class='ocrx_word' id='word_1_335' title='bbox 804 2596 858 2635; x_wconf 72' lang='lat'>(4)</span> <span class='ocrx_word' id='word_1_336' title='bbox 884 2596 975 2625; x_wconf 80' lang='lat' dir='ltr'>Unus</span> <span class='ocrx_word' id='word_1_337' title='bbox 999 2600 1029 2624; x_wconf 83' lang='lat' dir='ltr'>ct</span> <span class='ocrx_word' id='word_1_338' title='bbox 1053 2593 1134 2626; x_wconf 80' lang='lat' dir='ltr'>alter</span> <span class='ocrx_word' id='word_1_339' title='bbox 1151 2593 1250 2625; x_wconf 85' lang='lat' dir='ltr'>codex</span> <span class='ocrx_word' id='word_1_340' title='bbox 1268 2591 1365 2628; x_wconf 77' lang='lat' dir='ltr'>habet</span> <span class='ocrx_word' id='word_1_341' title='bbox 1382 2594 1409 2620; x_wconf 81' lang='lat' dir='ltr'>in</span> <span class='ocrx_word' id='word_1_342' title='bbox 1422 2591 1534 2621; x_wconf 80' lang='lat' dir='ltr'>collem.-</span> <span class='ocrx_word' id='word_1_343' title='bbox 1560 2589 1648 2629; x_wconf 80' lang='lat' dir='ltr'>quod</span> <span class='ocrx_word' id='word_1_344' title='bbox 1662 2598 1730 2624; x_wconf 76' lang='lat' dir='ltr'>om-</span> 
     </span>
     <span class='ocr_line' id='line_1_42' title="bbox 433 2632 1732 2675; baseline -0.005 -5"><span class='ocrx_word' id='word_1_345' title='bbox 433 2641 513 2672; x_wconf 74' lang='lat' dir='ltr'>nino</span> <span class='ocrx_word' id='word_1_346' title='bbox 544 2649 658 2670; x_wconf 69' lang='lat' dir='ltr'>verum</span> <span class='ocrx_word' id='word_1_347' title='bbox 692 2639 832 2675; x_wconf 84' lang='lat' dir='ltr'>videtur,</span> <span class='ocrx_word' id='word_1_348' title='bbox 857 2647 887 2669; x_wconf 79' lang='lat' dir='ltr'>et</span> <span class='ocrx_word' id='word_1_349' title='bbox 917 2651 934 2669; x_wconf 79' lang='lat' dir='ltr'>a</span> <span class='ocrx_word' id='word_1_350' title='bbox 957 2638 1188 2675; x_wconf 60' lang='lat' dir='ltr'>Rudtlimanno</span> <span class='ocrx_word' id='word_1_351' title='bbox 1217 2636 1250 2666; x_wconf 87' lang='lat' dir='ltr'>in</span> <span class='ocrx_word' id='word_1_352' title='bbox 1279 2643 1466 2666; x_wconf 86' lang='lat' dir='ltr'>contextum</span> <span class='ocrx_word' id='word_1_353' title='bbox 1493 2641 1658 2675; x_wconf 82' lang='lat' dir='ltr'>receptum</span> <span class='ocrx_word' id='word_1_354' title='bbox 1675 2632 1732 2664; x_wconf 87' lang='lat' dir='ltr'>est.</span> 
     </span>
     <span class='ocr_line' id='line_1_43' title="bbox 433 2681 1731 2727; baseline -0.005 -12"><span class='ocrx_word' id='word_1_355' title='bbox 433 2686 487 2727; x_wconf 72' lang='lat'>(5)</span> <span class='ocrx_word' id='word_1_356' title='bbox 514 2684 562 2715; x_wconf 75' lang='lat' dir='ltr'>Sic</span> <span class='ocrx_word' id='word_1_357' title='bbox 589 2683 676 2715; x_wconf 60' lang='lat' dir='ltr'>infra}</span> <span class='ocrx_word' id='word_1_358' title='bbox 704 2684 725 2714; x_wconf 81' lang='lat' dir='ltr'>l.</span> <span class='ocrx_word' id='word_1_359' title='bbox 750 2692 800 2724; x_wconf 53' lang='grc' dir='ltr'>ῖς.</span> <span class='ocrx_word' id='word_1_360' title='bbox 829 2695 852 2716; x_wconf 81' lang='lat' dir='ltr'>c.</span> <span class='ocrx_word' id='word_1_361' title='bbox 874 2684 925 2717; x_wconf 76' lang='lat'>28.</span> <span class='ocrx_word' id='word_1_362' title='bbox 951 2696 1006 2715; x_wconf 54' lang='lat' dir='ltr'>sum</span> <span class='ocrx_word' id='word_1_363' title='bbox 1025 2686 1119 2715; x_wconf 64' lang='lat' dir='ltr'>variis</span> <span class='ocrx_word' id='word_1_364' title='bbox 1136 2683 1282 2713; x_wconf 73' lang='lat' dir='ltr'>ululatibus</span> <span class='ocrx_word' id='word_1_365' title='bbox 1306 2688 1438 2725; x_wconf 63' lang='lat' dir='ltr'>cantetque</span> <span class='ocrx_word' id='word_1_366' title='bbox 1453 2681 1610 2721; x_wconf 72' lang='lat' dir='ltr'>morissaei.</span> <span class='ocrx_word' id='word_1_367' title='bbox 1636 2688 1663 2709; x_wconf 87' lang='lat' dir='ltr'>c.</span> <span class='ocrx_word' id='word_1_368' title='bbox 1679 2686 1731 2715; x_wconf 75' lang='lat'>42-</span> 
     </span>
    </p>

    <p class='ocr_par' dir='ltr' id='par_1_5' title="bbox 734 2735 1726 2753">
     <span class='ocr_line' id='line_1_44' title="bbox 734 2735 1726 2753; baseline -0.006 5"><span class='ocrx_word' id='word_1_369' title='bbox 734 2743 737 2744; x_wconf 54' lang='lat'><em>⁷</em></span> <span class='ocrx_word' id='word_1_370' title='bbox 1668 2735 1726 2753; x_wconf 79' lang='lat' dir='ltr'>cum</span> 
     </span>
    </p>
   </div>
  </div>
 </body>
</html>
