1853 3158
126 298 204 348 196

111 1101 221 1131 Bellum
236 1114 293 1132 cum

114 1147 159 1175 (Ε
161 1149 232 1187 quis.

107 1613 213 1658 legati
234 1617 317 1648 Rom,

104 1667 204 1699 spreti.

833 294 883 337 T.
945 294 1200 338 LIVII

340 412 461 451 inodo
484 411 665 451 consules
687 411 832 466 legem,
864 411 1012 452 tribuni
1035 411 1234 467 judicium
1256 412 1306 453 de
1325 408 1491 454 Volscio
1512 411 1643 468 impes

339 468 526 508 diebant:
563 468 629 508 sed
660 469 701 508 in
724 469 986 522 quaestoribus
1007 470 1121 511 novis
1141 472 1270 526 major
1289 471 1365 523 vis,
1396 471 1526 527 major
1543 486 1641 513 auc-

339 527 478 567 toritas
502 536 598 566 erat.
662 527 769 568 Cum
805 528 866 567 M.
891 528 1070 577 Valerio,
1106 531 1168 583 (1)
1194 530 1348 570 Valerii
1371 528 1471 582 filio,
1501 528 1638 570 Volefi

340 595 499 638 nepote,
538 585 711 638 quaestor
741 595 825 625 erat
855 586 907 625 T.
929 586 1150 643 Qintstius
1177 587 1446 641 Capitolinus,
1481 588 1551 641 qui
1578 597 1643 628 ter

338 643 477 682 consul
517 642 661 683 fuerat.
714 643 767 692 Is,
814 643 1006 697 quoniam
1046 658 1176 697 neque
1217 645 1426 703 Qinffiae
1474 644 1642 685 familiae

336 700 472 752 Kaeso,
512 715 644 755 neque
679 700 908 755 reipublicae
940 703 1002 755 (2)
1033 702 1233 742 maximus
1257 703 1454 757 juvenum
1483 702 1639 743 restitui

336 760 475 812 poffet,
507 759 651 799 falsum
674 759 831 809 testem,
861 759 930 812 qui
953 759 1134 799 dicendae
1155 759 1283 799 causae
1313 760 1479 800 innoxio
1507 759 1643 814 potes-

337 826 460 857 tatem
478 817 693 867 ademisset,
720 817 828 871 justo
845 831 889 856 ac
911 816 978 869 pio
998 816 1103 857 bello
1125 816 1447 870 persequebatur.
1494 819 1639 876 Qum

336 870 548 930 Virginius
569 874 742 915 maxime
769 877 804 914 &
837 873 988 913 tribuni
1010 876 1072 928 (3)
1103 875 1152 914 de
1182 875 1270 929 lege
1291 885 1472 931 agerent,
1508 875 1639 916 duum

335 934 531 973 mensium
559 931 729 987 spatium
758 931 987 972 consulibus
1012 933 1152 971 datum
1183 932 1239 972 est
1268 934 1317 972 ad
1350 933 1640 988 inspiciendam

335 993 489 1046 legem:
522 1000 583 1041 ut,
616 1004 743 1043 quum
765 989 1010 1029 edocuissent
1031 991 1228 1043 populum
1250 992 1327 1044 (4),
1358 991 1456 1045 quid
1484 991 1639 1031 fraudis

335 1051 507 1091 occultae
538 1048 726 1097 ferretur,
763 1048 933 1087 fluerent
967 1047 1111 1087 deinde
1144 1046 1377 1102 suffragium
1410 1049 1523 1089 inire.
1558 1048 1638 1089 hoc

335 1107 532 1148 intervalli
555 1107 695 1145 datum
715 1119 778 1145 res
800 1105 1036 1158 tranquillas
1067 1105 1109 1144 in
1141 1104 1238 1145 urbe
1261 1105 1370 1148 fecit.
1430 1106 1521 1147 Nec
1549 1107 1642 1147 diu-

335 1174 496 1206 turnam
534 1164 711 1218 quietern
748 1163 876 1216 AEqui
912 1163 1134 1204 dederunt:
1180 1163 1264 1216 qui,
1310 1172 1430 1217 rupto
1465 1163 1639 1213 foedere,

334 1223 444 1278 quod
477 1223 607 1264 ustum
639 1230 722 1261 erat
755 1221 886 1274 priore
913 1235 1019 1260 anno
1051 1235 1145 1261 curn
1168 1221 1384 1272 Romanis,
1420 1221 1639 1275 imperium

333 1283 385 1321 ad
408 1280 644 1322 Gracchum
665 1279 861 1319 Cloelium
892 1278 1092 1319 deferunt.
1126 1279 1158 1320 is
1179 1288 1268 1318 tum
1299 1278 1417 1334 longe
1451 1280 1640 1334 prin-ceps

333 1339 376 1378 in
410 1339 558 1392 AEquis
592 1346 689 1377 erat.
762 1336 953 1376 Graccho
990 1337 1092 1377 duce
1126 1336 1167 1376 in
1199 1336 1447 1377 Lavicanum
1480 1351 1640 1392 agrum,

333 1397 426 1437 inde
458 1396 499 1436 in
518 1395 813 1442 Tusculanum,
849 1393 983 1433 hostili
1016 1394 1275 1448 populatione
1297 1395 1479 1444 veniunt,
1511 1395 1640 1448 pleni-

333 1470 413 1508 que
435 1455 584 1508 praedae
602 1453 643 1492 in
666 1451 817 1506 Algido
838 1451 963 1491 castra
985 1453 1133 1492 locant.
1194 1452 1241 1491 In
1263 1466 1308 1492 ea
1330 1452 1457 1492 castra
1485 1452 1639 1510 QFa-

332 1513 439 1565 hius,
469 1512 515 1552 P.
538 1510 801 1558 Volumnius,
835 1509 888 1549 A.
905 1508 1152 1558 Postumius,
1183 1510 1304 1564 legati
1325 1509 1374 1550 ab
1396 1510 1546 1560 Roma,
1571 1524 1640 1550 ve-

333 1581 481 1612 nerunt
517 1569 702 1624 questum
739 1567 920 1622 injurias,
958 1569 999 1608 &
1036 1582 1083 1607 ex
1117 1567 1273 1607 foedere
1309 1581 1373 1608 res
1406 1568 1637 1622 repetitum.

336 1643 405 1669 eos
428 1622 660 1682 AEquorum
683 1626 918 1679 imperator,
948 1641 1024 1679 quae
1056 1625 1232 1665 mandata
1255 1625 1410 1665 habeant
1440 1627 1485 1665 ab
1501 1627 1638 1680 stnatu

336 1687 519 1736 Romano,
551 1686 602 1725 ad
619 1699 790 1739 quercum
817 1682 933 1738 jubet
954 1683 1070 1723 dicere
1084 1701 1097 1722 .·
1120 1683 1258 1737 sealz'a
1279 1685 1428 1722 interim
1448 1687 1633 1723 aHurum.

336 1759 515 1799 quercus.
537 1745 679 1799 ingens
701 1741 817 1781 arbor
849 1741 1036 1794 praetorio
1071 1739 1324 1791 imminebat,
1356 1741 1472 1796 cujus
1495 1741 1639 1782 umbra

334 1818 459 1857 opaca
490 1802 601 1841 sedes
622 1809 718 1840 erat.
780 1799 819 1837 T
822 1804 892 1837 {nn
914 1813 962 1838 ex
994 1799 1134 1854 legatis
1157 1813 1261 1838 unus
1283 1798 1436 1849 abiens,
1472 1799 1523 1840 ξεῖ
1549 1799 1637 1851 haec,

334 1862 483 1914 inquit,
512 1861 668 1915 siwrata
699 1872 866 1912 quercus,
907 1857 958 1898 {33³
990 1856 1165 1910 quicquid
1188 1857 1354 1896 Deorum
1386 1857 1444 1914 ‘ss'
1479 1857 1636 1897 audiant

332 1920 450 1969 fiedus
471 1935 493 1958 a
516 1919 614 1957 vobis
634 1925 784 1969 ruptum
801 1934 811 1954 :
844 1915 1034 1970 nostrisque
1058 1915 1109 1956 ξεῖ*
1131 1930 1227 1954 nunc
1247 1915 1401 1968 querelis
1421 1914 1551 1969 acffint,
1586 1916 1637 1956 ξς

334 1993 415 2017 mox
443 1977 561 2016 armis
579 1998 591 2020 ,-
638 1990 749 2028 quum
773 1973 939 2012 Deorum
967 1972 1220 2026 hominumque
1235 1972 1356 2027 stmul
1381 1974 1516 2012 violata
1536 1974 1637 2028 jura

331 2036 574 2090 exsequemur.
638 2033 817 2072 Romam
840 2042 883 2070 ut
905 2031 1057 2070 rediere
1079 2031 1214 2085 legati,
1246 2030 1403 2070 senatus
1426 2029 1549 2085 jussit,
1581 2032 1638 2070 ala

332 2103 465 2132 terum
485 2091 690 2132 consulem
712 2098 851 2130 contra
873 2088 1111 2129 Gracchum
1131 2089 1171 2127 in
1195 2088 1392 2142 Algidum
1413 2088 1636 2128 exercitum

332 2151 480 2190 ducere
497 2165 505 2189 :
527 2148 639 2188 alteri
656 2147 957 2201 populationem
975 2146 1118 2185 finium
1136 2146 1369 2199 AEquorum
1386 2146 1636 2199 provinciam

380 2267 414 2298 C.
433 2275 484 2304 25.
507 2266 560 2306 (ι’)
579 2267 606 2295 Is
623 2263 738 2305 procul
755 2262 858 2294 dubio
873 2263 958 2294 idem
970 2261 1023 2299 est,
1046 2261 1102 2302 qui
1117 2261 1250 2293 biennio
1268 2261 1337 2303 post
1353 2261 1473 2300 consul,
1497 2270 1633 2294 vocatur·

334 2311 367 2341 in
386 2311 479 2342 Fastis
498 2310 690 2351 Capitolinis
709 2310 757 2339 M.
775 2308 935 2345 Valerius,
958 2308 1019 2337 Μ’.
1038 2307 1133 2343 filius,
1157 2306 1269 2338 Volusi
1286 2318 1396 2348 nepos.
1445 2309 1633 2349 Legendum

334 2356 431 2397 igitur
449 2356 509 2386 hoc
526 2355 598 2386 loco
615 2354 755 2390 videtur,
779 2355 827 2383 M
831 2353 846 2383 ’.
875 2353 937 2384 five
955 2354 1060 2382 Manii
1073 2353 1148 2394 filio.
1194 2353 1308 2392 Neque
1324 2351 1421 2388 enim,
1443 2363 1544 2392 quum
1562 2353 1633 2393 quis

334 2400 574 2437 nominabatur,
596 2411 614 2430 a
639 2399 738 2440 patris
764 2398 895 2429 nomine
918 2396 1088 2439 gentilitio,
1114 2397 1167 2428 sed
1184 2408 1202 2428 a
1226 2397 1426 2438 praenomine
1450 2397 1633 2438 designaba-

336 2454 407 2483 tur-3
430 2444 595 2476 interdum
611 2444 708 2475 etiam
735 2455 752 2474 a
775 2442 875 2483 patris
891 2441 1093 2484 cognomine,
1115 2442 1292 2482 praesertim
1309 2441 1331 2472 fi
1356 2441 1381 2472 is
1397 2453 1436 2473 eo
1452 2442 1633 2473 notiffimus

335 2489 439 2520 evafit.
486 2489 620 2520 Ntanius
645 2488 697 2519 illc
714 2487 862 2519 Valerius
889 2487 950 2518 fuit
968 2487 1109 2518 dietator
1125 2497 1211 2517 anno
1237 2498 1266 2518 u.
1283 2497 1309 2517 c.
1335 2486 1409 2518 260.
1456 2487 1510 2527 (2)
1534 2488 1633 2524 Idem,

335 2545 460 2575 nempe,
478 2535 580 2565 Kaeso.
621 2534 676 2575 (3)
689 2531 946 2574 Subintelligitur
959 2535 1021 2568 alii,
1035 2542 1111 2562 nam
1128 2531 1278 2563 tribu-nus
1291 2539 1361 2562 erat
1377 2531 1442 2572 ipse
1455 2531 1630 2573 Virginius·

335 2581 408 2609 Hoc
431 2590 531 2621 genus
557 2578 711 2619 loquendi
738 2577 818 2618 saepe
842 2576 984 2608 occurrit
1010 2577 1098 2618 apud
1122 2576 1266 2608 nostrum
1291 2576 1434 2616 aliosque
1459 2577 1631 2618 scriptores

332 2624 481 2664 optimos.
529 2623 578 2655 Sic
596 2623 691 2664 supr}
718 2622 739 2652 l.
758 2632 786 2654 ¹2.
813 2633 840 2652 c.
859 2632 910 2659 44.
936 2635 1017 2651 unum
1043 2623 1091 2651 vel
1111 2623 1244 2652 advc'rsus
1267 2634 1354 2652 omnes
1366 2622 1442 2661 fitIs
1463 2622 1518 2663 eff.
1544 2621 1632 2652 infr}

330 2668 351 2699 i.
372 2679 423 2707 35.
449 2681 474 2699 c.
497 2679 537 2708 34
560 2669 592 2699 δι
611 2677 662 2707 37.
700 2668 849 2711 Qinfh'us
865 2669 1017 2708 legatique;
1045 2666 1118 2697 licet
1136 2666 1311 2708 Qimstius
1336 2666 1402 2707 ipse
1424 2676 1506 2697 unus
1531 2666 1630 2697 fuerit

332 2713 518 2753 legatorum.
567 2713 670 2744 Plaut.
696 2711 823 2753 Captiv.
846 2721 875 2750 5.
898 2721 946 2742 ιι.
984 2713 1059 2754 Jovi
1075 2713 1192 2752 Deisque
1215 2724 1266 2753 ago
1281 2714 1404 2752 gratias.
1451 2710 1505 2753 (4)
1530 2712 1630 2754 Qiod

331 2759 395 2799 jam
413 2759 560 2790 Valerius
579 2757 698 2791 Consul
715 2757 748 2789 iu
764 2757 794 2790 se
811 2764 985 2800 receperat.
1011 2755 1076 2788 vid.
1102 2755 1198 2798 supi-5
1222 2766 1248 2788 c.
1270 2756 1320 2789 18.
1345 2757 1381 2787 E.
1502 2799 1527 2838 d
1555 2799 1591 2839 d.

1530 2812 1551 2839 e
1584 2808 1625 2839 lte
