<?xml version="1.0" encoding="UTF-8"?>
<!DOCTYPE html PUBLIC "-//W3C//DTD XHTML 1.0 Transitional//EN"
    "http://www.w3.org/TR/xhtml1/DTD/xhtml1-transitional.dtd">
<html xmlns="http://www.w3.org/1999/xhtml" xml:lang="en" lang="en">
 <head>
  <title>
</title>
<meta http-equiv="Content-Type" content="text/html;charset=utf-8" />
  <meta name='ocr-system' content='tesseract 3.04.00' />
  <meta name='ocr-capabilities' content='ocr_page ocr_carea ocr_par ocr_line ocrx_word'/>
</head>
<body>
  <div class='ocr_page' id='page_1' title='image "./historiaeromanae01livyuoft_0504.png"; bbox 0 0 1853 3158; ppageno 0'>
   <div class='ocr_carea' id='block_1_1' title="bbox 206 1370 374 1399">
    <p class='ocr_par' dir='ltr' id='par_1_1' title="bbox 206 1370 374 1399">
     <span class='ocr_line' id='line_1_1' title="bbox 206 1370 374 1399; baseline -0.006 0"><span class='ocrx_word' id='word_1_1' title='bbox 206 1370 374 1399; x_wconf 67' lang='lat' dir='ltr'>Damnatus.</span> 
     </span>
    </p>
   </div>
   <div class='ocr_carea' id='block_1_2' title="bbox 1106 0 1647 2">
    <p class='ocr_par' dir='ltr' id='par_1_2' title="bbox 1106 0 1647 2">
     <span class='ocr_line' id='line_1_2' title="bbox 1106 0 1647 2; baseline 0 0"><span class='ocrx_word' id='word_1_2' title='bbox 1106 0 1647 2; x_wconf 95' lang='lat' dir='ltr'> </span> 
     </span>
    </p>
   </div>
   <div class='ocr_carea' id='block_1_3' title="bbox 887 308 1258 355">
    <p class='ocr_par' dir='ltr' id='par_1_3' title="bbox 887 308 1258 355">
     <span class='ocr_line' id='line_1_3' title="bbox 887 308 1258 355; baseline -0.003 -1"><span class='ocrx_word' id='word_1_3' title='bbox 887 311 941 354; x_wconf 90' lang='lat' dir='ltr'>T.</span> <span class='ocrx_word' id='word_1_4' title='bbox 999 308 1258 355; x_wconf 86' lang='lat' dir='ltr'>LIVII</span> 
     </span>
    </p>
   </div>
   <div class='ocr_carea' id='block_1_4' title="bbox 423 425 1729 2153">
    <p class='ocr_par' dir='ltr' id='par_1_4' title="bbox 423 425 1729 2153">
     <span class='ocr_line' id='line_1_4' title="bbox 431 425 1722 483; baseline 0.004 -15"><span class='ocrx_word' id='word_1_5' title='bbox 431 428 678 483; x_wconf 83' lang='lat' dir='ltr'>Capitolium</span> <span class='ocrx_word' id='word_1_6' title='bbox 701 427 897 482; x_wconf 55' lang='lat' dir='ltr'>spectans,</span> <span class='ocrx_word' id='word_1_7' title='bbox 928 430 1071 482; x_wconf 71' lang='lat' dir='ltr'>jovem</span> <span class='ocrx_word' id='word_1_8' title='bbox 1099 429 1287 483; x_wconf 83' lang='lat' dir='ltr'>Deosque</span> <span class='ocrx_word' id='word_1_9' title='bbox 1319 426 1416 469; x_wconf 86' lang='lat' dir='ltr'>alios</span> <span class='ocrx_word' id='word_1_10' title='bbox 1447 425 1646 471; x_wconf 77' lang='lat' dir='ltr'>devocasse</span> <span class='ocrx_word' id='word_1_11' title='bbox 1672 432 1722 475; x_wconf 79' lang='lat' dir='ltr'>ad</span> 
     </span>
     <span class='ocr_line' id='line_1_5' title="bbox 429 486 1722 542; baseline 0.004 -17"><span class='ocrx_word' id='word_1_12' title='bbox 429 487 624 527; x_wconf 83' lang='lat' dir='ltr'>auxilium</span> <span class='ocrx_word' id='word_1_13' title='bbox 642 486 895 526; x_wconf 85' lang='lat' dir='ltr'>fortunarum</span> <span class='ocrx_word' id='word_1_14' title='bbox 913 487 1073 527; x_wconf 87' lang='lat' dir='ltr'>suarum</span> <span class='ocrx_word' id='word_1_15' title='bbox 1088 503 1097 527; x_wconf 90' lang='lat'>:</span> <span class='ocrx_word' id='word_1_16' title='bbox 1127 486 1389 541; x_wconf 86' lang='lat' dir='ltr'>precatusque</span> <span class='ocrx_word' id='word_1_17' title='bbox 1406 487 1497 537; x_wconf 83' lang='lat' dir='ltr'>effe,</span> <span class='ocrx_word' id='word_1_18' title='bbox 1520 499 1578 537; x_wconf 87' lang='lat' dir='ltr'>ut,</span> <span class='ocrx_word' id='word_1_19' title='bbox 1598 502 1722 542; x_wconf 85' lang='lat' dir='ltr'>quam</span> 
     </span>
     <span class='ocr_line' id='line_1_6' title="bbox 429 544 1724 599; baseline 0.002 -15"><span class='ocrx_word' id='word_1_20' title='bbox 429 553 607 584; x_wconf 85' lang='lat' dir='ltr'>mentem</span> <span class='ocrx_word' id='word_1_21' title='bbox 646 544 712 584; x_wconf 83' lang='lat' dir='ltr'>fibi</span> <span class='ocrx_word' id='word_1_22' title='bbox 749 544 1019 598; x_wconf 81' lang='lat' dir='ltr'>Capitolinam</span> <span class='ocrx_word' id='word_1_23' title='bbox 1055 559 1186 585; x_wconf 91' lang='lat' dir='ltr'>arcem</span> <span class='ocrx_word' id='word_1_24' title='bbox 1216 544 1441 599; x_wconf 85' lang='lat' dir='ltr'><strong>protegenti</strong></span> <span class='ocrx_word' id='word_1_25' title='bbox 1473 546 1521 584; x_wconf 89' lang='lat' dir='ltr'>ad</span> <span class='ocrx_word' id='word_1_26' title='bbox 1558 546 1724 587; x_wconf 84' lang='lat' dir='ltr'>salutem</span> 
     </span>
     <span class='ocr_line' id='line_1_7' title="bbox 428 603 1724 657; baseline 0.002 -16"><span class='ocrx_word' id='word_1_27' title='bbox 428 603 567 655; x_wconf 90' lang='lat' dir='ltr'>populi</span> <span class='ocrx_word' id='word_1_28' title='bbox 590 603 767 642; x_wconf 86' lang='lat' dir='ltr'>Romani</span> <span class='ocrx_word' id='word_1_29' title='bbox 789 603 993 651; x_wconf 86' lang='lat' dir='ltr'>dediffent,</span> <span class='ocrx_word' id='word_1_30' title='bbox 1024 616 1112 642; x_wconf 83' lang='lat' dir='ltr'>earn</span> <span class='ocrx_word' id='word_1_31' title='bbox 1127 605 1276 657; x_wconf 89' lang='lat' dir='ltr'>populo</span> <span class='ocrx_word' id='word_1_32' title='bbox 1294 603 1483 644; x_wconf 81' lang='lat' dir='ltr'>Romano</span> <span class='ocrx_word' id='word_1_33' title='bbox 1506 603 1547 641; x_wconf 90' lang='lat' dir='ltr'>in</span> <span class='ocrx_word' id='word_1_34' title='bbox 1562 603 1631 643; x_wconf 89' lang='lat' dir='ltr'>suo</span> <span class='ocrx_word' id='word_1_35' title='bbox 1648 605 1724 644; x_wconf 89' lang='lat' dir='ltr'>dis-</span> 
     </span>
     <span class='ocr_line' id='line_1_8' title="bbox 427 660 1723 716; baseline 0.002 -17"><span class='ocrx_word' id='word_1_36' title='bbox 427 660 595 699; x_wconf 83' lang='lat' dir='ltr'>crimine</span> <span class='ocrx_word' id='word_1_37' title='bbox 617 661 757 700; x_wconf 87' lang='lat' dir='ltr'>darent</span> <span class='ocrx_word' id='word_1_38' title='bbox 775 676 784 700; x_wconf 73' lang='grc' dir='ltr'><strong><em>ι</em></strong></span> <span class='ocrx_word' id='word_1_39' title='bbox 820 664 855 700; x_wconf 88' lang='lat'>&amp;</span> <span class='ocrx_word' id='word_1_40' title='bbox 880 662 1000 700; x_wconf 86' lang='lat' dir='ltr'>oraffe</span> <span class='ocrx_word' id='word_1_41' title='bbox 1018 661 1190 716; x_wconf 82' lang='lat' dir='ltr'>lingulos</span> <span class='ocrx_word' id='word_1_42' title='bbox 1209 660 1505 714; x_wconf 87' lang='lat' dir='ltr'>universosque,</span> <span class='ocrx_word' id='word_1_43' title='bbox 1538 671 1582 700; x_wconf 91' lang='lat' dir='ltr'>ut</span> <span class='ocrx_word' id='word_1_44' title='bbox 1602 662 1723 715; x_wconf 85' lang='lat' dir='ltr'>Capi-</span> 
     </span>
     <span class='ocr_line' id='line_1_9' title="bbox 427 718 1724 771; baseline 0.002 -15"><span class='ocrx_word' id='word_1_45' title='bbox 427 718 571 757; x_wconf 88' lang='lat' dir='ltr'>tolium</span> <span class='ocrx_word' id='word_1_46' title='bbox 597 728 717 771; x_wconf 88' lang='lat' dir='ltr'>atque</span> <span class='ocrx_word' id='word_1_47' title='bbox 753 732 884 758; x_wconf 86' lang='lat' dir='ltr'>arcem</span> <span class='ocrx_word' id='word_1_48' title='bbox 920 718 1136 767; x_wconf 78' lang='lat' dir='ltr'>intuentes,</span> <span class='ocrx_word' id='word_1_49' title='bbox 1168 729 1213 757; x_wconf 92' lang='lat' dir='ltr'>ut</span> <span class='ocrx_word' id='word_1_50' title='bbox 1249 719 1298 757; x_wconf 85' lang='lat' dir='ltr'>ad</span> <span class='ocrx_word' id='word_1_51' title='bbox 1332 719 1443 758; x_wconf 89' lang='lat' dir='ltr'>Deos</span> <span class='ocrx_word' id='word_1_52' title='bbox 1477 719 1724 760; x_wconf 80' lang='lat' dir='ltr'>immortales</span> 
     </span>
     <span class='ocr_line' id='line_1_10' title="bbox 426 775 1724 831; baseline 0.002 -17"><span class='ocrx_word' id='word_1_53' title='bbox 426 776 537 825; x_wconf 77' lang='lat' dir='ltr'>versi,</span> <span class='ocrx_word' id='word_1_54' title='bbox 561 777 609 816; x_wconf 89' lang='lat' dir='ltr'>de</span> <span class='ocrx_word' id='word_1_55' title='bbox 627 775 664 816; x_wconf 90' lang='lat' dir='ltr'>se</span> <span class='ocrx_word' id='word_1_56' title='bbox 681 776 921 831; x_wconf 85' lang='lat' dir='ltr'>judicarent.</span> <span class='ocrx_word' id='word_1_57' title='bbox 982 776 1029 815; x_wconf 91' lang='lat' dir='ltr'>In</span> <span class='ocrx_word' id='word_1_58' title='bbox 1051 776 1206 829; x_wconf 88' lang='lat' dir='ltr'>Campo</span> <span class='ocrx_word' id='word_1_59' title='bbox 1225 776 1376 815; x_wconf 88' lang='lat' dir='ltr'>Martio</span> <span class='ocrx_word' id='word_1_60' title='bbox 1398 791 1524 829; x_wconf 88' lang='lat' dir='ltr'>quum</span> <span class='ocrx_word' id='word_1_61' title='bbox 1549 779 1609 831; x_wconf 85' lang='lat'>(7)</span> <span class='ocrx_word' id='word_1_62' title='bbox 1630 791 1724 816; x_wconf 88' lang='lat' dir='ltr'>cen-</span> 
     </span>
     <span class='ocr_line' id='line_1_11' title="bbox 427 833 1724 888; baseline 0.002 -16"><span class='ocrx_word' id='word_1_63' title='bbox 427 834 605 873; x_wconf 86' lang='lat' dir='ltr'>turiatim</span> <span class='ocrx_word' id='word_1_64' title='bbox 626 835 798 888; x_wconf 88' lang='lat' dir='ltr'>populus</span> <span class='ocrx_word' id='word_1_65' title='bbox 821 834 1026 884; x_wconf 77' lang='lat' dir='ltr'>citaretur,</span> <span class='ocrx_word' id='word_1_66' title='bbox 1060 836 1099 873; x_wconf 84' lang='lat'>&amp;</span> <span class='ocrx_word' id='word_1_67' title='bbox 1118 848 1223 883; x_wconf 86' lang='lat' dir='ltr'>reus,</span> <span class='ocrx_word' id='word_1_68' title='bbox 1245 833 1294 872; x_wconf 88' lang='lat' dir='ltr'>ad</span> <span class='ocrx_word' id='word_1_69' title='bbox 1311 833 1558 887; x_wconf 82' lang='lat' dir='ltr'>Capitolium</span> <span class='ocrx_word' id='word_1_70' title='bbox 1580 849 1724 875; x_wconf 83' lang='lat' dir='ltr'>manus</span> 
     </span>
     <span class='ocr_line' id='line_1_12' title="bbox 426 889 1725 945; baseline 0.001 -15"><span class='ocrx_word' id='word_1_71' title='bbox 426 892 611 943; x_wconf 84' lang='lat' dir='ltr'>tendens,</span> <span class='ocrx_word' id='word_1_72' title='bbox 642 891 690 932; x_wconf 87' lang='lat' dir='ltr'>ab</span> <span class='ocrx_word' id='word_1_73' title='bbox 712 891 942 932; x_wconf 85' lang='lat' dir='ltr'>hominibus</span> <span class='ocrx_word' id='word_1_74' title='bbox 971 892 1020 931; x_wconf 84' lang='lat' dir='ltr'>ad</span> <span class='ocrx_word' id='word_1_75' title='bbox 1052 891 1163 931; x_wconf 89' lang='lat' dir='ltr'>Deos</span> <span class='ocrx_word' id='word_1_76' title='bbox 1184 905 1321 945; x_wconf 83' lang='lat' dir='ltr'>preces</span> <span class='ocrx_word' id='word_1_77' title='bbox 1353 889 1572 940; x_wconf 82' lang='lat' dir='ltr'>avertiffet3</span> <span class='ocrx_word' id='word_1_78' title='bbox 1603 907 1725 945; x_wconf 86' lang='lat' dir='ltr'>appa-</span> 
     </span>
     <span class='ocr_line' id='line_1_13' title="bbox 424 948 1726 1002; baseline 0.001 -14"><span class='ocrx_word' id='word_1_79' title='bbox 424 949 506 989; x_wconf 88' lang='lat' dir='ltr'>ruit</span> <span class='ocrx_word' id='word_1_80' title='bbox 527 949 712 998; x_wconf 83' lang='lat' dir='ltr'>tribunis,</span> <span class='ocrx_word' id='word_1_81' title='bbox 744 950 813 989; x_wconf 79' lang='lat' dir='ltr'>nisi</span> <span class='ocrx_word' id='word_1_82' title='bbox 843 950 982 989; x_wconf 88' lang='lat' dir='ltr'>oculos</span> <span class='ocrx_word' id='word_1_83' title='bbox 1005 963 1165 1002; x_wconf 88' lang='lat' dir='ltr'>quoque</span> <span class='ocrx_word' id='word_1_84' title='bbox 1186 949 1401 988; x_wconf 89' lang='lat' dir='ltr'>hominum</span> <span class='ocrx_word' id='word_1_85' title='bbox 1433 948 1656 989; x_wconf 83' lang='lat' dir='ltr'>liberaffent</span> <span class='ocrx_word' id='word_1_86' title='bbox 1676 950 1726 989; x_wconf 88' lang='lat' dir='ltr'>ab</span> 
     </span>
     <span class='ocr_line' id='line_1_14' title="bbox 426 1004 1727 1061; baseline 0.002 -16"><span class='ocrx_word' id='word_1_87' title='bbox 426 1007 525 1047; x_wconf 81' lang='lat' dir='ltr'>tanti</span> <span class='ocrx_word' id='word_1_88' title='bbox 560 1004 754 1047; x_wconf 57' lang='lat' dir='ltr'>memoria</span> <span class='ocrx_word' id='word_1_89' title='bbox 789 1007 958 1056; x_wconf 85' lang='lat' dir='ltr'>decoris,</span> <span class='ocrx_word' id='word_1_90' title='bbox 1000 1021 1210 1059; x_wconf 87' lang='lat' dir='ltr'>nunquam</span> <span class='ocrx_word' id='word_1_91' title='bbox 1241 1005 1328 1046; x_wconf 88' lang='lat' dir='ltr'>fore</span> <span class='ocrx_word' id='word_1_92' title='bbox 1361 1007 1402 1046; x_wconf 91' lang='lat' dir='ltr'>in</span> <span class='ocrx_word' id='word_1_93' title='bbox 1435 1008 1727 1061; x_wconf 75' lang='lat' dir='ltr'>praeoccupatis</span> 
     </span>
     <span class='ocr_line' id='line_1_15' title="bbox 424 1063 1726 1118; baseline 0.001 -15"><span class='ocrx_word' id='word_1_94' title='bbox 424 1064 622 1104; x_wconf 89' lang='lat' dir='ltr'>beneficio</span> <span class='ocrx_word' id='word_1_95' title='bbox 644 1065 787 1104; x_wconf 83' lang='lat' dir='ltr'>animis</span> <span class='ocrx_word' id='word_1_96' title='bbox 809 1078 903 1103; x_wconf 89' lang='lat' dir='ltr'>vero</span> <span class='ocrx_word' id='word_1_97' title='bbox 924 1064 1081 1104; x_wconf 88' lang='lat' dir='ltr'>crimini</span> <span class='ocrx_word' id='word_1_98' title='bbox 1103 1065 1251 1104; x_wconf 92' lang='lat' dir='ltr'>locum.</span> <span class='ocrx_word' id='word_1_99' title='bbox 1316 1064 1377 1104; x_wconf 84' lang='lat' dir='ltr'>Ita</span> <span class='ocrx_word' id='word_1_100' title='bbox 1397 1070 1421 1117; x_wconf 94' lang='lat'>†</span> <span class='ocrx_word' id='word_1_101' title='bbox 1445 1063 1629 1118; x_wconf 57' lang='lat' dir='ltr'>prodicta</span> <span class='ocrx_word' id='word_1_102' title='bbox 1645 1065 1726 1114; x_wconf 90' lang='lat' dir='ltr'>die,</span> 
     </span>
     <span class='ocr_line' id='line_1_16' title="bbox 425 1122 1725 1176; baseline 0.001 -16"><span class='ocrx_word' id='word_1_103' title='bbox 425 1123 468 1160; x_wconf 82' lang='lat' dir='ltr'>in</span> <span class='ocrx_word' id='word_1_104' title='bbox 502 1122 750 1161; x_wconf 85' lang='lat' dir='ltr'>Poetelinum</span> <span class='ocrx_word' id='word_1_105' title='bbox 787 1123 925 1161; x_wconf 91' lang='lat' dir='ltr'>lucum</span> <span class='ocrx_word' id='word_1_106' title='bbox 960 1131 1071 1161; x_wconf 86' lang='lat' dir='ltr'>extra</span> <span class='ocrx_word' id='word_1_107' title='bbox 1106 1131 1263 1175; x_wconf 74' lang='lat' dir='ltr'>portam</span> <span class='ocrx_word' id='word_1_108' title='bbox 1305 1124 1366 1176; x_wconf 90' lang='lat'>(8)</span> <span class='ocrx_word' id='word_1_109' title='bbox 1405 1122 1725 1171; x_wconf 80' lang='lat' dir='ltr'>Nomentanam,</span> 
     </span>
     <span class='ocr_line' id='line_1_17' title="bbox 426 1178 1727 1234; baseline 0.002 -17"><span class='ocrx_word' id='word_1_110' title='bbox 426 1180 533 1218; x_wconf 85' lang='lat' dir='ltr'>unde</span> <span class='ocrx_word' id='word_1_111' title='bbox 556 1178 794 1231; x_wconf 60' lang='lat' dir='ltr'>conspectus</span> <span class='ocrx_word' id='word_1_112' title='bbox 826 1179 867 1217; x_wconf 90' lang='lat' dir='ltr'>in</span> <span class='ocrx_word' id='word_1_113' title='bbox 901 1178 1146 1231; x_wconf 81' lang='lat' dir='ltr'>Capitolium</span> <span class='ocrx_word' id='word_1_114' title='bbox 1172 1194 1253 1218; x_wconf 91' lang='lat' dir='ltr'>non</span> <span class='ocrx_word' id='word_1_115' title='bbox 1275 1180 1384 1231; x_wconf 80' lang='lat' dir='ltr'>esset,</span> <span class='ocrx_word' id='word_1_116' title='bbox 1415 1180 1631 1220; x_wconf 87' lang='lat' dir='ltr'>concilium</span> <span class='ocrx_word' id='word_1_117' title='bbox 1654 1195 1727 1234; x_wconf 77' lang='lat' dir='ltr'>po-</span> 
     </span>
     <span class='ocr_line' id='line_1_18' title="bbox 425 1235 1726 1291; baseline 0.002 -16"><span class='ocrx_word' id='word_1_118' title='bbox 425 1237 510 1290; x_wconf 84' lang='lat' dir='ltr'>puli</span> <span class='ocrx_word' id='word_1_119' title='bbox 528 1237 729 1276; x_wconf 61' lang='lat' dir='ltr'>indictum</span> <span class='ocrx_word' id='word_1_120' title='bbox 751 1236 819 1275; x_wconf 87' lang='lat' dir='ltr'>est.</span> <span class='ocrx_word' id='word_1_121' title='bbox 855 1235 909 1275; x_wconf 87' lang='lat' dir='ltr'>ibi</span> <span class='ocrx_word' id='word_1_122' title='bbox 934 1236 1086 1275; x_wconf 82' lang='lat' dir='ltr'>crimen</span> <span class='ocrx_word' id='word_1_123' title='bbox 1103 1237 1242 1288; x_wconf 89' lang='lat' dir='ltr'>valuit,</span> <span class='ocrx_word' id='word_1_124' title='bbox 1276 1240 1313 1277; x_wconf 66' lang='lat'>8&lt;</span> <span class='ocrx_word' id='word_1_125' title='bbox 1337 1237 1542 1278; x_wconf 83' lang='lat' dir='ltr'>obstinatis</span> <span class='ocrx_word' id='word_1_126' title='bbox 1563 1240 1623 1291; x_wconf 85' lang='lat'>(9)</span> <span class='ocrx_word' id='word_1_127' title='bbox 1641 1239 1726 1277; x_wconf 88' lang='lat' dir='ltr'>ani-</span> 
     </span>
     <span class='ocr_line' id='line_1_19' title="bbox 425 1293 1721 1349; baseline 0.001 -15"><span class='ocrx_word' id='word_1_128' title='bbox 425 1295 501 1334; x_wconf 83' lang='lat' dir='ltr'>mis</span> <span class='ocrx_word' id='word_1_129' title='bbox 518 1295 626 1334; x_wconf 84' lang='lat' dir='ltr'>triste</span> <span class='ocrx_word' id='word_1_130' title='bbox 644 1294 860 1349; x_wconf 87' lang='lat' dir='ltr'>judicium,</span> <span class='ocrx_word' id='word_1_131' title='bbox 892 1293 1144 1347; x_wconf 88' lang='lat' dir='ltr'>invisumque</span> <span class='ocrx_word' id='word_1_132' title='bbox 1161 1294 1281 1333; x_wconf 87' lang='lat' dir='ltr'>etiarn</span> <span class='ocrx_word' id='word_1_133' title='bbox 1298 1294 1517 1348; x_wconf 84' lang='lat' dir='ltr'>judicibus,</span> <span class='ocrx_word' id='word_1_134' title='bbox 1549 1295 1721 1336; x_wconf 62' lang='lat' dir='ltr'>factum.</span> 
     </span>
     <span class='ocr_line' id='line_1_20' title="bbox 425 1351 1727 1407; baseline 0.001 -15"><span class='ocrx_word' id='word_1_135' title='bbox 425 1355 530 1395; x_wconf 86' lang='lat' dir='ltr'>Sunt</span> <span class='ocrx_word' id='word_1_136' title='bbox 559 1353 629 1406; x_wconf 88' lang='lat' dir='ltr'>qui</span> <span class='ocrx_word' id='word_1_137' title='bbox 650 1366 721 1406; x_wconf 92' lang='lat' dir='ltr'>per</span> <span class='ocrx_word' id='word_1_138' title='bbox 743 1351 993 1402; x_wconf 87' lang='lat' dir='ltr'>duumviros,</span> <span class='ocrx_word' id='word_1_139' title='bbox 1025 1352 1094 1405; x_wconf 90' lang='lat' dir='ltr'>qui</span> <span class='ocrx_word' id='word_1_140' title='bbox 1123 1352 1172 1391; x_wconf 91' lang='lat' dir='ltr'>de</span> <span class='ocrx_word' id='word_1_141' title='bbox 1193 1356 1218 1404; x_wconf 89' lang='lat'>†</span> <span class='ocrx_word' id='word_1_142' title='bbox 1237 1352 1509 1405; x_wconf 87' lang='lat' dir='ltr'>perduellione</span> <span class='ocrx_word' id='word_1_143' title='bbox 1540 1355 1727 1407; x_wconf 81' lang='lat' dir='ltr'>anquire-</span> 
     </span>
     <span class='ocr_line' id='line_1_21' title="bbox 425 1410 1724 1464; baseline 0.002 -15"><span class='ocrx_word' id='word_1_144' title='bbox 425 1420 527 1459; x_wconf 83' lang='lat' dir='ltr'>rent,</span> <span class='ocrx_word' id='word_1_145' title='bbox 560 1421 729 1459; x_wconf 85' lang='lat' dir='ltr'>creatos,</span> <span class='ocrx_word' id='word_1_146' title='bbox 762 1413 851 1464; x_wconf 89' lang='lat'>(10)</span> <span class='ocrx_word' id='word_1_147' title='bbox 882 1410 1069 1450; x_wconf 59' lang='lat' dir='ltr'>auctores</span> <span class='ocrx_word' id='word_1_148' title='bbox 1102 1410 1174 1448; x_wconf 85' lang='lat' dir='ltr'>fint</span> <span class='ocrx_word' id='word_1_149' title='bbox 1207 1410 1457 1448; x_wconf 86' lang='lat' dir='ltr'>damnatum.</span> <span class='ocrx_word' id='word_1_150' title='bbox 1489 1410 1639 1450; x_wconf 89' lang='lat' dir='ltr'>tribuni</span> <span class='ocrx_word' id='word_1_151' title='bbox 1673 1413 1724 1451; x_wconf 88' lang='lat' dir='ltr'>de</span> 
     </span>
     <span class='ocr_line' id='line_1_22' title="bbox 424 1466 1726 1523; baseline 0.002 -16"><span class='ocrx_word' id='word_1_152' title='bbox 424 1468 516 1508; x_wconf 82' lang='lat' dir='ltr'>saxo</span> <span class='ocrx_word' id='word_1_153' title='bbox 536 1468 713 1522; x_wconf 89' lang='lat' dir='ltr'>Tarpeio</span> <span class='ocrx_word' id='word_1_154' title='bbox 736 1469 994 1523; x_wconf 87' lang='lat' dir='ltr'>dejecerunt:</span> <span class='ocrx_word' id='word_1_155' title='bbox 1026 1471 1063 1522; x_wconf 92' lang='lat'>(1</span> <span class='ocrx_word' id='word_1_156' title='bbox 1079 1470 1116 1521; x_wconf 91' lang='lat'>1)</span> <span class='ocrx_word' id='word_1_157' title='bbox 1142 1467 1332 1521; x_wconf 89' lang='lat' dir='ltr'>locusque</span> <span class='ocrx_word' id='word_1_158' title='bbox 1361 1466 1468 1506; x_wconf 86' lang='lat' dir='ltr'>idem</span> <span class='ocrx_word' id='word_1_159' title='bbox 1485 1467 1527 1506; x_wconf 92' lang='lat' dir='ltr'>in</span> <span class='ocrx_word' id='word_1_160' title='bbox 1550 1482 1630 1508; x_wconf 92' lang='lat' dir='ltr'>uno</span> <span class='ocrx_word' id='word_1_161' title='bbox 1651 1469 1726 1509; x_wconf 92' lang='lat' dir='ltr'>ho-</span> 
     </span>
     <span class='ocr_line' id='line_1_23' title="bbox 423 1526 1728 1581; baseline 0.001 -16"><span class='ocrx_word' id='word_1_162' title='bbox 423 1527 532 1566; x_wconf 89' lang='lat' dir='ltr'>mine</span> <span class='ocrx_word' id='word_1_163' title='bbox 556 1529 595 1567; x_wconf 83' lang='lat'>&amp;</span> <span class='ocrx_word' id='word_1_164' title='bbox 619 1526 776 1566; x_wconf 78' lang='lat' dir='ltr'>eximiae</span> <span class='ocrx_word' id='word_1_165' title='bbox 804 1526 941 1581; x_wconf 82' lang='lat' dir='ltr'>gloriae</span> <span class='ocrx_word' id='word_1_166' title='bbox 977 1534 1290 1565; x_wconf 88' lang='lat' dir='ltr'>monumentum</span> <span class='ocrx_word' id='word_1_167' title='bbox 1327 1527 1368 1566; x_wconf 75' lang='grc' dir='ltr'>ὃῑ</span> <span class='ocrx_word' id='word_1_168' title='bbox 1404 1539 1537 1578; x_wconf 82' lang='lat' dir='ltr'>poenae</span> <span class='ocrx_word' id='word_1_169' title='bbox 1573 1526 1728 1566; x_wconf 86' lang='lat' dir='ltr'>ultimae</span> 
     </span>
     <span class='ocr_line' id='line_1_24' title="bbox 424 1581 1726 1640; baseline 0 -16"><span class='ocrx_word' id='word_1_170' title='bbox 424 1584 516 1624; x_wconf 81' lang='lat' dir='ltr'>fuit.</span> <span class='ocrx_word' id='word_1_171' title='bbox 578 1584 764 1640; x_wconf 72' lang='lat' dir='ltr'>Adjectae</span> <span class='ocrx_word' id='word_1_172' title='bbox 795 1594 956 1623; x_wconf 87' lang='lat' dir='ltr'>mortuo</span> <span class='ocrx_word' id='word_1_173' title='bbox 988 1593 1094 1623; x_wconf 83' lang='lat' dir='ltr'>notae</span> <span class='ocrx_word' id='word_1_174' title='bbox 1116 1583 1231 1623; x_wconf 86' lang='lat' dir='ltr'>sunt:</span> <span class='ocrx_word' id='word_1_175' title='bbox 1263 1582 1423 1637; x_wconf 83' lang='lat' dir='ltr'>publica</span> <span class='ocrx_word' id='word_1_176' title='bbox 1459 1597 1565 1631; x_wconf 82' lang='lat' dir='ltr'>una3</span> <span class='ocrx_word' id='word_1_177' title='bbox 1599 1581 1726 1637; x_wconf 70' lang='lat' dir='ltr'>quod,</span> 
     </span>
     <span class='ocr_line' id='line_1_25' title="bbox 425 1641 1726 1697; baseline 0 -16"><span class='ocrx_word' id='word_1_178' title='bbox 425 1657 553 1695; x_wconf 83' lang='lat' dir='ltr'>quum</span> <span class='ocrx_word' id='word_1_179' title='bbox 584 1643 729 1682; x_wconf 78' lang='lat' dir='ltr'>domus</span> <span class='ocrx_word' id='word_1_180' title='bbox 750 1643 836 1697; x_wconf 85' lang='lat' dir='ltr'>ejus</span> <span class='ocrx_word' id='word_1_181' title='bbox 858 1641 1004 1690; x_wconf 83' lang='lat' dir='ltr'>fuiffet,</span> <span class='ocrx_word' id='word_1_182' title='bbox 1036 1641 1104 1681; x_wconf 88' lang='lat' dir='ltr'>ubi</span> <span class='ocrx_word' id='word_1_183' title='bbox 1126 1655 1234 1681; x_wconf 90' lang='lat' dir='ltr'>nunc</span> <span class='ocrx_word' id='word_1_184' title='bbox 1258 1643 1348 1695; x_wconf 88' lang='lat'>(12)</span> <span class='ocrx_word' id='word_1_185' title='bbox 1369 1641 1475 1681; x_wconf 81' lang='lat' dir='ltr'>aedes</span> <span class='ocrx_word' id='word_1_186' title='bbox 1496 1651 1616 1694; x_wconf 85' lang='lat' dir='ltr'>atque</span> <span class='ocrx_word' id='word_1_187' title='bbox 1638 1642 1726 1681; x_wconf 89' lang='lat' dir='ltr'>offi-</span> 
     </span>
     <span class='ocr_line' id='line_1_26' title="bbox 425 1698 1728 1752; baseline -0.001 -12"><span class='ocrx_word' id='word_1_188' title='bbox 425 1701 515 1740; x_wconf 85' lang='lat' dir='ltr'>cina</span> <span class='ocrx_word' id='word_1_189' title='bbox 549 1700 729 1741; x_wconf 78' lang='lat' dir='ltr'>Monetae</span> <span class='ocrx_word' id='word_1_190' title='bbox 761 1699 832 1748; x_wconf 90' lang='lat' dir='ltr'>est,</span> <span class='ocrx_word' id='word_1_191' title='bbox 864 1701 991 1739; x_wconf 88' lang='lat' dir='ltr'>latum</span> <span class='ocrx_word' id='word_1_192' title='bbox 1025 1701 1074 1739; x_wconf 91' lang='lat' dir='ltr'>ad</span> <span class='ocrx_word' id='word_1_193' title='bbox 1098 1700 1295 1752; x_wconf 88' lang='lat' dir='ltr'>populum</span> <span class='ocrx_word' id='word_1_194' title='bbox 1316 1698 1390 1749; x_wconf 86' lang='lat' dir='ltr'>est,</span> <span class='ocrx_word' id='word_1_195' title='bbox 1421 1712 1471 1738; x_wconf 86' lang='lat' dir='ltr'>ne</span> <span class='ocrx_word' id='word_1_196' title='bbox 1494 1699 1583 1752; x_wconf 89' lang='lat' dir='ltr'>quis</span> <span class='ocrx_word' id='word_1_197' title='bbox 1604 1700 1728 1752; x_wconf 87' lang='lat' dir='ltr'>patri-</span> 
     </span>
     <span class='ocr_line' id='line_1_27' title="bbox 425 1756 1728 1811; baseline -0.001 -14"><span class='ocrx_word' id='word_1_198' title='bbox 425 1759 511 1798; x_wconf 85' lang='lat' dir='ltr'>cius</span> <span class='ocrx_word' id='word_1_199' title='bbox 546 1758 587 1796; x_wconf 90' lang='lat' dir='ltr'>in</span> <span class='ocrx_word' id='word_1_200' title='bbox 624 1772 712 1797; x_wconf 82' lang='lat' dir='ltr'>arce</span> <span class='ocrx_word' id='word_1_201' title='bbox 746 1767 816 1796; x_wconf 86' lang='lat' dir='ltr'>aut</span> <span class='ocrx_word' id='word_1_202' title='bbox 852 1756 1053 1811; x_wconf 87' lang='lat' dir='ltr'>Capitolio</span> <span class='ocrx_word' id='word_1_203' title='bbox 1088 1756 1309 1796; x_wconf 82' lang='lat' dir='ltr'>habitaret:</span> <span class='ocrx_word' id='word_1_204' title='bbox 1340 1756 1543 1810; x_wconf 85' lang='lat' dir='ltr'>gentilicia</span> <span class='ocrx_word' id='word_1_205' title='bbox 1575 1758 1728 1805; x_wconf 83' lang='lat' dir='ltr'>altera·‚</span> 
     </span>
     <span class='ocr_line' id='line_1_28' title="bbox 425 1813 1725 1870; baseline -0.002 -14"><span class='ocrx_word' id='word_1_206' title='bbox 425 1815 536 1870; x_wconf 73' lang='lat' dir='ltr'>quod</span> <span class='ocrx_word' id='word_1_207' title='bbox 559 1816 690 1870; x_wconf 82' lang='lat' dir='ltr'>gentis</span> <span class='ocrx_word' id='word_1_208' title='bbox 721 1815 890 1855; x_wconf 60' lang='lat' dir='ltr'>Manliae</span> <span class='ocrx_word' id='word_1_209' title='bbox 917 1815 1079 1854; x_wconf 89' lang='lat' dir='ltr'>decreto</span> <span class='ocrx_word' id='word_1_210' title='bbox 1100 1823 1265 1853; x_wconf 88' lang='lat' dir='ltr'>cautum</span> <span class='ocrx_word' id='word_1_211' title='bbox 1285 1813 1357 1862; x_wconf 89' lang='lat' dir='ltr'>est,</span> <span class='ocrx_word' id='word_1_212' title='bbox 1389 1827 1439 1852; x_wconf 89' lang='lat' dir='ltr'>ne</span> <span class='ocrx_word' id='word_1_213' title='bbox 1469 1814 1558 1867; x_wconf 88' lang='lat' dir='ltr'>quis</span> <span class='ocrx_word' id='word_1_214' title='bbox 1580 1814 1725 1854; x_wconf 85' lang='lat' dir='ltr'>deinde</span> 
     </span>
     <span class='ocr_line' id='line_1_29' title="bbox 425 1870 1725 1921; baseline -0.002 -8"><span class='ocrx_word' id='word_1_215' title='bbox 425 1875 491 1914; x_wconf 86' lang='lat' dir='ltr'>M.</span> <span class='ocrx_word' id='word_1_216' title='bbox 527 1873 711 1913; x_wconf 77' lang='lat' dir='ltr'>Manlius</span> <span class='ocrx_word' id='word_1_217' title='bbox 740 1883 961 1913; x_wconf 83' lang='lat' dir='ltr'>vocaretur.</span> <span class='ocrx_word' id='word_1_218' title='bbox 1022 1872 1147 1912; x_wconf 88' lang='lat' dir='ltr'>Hunc</span> <span class='ocrx_word' id='word_1_219' title='bbox 1183 1872 1337 1911; x_wconf 89' lang='lat' dir='ltr'>exitum</span> <span class='ocrx_word' id='word_1_220' title='bbox 1365 1870 1506 1910; x_wconf 87' lang='lat' dir='ltr'>habuit</span> <span class='ocrx_word' id='word_1_221' title='bbox 1537 1871 1611 1921; x_wconf 89' lang='lat' dir='ltr'>vir,</span> <span class='ocrx_word' id='word_1_222' title='bbox 1654 1872 1725 1911; x_wconf 84' lang='lat' dir='ltr'>nifi</span> 
     </span>
     <span class='ocr_line' id='line_1_30' title="bbox 425 1929 1724 1982; baseline -0.001 -12"><span class='ocrx_word' id='word_1_223' title='bbox 425 1932 467 1971; x_wconf 85' lang='lat' dir='ltr'>in</span> <span class='ocrx_word' id='word_1_224' title='bbox 489 1930 611 1971; x_wconf 60' lang='lat' dir='ltr'>libera</span> <span class='ocrx_word' id='word_1_225' title='bbox 631 1931 788 1970; x_wconf 86' lang='lat' dir='ltr'>civitate</span> <span class='ocrx_word' id='word_1_226' title='bbox 807 1940 923 1970; x_wconf 82' lang='lat' dir='ltr'>natus</span> <span class='ocrx_word' id='word_1_227' title='bbox 940 1929 1047 1980; x_wconf 84' lang='lat' dir='ltr'>effet,</span> <span class='ocrx_word' id='word_1_228' title='bbox 1068 1929 1353 1969; x_wconf 86' lang='lat' dir='ltr'>memorabilis.</span> <span class='ocrx_word' id='word_1_229' title='bbox 1415 1929 1617 1982; x_wconf 91' lang='lat' dir='ltr'>Populum</span> <span class='ocrx_word' id='word_1_230' title='bbox 1633 1929 1724 1969; x_wconf 87' lang='lat' dir='ltr'>bre-</span> 
     </span>
     <span class='ocr_line' id='line_1_31' title="bbox 425 1987 1726 2043; baseline -0.001 -14"><span class='ocrx_word' id='word_1_231' title='bbox 425 1990 479 2040; x_wconf 77' lang='lat' dir='ltr'>vi,</span> <span class='ocrx_word' id='word_1_232' title='bbox 509 1989 720 2043; x_wconf 87' lang='lat' dir='ltr'>postquam</span> <span class='ocrx_word' id='word_1_233' title='bbox 750 1988 976 2042; x_wconf 90' lang='lat' dir='ltr'>periculum</span> <span class='ocrx_word' id='word_1_234' title='bbox 1010 1987 1059 2027; x_wconf 90' lang='lat' dir='ltr'>ab</span> <span class='ocrx_word' id='word_1_235' title='bbox 1089 2001 1138 2027; x_wconf 92' lang='lat' dir='ltr'>eo</span> <span class='ocrx_word' id='word_1_236' title='bbox 1163 1988 1321 2026; x_wconf 90' lang='lat' dir='ltr'>nullum</span> <span class='ocrx_word' id='word_1_237' title='bbox 1343 1995 1442 2036; x_wconf 89' lang='lat' dir='ltr'>erat,</span> <span class='ocrx_word' id='word_1_238' title='bbox 1474 2000 1545 2040; x_wconf 87' lang='lat' dir='ltr'>per</span> <span class='ocrx_word' id='word_1_239' title='bbox 1565 1987 1726 2040; x_wconf 77' lang='lat' dir='ltr'>seipsas</span> 
     </span>
     <span class='ocr_line' id='line_1_32' title="bbox 425 2044 1727 2100; baseline -0.002 -14"><span class='ocrx_word' id='word_1_240' title='bbox 425 2048 703 2088; x_wconf 86' lang='lat' dir='ltr'>recordantem</span> <span class='ocrx_word' id='word_1_241' title='bbox 725 2047 910 2097; x_wconf 82' lang='lat' dir='ltr'>virtutes,</span> <span class='ocrx_word' id='word_1_242' title='bbox 940 2051 964 2099; x_wconf 89' lang='lat'>†</span> <span class='ocrx_word' id='word_1_243' title='bbox 985 2045 1224 2086; x_wconf 84' lang='lat' dir='ltr'>defiderium</span> <span class='ocrx_word' id='word_1_244' title='bbox 1245 2046 1332 2100; x_wconf 86' lang='lat' dir='ltr'>ejus</span> <span class='ocrx_word' id='word_1_245' title='bbox 1365 2044 1508 2084; x_wconf 90' lang='lat' dir='ltr'>tenuit.</span> <span class='ocrx_word' id='word_1_246' title='bbox 1540 2044 1727 2097; x_wconf 89' lang='lat' dir='ltr'>pestilen-</span> 
     </span>
     <span class='ocr_line' id='line_1_33' title="bbox 424 2101 1729 2153; baseline -0.001 -9"><span class='ocrx_word' id='word_1_247' title='bbox 424 2106 479 2145; x_wconf 86' lang='lat' dir='ltr'>tia</span> <span class='ocrx_word' id='word_1_248' title='bbox 499 2105 619 2144; x_wconf 83' lang='lat' dir='ltr'>etiam</span> <span class='ocrx_word' id='word_1_249' title='bbox 640 2105 749 2144; x_wconf 88' lang='lat' dir='ltr'>brevi</span> <span class='ocrx_word' id='word_1_250' title='bbox 770 2103 996 2153; x_wconf 88' lang='lat' dir='ltr'>consecuta,</span> <span class='ocrx_word' id='word_1_251' title='bbox 1027 2103 1148 2143; x_wconf 83' lang='lat' dir='ltr'>nullis</span> <span class='ocrx_word' id='word_1_252' title='bbox 1170 2101 1474 2144; x_wconf 84' lang='lat' dir='ltr'>occurrentibus</span> <span class='ocrx_word' id='word_1_253' title='bbox 1505 2111 1626 2142; x_wconf 83' lang='lat' dir='ltr'>tantae</span> <span class='ocrx_word' id='word_1_254' title='bbox 1648 2104 1729 2143; x_wconf 86' lang='lat' dir='ltr'>cla-</span> 
     </span>
    </p>
   </div>
   <div class='ocr_carea' id='block_1_5' title="bbox 419 2218 1729 2838">
    <p class='ocr_par' dir='ltr' id='par_1_5' title="bbox 419 2218 1729 2838">
     <span class='ocr_line' id='line_1_34' title="bbox 422 2218 1729 2263; baseline -0.002 -11"><span class='ocrx_word' id='word_1_255' title='bbox 422 2221 479 2263; x_wconf 87' lang='lat'>(7)</span> <span class='ocrx_word' id='word_1_256' title='bbox 495 2222 525 2252; x_wconf 86' lang='lat' dir='ltr'>h.</span> <span class='ocrx_word' id='word_1_257' title='bbox 544 2233 569 2252; x_wconf 80' lang='lat' dir='ltr'>c.</span> <span class='ocrx_word' id='word_1_258' title='bbox 587 2220 619 2252; x_wconf 89' lang='lat' dir='ltr'>in</span> <span class='ocrx_word' id='word_1_259' title='bbox 636 2220 773 2252; x_wconf 79' lang='lat' dir='ltr'>comitiis</span> <span class='ocrx_word' id='word_1_260' title='bbox 791 2219 987 2252; x_wconf 83' lang='lat' dir='ltr'>centuriatis.</span> <span class='ocrx_word' id='word_1_261' title='bbox 1033 2222 1080 2251; x_wconf 83' lang='lat' dir='ltr'>Ita</span> <span class='ocrx_word' id='word_1_262' title='bbox 1107 2221 1244 2257; x_wconf 81' lang='lat' dir='ltr'>tributim,</span> <span class='ocrx_word' id='word_1_263' title='bbox 1267 2230 1329 2261; x_wconf 93' lang='lat' dir='ltr'>pro</span> <span class='ocrx_word' id='word_1_264' title='bbox 1357 2219 1392 2250; x_wconf 88' lang='lat' dir='ltr'>in</span> <span class='ocrx_word' id='word_1_265' title='bbox 1420 2218 1556 2251; x_wconf 85' lang='lat' dir='ltr'>comitiis</span> <span class='ocrx_word' id='word_1_266' title='bbox 1586 2218 1729 2256; x_wconf 76' lang='lat' dir='ltr'>tributis,</span> 
     </span>
     <span class='ocr_line' id='line_1_35' title="bbox 423 2263 1725 2308; baseline -0.003 -10"><span class='ocrx_word' id='word_1_267' title='bbox 423 2268 520 2308; x_wconf 74' lang='lat' dir='ltr'>supra</span> <span class='ocrx_word' id='word_1_268' title='bbox 538 2267 579 2297; x_wconf 84' lang='lat' dir='ltr'>est</span> <span class='ocrx_word' id='word_1_269' title='bbox 596 2267 618 2297; x_wconf 89' lang='lat' dir='ltr'>l.</span> <span class='ocrx_word' id='word_1_270' title='bbox 639 2277 668 2305; x_wconf 77' lang='lat'>3.</span> <span class='ocrx_word' id='word_1_271' title='bbox 688 2278 713 2297; x_wconf 88' lang='lat' dir='ltr'>c.</span> <span class='ocrx_word' id='word_1_272' title='bbox 730 2276 781 2305; x_wconf 79' lang='lat'>55.</span> <span class='ocrx_word' id='word_1_273' title='bbox 820 2265 984 2308; x_wconf 75' lang='lat' dir='ltr'>judicium</span> <span class='ocrx_word' id='word_1_274' title='bbox 1001 2264 1231 2306; x_wconf 86' lang='lat' dir='ltr'>perduellionis</span> <span class='ocrx_word' id='word_1_275' title='bbox 1245 2263 1433 2296; x_wconf 80' lang='lat' dir='ltr'>centuriatis</span> <span class='ocrx_word' id='word_1_276' title='bbox 1450 2263 1587 2295; x_wconf 81' lang='lat' dir='ltr'>comitiis</span> <span class='ocrx_word' id='word_1_277' title='bbox 1600 2275 1725 2295; x_wconf 84' lang='lat' dir='ltr'>exerce-</span> 
     </span>
     <span class='ocr_line' id='line_1_36' title="bbox 423 2309 1725 2352; baseline -0.002 -9"><span class='ocrx_word' id='word_1_278' title='bbox 423 2312 530 2343; x_wconf 86' lang='lat' dir='ltr'>batur.</span> <span class='ocrx_word' id='word_1_279' title='bbox 577 2311 679 2342; x_wconf 88' lang='lat' dir='ltr'>Aliud</span> <span class='ocrx_word' id='word_1_280' title='bbox 697 2310 878 2352; x_wconf 86' lang='lat' dir='ltr'>exemplum</span> <span class='ocrx_word' id='word_1_281' title='bbox 892 2310 989 2341; x_wconf 76' lang='lat' dir='ltr'>exstat</span> <span class='ocrx_word' id='word_1_282' title='bbox 1006 2311 1093 2351; x_wconf 89' lang='lat' dir='ltr'>apud</span> <span class='ocrx_word' id='word_1_283' title='bbox 1110 2310 1263 2345; x_wconf 88' lang='lat' dir='ltr'>nostrum,</span> <span class='ocrx_word' id='word_1_284' title='bbox 1278 2310 1296 2339; x_wconf 91' lang='lat' dir='ltr'>l.</span> <span class='ocrx_word' id='word_1_285' title='bbox 1314 2319 1369 2348; x_wconf 82' lang='lat'>43.</span> <span class='ocrx_word' id='word_1_286' title='bbox 1385 2321 1411 2340; x_wconf 90' lang='lat' dir='ltr'>c.</span> <span class='ocrx_word' id='word_1_287' title='bbox 1431 2311 1483 2340; x_wconf 90' lang='lat'>16.</span> <span class='ocrx_word' id='word_1_288' title='bbox 1530 2309 1585 2350; x_wconf 83' lang='lat'>(8)</span> <span class='ocrx_word' id='word_1_289' title='bbox 1611 2310 1691 2351; x_wconf 79' lang='lat' dir='ltr'>Qae</span> <span class='ocrx_word' id='word_1_290' title='bbox 1705 2320 1725 2340; x_wconf 73' lang='lat' dir='ltr'>a</span> 
     </span>
     <span class='ocr_line' id='line_1_37' title="bbox 423 2354 1720 2398; baseline -0.003 -10"><span class='ocrx_word' id='word_1_291' title='bbox 423 2356 588 2398; x_wconf 78' lang='lat' dir='ltr'>Capitolio</span> <span class='ocrx_word' id='word_1_292' title='bbox 616 2356 819 2387; x_wconf 84' lang='lat' dir='ltr'>remotissima</span> <span class='ocrx_word' id='word_1_293' title='bbox 846 2355 918 2392; x_wconf 79' lang='lat' dir='ltr'>suit,</span> <span class='ocrx_word' id='word_1_294' title='bbox 940 2355 1097 2395; x_wconf 88' lang='lat' dir='ltr'>duxitque</span> <span class='ocrx_word' id='word_1_295' title='bbox 1118 2354 1152 2385; x_wconf 89' lang='lat' dir='ltr'>in</span> <span class='ocrx_word' id='word_1_296' title='bbox 1184 2366 1258 2385; x_wconf 87' lang='lat' dir='ltr'>eum</span> <span class='ocrx_word' id='word_1_297' title='bbox 1282 2354 1401 2392; x_wconf 85' lang='lat' dir='ltr'>locum,</span> <span class='ocrx_word' id='word_1_298' title='bbox 1422 2354 1474 2385; x_wconf 90' lang='lat' dir='ltr'>cui</span> <span class='ocrx_word' id='word_1_299' title='bbox 1499 2365 1593 2396; x_wconf 82' lang='lat' dir='ltr'>agger</span> <span class='ocrx_word' id='word_1_300' title='bbox 1619 2354 1720 2384; x_wconf 86' lang='lat' dir='ltr'>Servii</span> 
     </span>
     <span class='ocr_line' id='line_1_38' title="bbox 421 2399 1722 2443; baseline -0.003 -11"><span class='ocrx_word' id='word_1_301' title='bbox 421 2402 522 2432; x_wconf 85' lang='lat' dir='ltr'>Tullii</span> <span class='ocrx_word' id='word_1_302' title='bbox 539 2412 668 2432; x_wconf 86' lang='lat' dir='ltr'>omnem</span> <span class='ocrx_word' id='word_1_303' title='bbox 686 2400 839 2443; x_wconf 85' lang='lat' dir='ltr'>Capitolii</span> <span class='ocrx_word' id='word_1_304' title='bbox 856 2400 1065 2441; x_wconf 59' lang='lat' dir='ltr'>conspectum</span> <span class='ocrx_word' id='word_1_305' title='bbox 1081 2399 1256 2431; x_wconf 84' lang='lat' dir='ltr'>adimebat.</span> <span class='ocrx_word' id='word_1_306' title='bbox 1302 2399 1411 2441; x_wconf 70' lang='lat' dir='ltr'>Vulgo</span> <span class='ocrx_word' id='word_1_307' title='bbox 1427 2399 1584 2430; x_wconf 82' lang='lat' dir='ltr'>edebatur</span> <span class='ocrx_word' id='word_1_308' title='bbox 1598 2401 1722 2429; x_wconf 80' lang='lat' dir='ltr'>Flumen-</span> 
     </span>
     <span class='ocr_line' id='line_1_39' title="bbox 420 2442 1719 2486; baseline -0.003 -9"><span class='ocrx_word' id='word_1_309' title='bbox 420 2455 525 2477; x_wconf 56' lang='lat' dir='ltr'>tanam.</span> <span class='ocrx_word' id='word_1_310' title='bbox 572 2447 631 2477; x_wconf 85' lang='lat' dir='ltr'>Sed</span> <span class='ocrx_word' id='word_1_311' title='bbox 649 2447 715 2477; x_wconf 72' lang='lat' dir='ltr'>haec</span> <span class='ocrx_word' id='word_1_312' title='bbox 739 2446 772 2476; x_wconf 88' lang='lat' dir='ltr'>in</span> <span class='ocrx_word' id='word_1_313' title='bbox 799 2448 959 2486; x_wconf 79' lang='lat' dir='ltr'>Campum</span> <span class='ocrx_word' id='word_1_314' title='bbox 976 2444 1138 2476; x_wconf 85' lang='lat' dir='ltr'>Martium</span> <span class='ocrx_word' id='word_1_315' title='bbox 1155 2445 1304 2481; x_wconf 83' lang='lat' dir='ltr'>ducebat,</span> <span class='ocrx_word' id='word_1_316' title='bbox 1329 2445 1360 2474; x_wconf 90' lang='lat'>&amp;</span> <span class='ocrx_word' id='word_1_317' title='bbox 1376 2445 1418 2475; x_wconf 85' lang='lat' dir='ltr'>ad</span> <span class='ocrx_word' id='word_1_318' title='bbox 1439 2444 1510 2475; x_wconf 86' lang='lat' dir='ltr'>loca</span> <span class='ocrx_word' id='word_1_319' title='bbox 1533 2442 1719 2485; x_wconf 63' lang='lat' dir='ltr'>conspectui</span> 
     </span>
     <span class='ocr_line' id='line_1_40' title="bbox 423 2489 1720 2534; baseline -0.004 -12"><span class='ocrx_word' id='word_1_320' title='bbox 423 2491 575 2534; x_wconf 74' lang='lat' dir='ltr'>Capitolii</span> <span class='ocrx_word' id='word_1_321' title='bbox 603 2495 701 2532; x_wconf 64' lang='lat' dir='ltr'>quam</span> <span class='ocrx_word' id='word_1_322' title='bbox 728 2490 863 2521; x_wconf 74' lang='lat' dir='ltr'>maxime</span> <span class='ocrx_word' id='word_1_323' title='bbox 892 2498 1089 2531; x_wconf 85' lang='lat' dir='ltr'>opportuna.</span> <span class='ocrx_word' id='word_1_324' title='bbox 1133 2490 1190 2530; x_wconf 88' lang='lat'>(9)</span> <span class='ocrx_word' id='word_1_325' title='bbox 1213 2489 1402 2519; x_wconf 82' lang='lat' dir='ltr'>Obfirmatis</span> <span class='ocrx_word' id='word_1_326' title='bbox 1429 2489 1579 2520; x_wconf 75' lang='lat' dir='ltr'>adversus</span> <span class='ocrx_word' id='word_1_327' title='bbox 1609 2498 1720 2529; x_wconf 86' lang='lat' dir='ltr'>preces</span> 
     </span>
     <span class='ocr_line' id='line_1_41' title="bbox 422 2532 1716 2577; baseline -0.003 -10"><span class='ocrx_word' id='word_1_328' title='bbox 422 2537 550 2568; x_wconf 70' lang='lat' dir='ltr'>l&#39;vlanlii.</span> <span class='ocrx_word' id='word_1_329' title='bbox 574 2538 610 2566; x_wconf 88' lang='lat' dir='ltr'>E.</span> <span class='ocrx_word' id='word_1_330' title='bbox 655 2536 731 2577; x_wconf 83' lang='lat'>(10)</span> <span class='ocrx_word' id='word_1_331' title='bbox 756 2537 897 2566; x_wconf 86' lang='lat' dir='ltr'>Narrent</span> <span class='ocrx_word' id='word_1_332' title='bbox 927 2534 1091 2565; x_wconf 86' lang='lat' dir='ltr'>Manlium</span> <span class='ocrx_word' id='word_1_333' title='bbox 1117 2535 1307 2565; x_wconf 80' lang='lat' dir='ltr'>damnatum</span> <span class='ocrx_word' id='word_1_334' title='bbox 1331 2533 1391 2565; x_wconf 86' lang='lat' dir='ltr'>effe</span> <span class='ocrx_word' id='word_1_335' title='bbox 1423 2545 1480 2575; x_wconf 86' lang='lat' dir='ltr'>per</span> <span class='ocrx_word' id='word_1_336' title='bbox 1511 2532 1716 2564; x_wconf 76' lang='lat' dir='ltr'>duumviros,</span> 
     </span>
     <span class='ocr_line' id='line_1_42' title="bbox 420 2578 1716 2621; baseline -0.004 -9"><span class='ocrx_word' id='word_1_337' title='bbox 420 2583 499 2621; x_wconf 87' lang='lat'>(11)</span> <span class='ocrx_word' id='word_1_338' title='bbox 522 2583 622 2612; x_wconf 88' lang='lat' dir='ltr'>Hunc</span> <span class='ocrx_word' id='word_1_339' title='bbox 649 2581 756 2612; x_wconf 85' lang='lat' dir='ltr'>locum</span> <span class='ocrx_word' id='word_1_340' title='bbox 784 2579 930 2620; x_wconf 82' lang='lat' dir='ltr'>expreffit</span> <span class='ocrx_word' id='word_1_341' title='bbox 956 2580 1149 2610; x_wconf 76' lang='lat' dir='ltr'>Plutarchus</span> <span class='ocrx_word' id='word_1_342' title='bbox 1171 2579 1204 2609; x_wconf 88' lang='lat' dir='ltr'>in</span> <span class='ocrx_word' id='word_1_343' title='bbox 1223 2579 1347 2610; x_wconf 89' lang='lat' dir='ltr'>Camill.</span> <span class='ocrx_word' id='word_1_344' title='bbox 1371 2593 1418 2609; x_wconf 67' lang='grc' dir='ltr'>τον</span> <span class='ocrx_word' id='word_1_345' title='bbox 1442 2581 1527 2609; x_wconf 56' lang='lat' dir='ltr'>ivm</span> <span class='ocrx_word' id='word_1_346' title='bbox 1544 2589 1629 2608; x_wconf 60' lang='lat' dir='ltr'>‘romu</span> <span class='ocrx_word' id='word_1_347' title='bbox 1646 2578 1716 2616; x_wconf 74' lang='grc' dir='ltr'>ἔσχε</span> 
     </span>
     <span class='ocr_line' id='line_1_43' title="bbox 421 2619 1714 2668; baseline -0.004 -11"><span class='ocrx_word' id='word_1_348' title='bbox 421 2619 472 2657; x_wconf 38' lang='lat' dir='ltr'>&gt;aaz</span> <span class='ocrx_word' id='word_1_349' title='bbox 490 2642 544 2657; x_wconf 64' lang='lat' dir='ltr'>vraaia</span> <span class='ocrx_word' id='word_1_350' title='bbox 567 2629 773 2666; x_wconf 66' lang='grc' dir='ltr'>ἒυτυχεςατων</span> <span class='ocrx_word' id='word_1_351' title='bbox 791 2627 876 2668; x_wconf 64' lang='grc' dir='ltr'><em>ἒξγων</em></span> <span class='ocrx_word' id='word_1_352' title='bbox 894 2639 944 2655; x_wconf 72' lang='grc' dir='ltr'>και</span> <span class='ocrx_word' id='word_1_353' title='bbox 960 2638 1087 2664; x_wconf 73' lang='grc' dir='ltr'>μεγις-ων</span> <span class='ocrx_word' id='word_1_354' title='bbox 1105 2628 1313 2664; x_wconf 69' lang='grc' dir='ltr'>ἀτυχημα-των</span> <span class='ocrx_word' id='word_1_355' title='bbox 1329 2637 1468 2663; x_wconf 73' lang='grc' dir='ltr'><em>μνημεισν.</em></span> <span class='ocrx_word' id='word_1_356' title='bbox 1515 2623 1591 2663; x_wconf 84' lang='lat'>(12)</span> <span class='ocrx_word' id='word_1_357' title='bbox 1614 2623 1714 2652; x_wconf 76' lang='lat' dir='ltr'>AEdes</span> 
     </span>
     <span class='ocr_line' id='line_1_44' title="bbox 419 2666 1712 2713; baseline -0.005 -11"><span class='ocrx_word' id='word_1_358' title='bbox 419 2672 557 2713; x_wconf 78' lang='lat' dir='ltr'>Junonis</span> <span class='ocrx_word' id='word_1_359' title='bbox 583 2673 739 2707; x_wconf 67' lang='lat' dir='ltr'>Monetae,</span> <span class='ocrx_word' id='word_1_360' title='bbox 762 2671 801 2700; x_wconf 81' lang='lat' dir='ltr'>de</span> <span class='ocrx_word' id='word_1_361' title='bbox 818 2669 881 2709; x_wconf 67' lang='lat' dir='ltr'>qua</span> <span class='ocrx_word' id='word_1_362' title='bbox 898 2669 963 2700; x_wconf 84' lang='lat' dir='ltr'>vid.</span> <span class='ocrx_word' id='word_1_363' title='bbox 982 2670 1065 2699; x_wconf 70' lang='lat' dir='ltr'>infra</span> <span class='ocrx_word' id='word_1_364' title='bbox 1083 2670 1105 2699; x_wconf 95' lang='lat' dir='ltr'>l.</span> <span class='ocrx_word' id='word_1_365' title='bbox 1127 2679 1154 2707; x_wconf 89' lang='lat'>7.</span> <span class='ocrx_word' id='word_1_366' title='bbox 1171 2680 1200 2700; x_wconf 94' lang='lat' dir='ltr'>c.</span> <span class='ocrx_word' id='word_1_367' title='bbox 1220 2670 1273 2700; x_wconf 81' lang='lat'>28.</span> <span class='ocrx_word' id='word_1_368' title='bbox 1299 2669 1330 2698; x_wconf 70' lang='grc' dir='ltr'>δε</span> <span class='ocrx_word' id='word_1_369' title='bbox 1348 2668 1476 2698; x_wconf 86' lang='lat' dir='ltr'>officina</span> <span class='ocrx_word' id='word_1_370' title='bbox 1497 2666 1634 2697; x_wconf 87' lang='lat' dir='ltr'>cudendi</span> <span class='ocrx_word' id='word_1_371' title='bbox 1652 2677 1712 2696; x_wconf 90' lang='lat' dir='ltr'>nu-</span> 
     </span>
     <span class='ocr_line' id='line_1_45' title="bbox 419 2712 1714 2757; baseline -0.004 -12"><span class='ocrx_word' id='word_1_372' title='bbox 419 2717 582 2751; x_wconf 83' lang='lat' dir='ltr'>mismatis,</span> <span class='ocrx_word' id='word_1_373' title='bbox 604 2716 654 2746; x_wconf 89' lang='lat' dir='ltr'>cui</span> <span class='ocrx_word' id='word_1_374' title='bbox 672 2723 778 2746; x_wconf 59' lang='lat' dir='ltr'>moneta»</span> <span class='ocrx_word' id='word_1_375' title='bbox 795 2725 912 2745; x_wconf 85' lang='lat' dir='ltr'>nomen</span> <span class='ocrx_word' id='word_1_376' title='bbox 930 2715 1070 2746; x_wconf 82' lang='lat' dir='ltr'>inditum</span> <span class='ocrx_word' id='word_1_377' title='bbox 1094 2726 1111 2745; x_wconf 85' lang='lat' dir='ltr'>a</span> <span class='ocrx_word' id='word_1_378' title='bbox 1127 2716 1255 2757; x_wconf 82' lang='lat' dir='ltr'>Junone</span> <span class='ocrx_word' id='word_1_379' title='bbox 1274 2712 1421 2748; x_wconf 58' lang='lat' dir='ltr'>Moneta,</span> <span class='ocrx_word' id='word_1_380' title='bbox 1446 2712 1535 2754; x_wconf 82' lang='lat' dir='ltr'>cujus</span> <span class='ocrx_word' id='word_1_381' title='bbox 1556 2712 1595 2742; x_wconf 82' lang='lat' dir='ltr'>ad</span> <span class='ocrx_word' id='word_1_382' title='bbox 1614 2712 1714 2742; x_wconf 79' lang='lat' dir='ltr'>:edem</span> 
     </span>
     <span class='ocr_line' id='line_1_46' title="bbox 419 2760 1686 2837; baseline -0.006 -45"><span class='ocrx_word' id='word_1_383' title='bbox 419 2761 598 2792; x_wconf 75' lang='lat' dir='ltr'>cudebatur</span> <span class='ocrx_word' id='word_1_384' title='bbox 618 2762 648 2791; x_wconf 66' lang='grc' dir='ltr'>ἃ</span> <span class='ocrx_word' id='word_1_385' title='bbox 666 2760 894 2791; x_wconf 67' lang='lat' dir='ltr'>affcrvzibatur.</span> <span class='ocrx_word' id='word_1_386' title='bbox 1649 2797 1686 2837; x_wconf 78' lang='lat' dir='ltr'>d</span> 
     </span>
     <span class='ocr_line' id='line_1_47' title="bbox 1679 2811 1712 2838; baseline 0.061 -2"><span class='ocrx_word' id='word_1_387' title='bbox 1679 2811 1712 2838; x_wconf 80' lang='lat'>13</span> 
     </span>
    </p>
   </div>
  </div>
 </body>
</html>
