1853 3158
328 264 1000 311 LIBERIV.CAP.
1061 265 1173 306 LXI.
1548 277 1629 319 337

105 393 194 425 tum
218 383 413 440 signatum
429 391 527 431 erat,
549 395 603 422 aes
624 394 743 436 grave
761 380 945 435 plaustris
968 380 1132 434 quidam
1150 380 1199 419 ad
1221 378 1406 419 aerarium

105 442 391 490 convehentes,
424 443 485 494 (8)
516 437 731 492 speciosam
762 439 884 478 etiam
915 439 1172 478 collationem
1194 435 1407 476 faciebant.

108 500 253 556 Qum
275 499 429 539 senatus
450 496 607 536 summa
634 495 713 535 fide
733 509 781 535 ex
804 495 924 535 censu
942 495 1182 544 contulisset,
1213 494 1409 547 primores

103 557 248 610 plebis,
279 555 474 596 nobilium
504 553 637 601 amici,
666 566 714 592 ex
737 553 958 606 composito
980 552 1163 592 conferre
1195 552 1408 606 incipiunt.

108 628 212 666 quos
245 626 371 667 quum
404 615 443 653 &
466 625 488 651 a
508 609 696 651 Patribus
718 610 954 659 collaudari,
989 612 1030 650 &
1051 624 1071 648 a
1099 609 1261 648 militari
1293 618 1410 649 aetate

106 680 301 724 tanquam
327 669 453 709 bonos
470 668 576 709 cives
607 666 783 720 conspici
804 668 948 721 vulgus
970 666 1184 705 hominum
1204 665 1319 714 vidit,
1349 679 1412 705 re-
1432 669 1613 710 Plebssequi-

107 727 243 781 pente,
275 727 404 781 spreto
426 726 642 766 tribunicio
663 724 828 774 auxilio,
865 733 1069 763 certamen
1090 723 1327 764 conferendi
1355 723 1411 763 est
1429 720 1490 746 tur·

107 795 256 825 ortum.
274 787 333 835 &,
363 786 450 838 lege
473 783 624 837 perlata
645 784 693 822 de
710 782 924 821 indicendo
938 779 1181 835 Vejentibus
1201 780 1322 827 bello,
1344 794 1413 819 ex-

107 842 279 882 ercitum
294 842 439 896 magna
455 855 504 880 ex
520 849 631 894 parte
652 839 926 880 voluntarium
948 838 1041 878 novi
1063 836 1213 878 tribuni
1237 837 1412 877 militum

108 899 307 940 consulari
329 898 522 952 potestate
540 898 665 952 Vejos
683 898 847 936 duxere.

165 957 278 996 LXI.
311 957 440 996 Fuere
471 964 607 995 autem
636 954 786 994 tribuni
816 954 869 995 T.
893 953 1116 1011 Qintffius
1139 953 1413 1007 Capitolinus,
1435 961 1476 991 U.
1492 969 1519 990 c.
1537 969 1610 999 350>

108 1013 411 1071 QQinE'tius
442 1012 726 1062 Cincinnatus,
759 1011 808 1051 C.
844 1012 976 1063 Julius
1013 1012 1125 1050 Iulus
1161 1011 1326 1062 iterum,
1361 1013 1411 1051 A.
1432 1008 1474 1057 ,A-
1495 1006 1627 1065 C·.‘²{{“†·

106 1070 304 1118 Manlius,
335 1070 384 1110 L.
419 1070 565 1110 Furius
602 1069 858 1109 Medullinus
896 1067 1078 1116 tertium,
1111 1068 1186 1107 Μ’.
1222 1068 1414 1108 AEmilius
1435 1051 1497 1125 ἐς
1513 1059 1636 1124 υέἷζῒω

109 1127 406 1169 Mamercinus.
470 1126 536 1167 Ab
557 1126 619 1166 his
637 1124 816 1180 primum
832 1126 1069 1166 circumsessi
1081 1126 1177 1180 Veji
1196 1126 1311 1173 sunt;
1344 1125 1414 1165 sub
1436 1139 1510 1169 Mil.

108 1185 225 1238 cujus
257 1184 417 1224 initium
439 1183 654 1224 obsidionis
686 1198 813 1237 quum
839 1183 1101 1223 Etruscorum
1125 1183 1342 1223 concilium
1366 1184 1414 1223 ad
1438 1205 1532 1248 Ogsff
1551 1206 1624 1236 Veii.

109 1240 253 1281 fanum
285 1242 527 1282 Voltumnae
549 1244 610 1296 (1)
633 1241 865 1294 frequenter
898 1240 1082 1281 habitum
1119 1241 1225 1288 esset,
1272 1254 1416 1294 parum
1584 1237 1596 1245 ”

109 1298 304 1352 constitit,
334 1299 492 1340 bellone
510 1298 672 1353 publico
690 1299 826 1354 gentis,
844 1298 1035 1339 universae
1058 1298 1199 1337 tuendi
1219 1298 1417 1353 Veientes

110 1356 245 1396 essent.
307 1356 365 1396 Ea
386 1356 635 1411 oppugnatio
651 1356 807 1412 segnior
824 1356 1048 1408 insequenti
1066 1370 1171 1395 anno
1193 1354 1288 1405 fuit,
1307 1365 1417 1408 parte

68 1435 71 1437 -
110 1412 368 1453 tribunorum
409 1413 687 1466 exercitusque
724 1415 773 1453 ad
810 1413 1006 1453 Volscum
1048 1412 1211 1453 avocata
1249 1412 1415 1454 bellum.
1438 1418 1477 1447 U.
1494 1428 1520 1447 c.
1541 1426 1615 1456 3511

111 1469 318 1510 Tribunos
350 1470 526 1509 militum
548 1470 745 1510 consulari
772 1470 965 1523 potestate
994 1471 1027 1510 is
1049 1484 1177 1509 annus
1205 1469 1347 1510 habuit
1368 1470 1416 1510 C.
1436 1463 1630 1538 ἓξὲιὲῗίζ

72 1544 79 1545 ff
112 1527 325 1567 Valerium
347 1528 529 1568 Potitum
557 1526 739 1578 tertium,
773 1528 850 1568 Μ’.
871 1528 1060 1582 Sergium
1088 1527 1339 1577 Fidenatem,
1369 1527 1416 1566 P.
1440 1552 1640 1582 111.&c.T1·,

112 1583 350 1623 Cornelium
385 1584 731 1639 Maluginensem,
765 1584 842 1625 Cn.
881 1584 1117 1624 Cornelium
1151 1584 1331 1633 Coffum,
1363 1585 1416 1624 K.
1439 1595 1512 1626 Mil.

112 1640 283 1680 Fabium
306 1641 567 1689 Ambustum,
590 1642 658 1695 Sp.
677 1642 878 1682 Nautium
898 1642 1087 1681 Rutilum
1110 1642 1271 1681 iterum.
1309 1642 1417 1682 Cum

115 1698 270 1738 Volscis
286 1699 389 1738 inter
406 1699 667 1738 Ferentinum
691 1708 811 1751 atque
826 1698 1013 1750 Ecetram
1043 1700 1160 1754 signis
1183 1700 1337 1739 collatis
1359 1700 1420 1738 di-

112 1755 321 1794 micatum.
385 1756 583 1795 Romanis
606 1756 777 1796 secunda
800 1756 964 1796 fortuna
999 1770 1146 1810 pugnae
1170 1756 1260 1796 fuit.
1339 1758 1419 1797 Ar·
1442 1769 1519 1800 Vixi
1536 1769 1633 1806 Vati-f.

112 1821 204 1852 tena
221 1813 330 1863 inde,
360 1813 603 1853 Volscorum
628 1814 840 1867 oppidum,
863 1813 911 1853 ab
929 1813 1099 1854 tribunis
1122 1813 1289 1855 obfideri
1307 1829 1419 1869 coep-

113 1878 164 1909 ta.
189 1870 280 1910 inde
316 1870 420 1910 inter
441 1872 694 1924 eruptionem
731 1881 944 1921 tentatam,
976 1871 1185 1925 compulso
1208 1873 1247 1910 in
1276 1872 1418 1912 urbem

111 1926 238 1976 hoste,
269 1927 421 1967 Occaslo
457 1929 548 1970 data
578 1928 634 1968 est
658 1928 858 1968 Romanis
881 1929 1158 1983 irrumpendi3
1192 1939 1419 1983 praeterque

113 1998 250 2024 arcem
279 1993 408 2025 cetera
431 1996 559 2039 capta.
589 1985 631 2024 in
654 2000 786 2025 arcem
809 1987 1007 2026 munitam
1030 1988 1172 2026 natura
1194 1986 1337 2041 globus
1360 2001 1421 2027 ar-

115 2051 319 2082 matorum
336 2043 535 2082 concellit.
578 2042 689 2082 Infra
712 2057 844 2083 arcem
863 2044 948 2084 caefi
968 2044 1153 2097 captique
1177 2045 1294 2084 multi
1312 2059 1420 2085 mor-

113 2100 222 2140 tales.
246 2114 314 2139 arx
337 2100 479 2140 deinde
496 2100 747 2140 obsidebatur
764 2117 772 2141 ;
792 2115 865 2141 nec
885 2111 953 2141 aut
966 2102 1004 2141 vi
1027 2102 1115 2155 capi
1136 2111 1307 2155 poterat,
1324 2103 1417 2155 quia

115 2170 190 2210 pro
211 2157 335 2210 spatio
366 2158 443 2198 loci
461 2158 550 2197 satis
568 2158 947 2211 praefidiihabebat3
981 2169 1050 2198 aut
1071 2159 1181 2212 spem
1204 2159 1322 2199 dabat
1349 2161 1419 2199 de*-

115 2213 297 2265 ditionis,
327 2215 437 2254 omni
454 2215 615 2269 publico
637 2216 859 2266 frumento,
890 2216 1124 2270 priusquam
1146 2216 1240 2256 urbs
1257 2231 1419 2270 capere-

116 2279 197 2319 tur,
229 2270 269 2309 in
286 2285 418 2311 arcem
436 2273 645 2312 conve-(Pto.
669 2274 870 2326 taedioque
892 2274 1085 2314 recessum
1114 2274 1207 2314 inde
1225 2274 1345 2323 foret,
1375 2277 1417 2313 ni

118 2327 251 2367 servus
272 2342 404 2368 arcem
421 2329 618 2370 Romanis
640 2331 883 2384 prodidisset.
902 2331 950 2371 ab
967 2346 1014 2373 eo
1031 2332 1178 2372 milites
1195 2346 1265 2386 per
1281 2333 1418 2371 locum

1245 2390 1417 2434 arduum

119 2499 242 2531 bellum
258 2499 427 2531 Punicum.
473 2501 527 2542 (8)
551 2503 740 2534 Efficiebant
759 2512 794 2538 ut
812 2504 943 2536 collatio
961 2504 1076 2536 tributi
1091 2504 1187 2536 etlam
1204 2504 1341 2546 speciem
1358 2504 1376 2535 i.
1389 2515 1419 2537 e⁴

121 2555 276 2585 pompam
288 2545 319 2574 δε
334 2544 523 2586 dignitatem
540 2547 681 2587 aliquam
695 2548 840 2586 haberet,
863 2560 934 2589 quae
949 2558 1153 2581 converteret
1167 2550 1278 2580 oculos
1293 2549 1398 2590 vulgi,

123 2588 127 2592 ’
168 2590 204 2620 C.
224 2589 275 2620 61.
291 2589 346 2629 (1)
369 2591 431 2620 Per
447 2600 560 2621 vocem
577 2594 744 2632 frequenter
760 2594 811 2624 vel
837 2593 1084 2635 intelligendum
1100 2594 1143 2625 est
1167 2594 1262 2635 plura
1284 2594 1422 2625 concilia,

122 2632 232 2663 habita
249 2633 352 2670 fuisse,
373 2636 647 2674 quemadmodum
670 2636 755 2667 infra
772 2637 791 2667 l.
804 2648 833 2676 5.
850 2649 875 2668 c.
893 2647 920 2676 5.
936 2646 1159 2669 memorantur
1174 2641 1269 2669 ert-hm
1292 2640 1421 2669 Etruria‘

122 2680 233 2712 concilia
246 2681 276 2707 de
288 2682 421 2709 mittendi„-
444 2681 524 2720 Vejjos
541 2683 653 2711 auxiliis
666 2706 673 2715 ‚
703 2682 754 2712 vel
768 2683 875 2722 potius
892 2682 1055 2713 indicatur
1067 2694 1216 2725 magnam
1232 2684 1266 2713 in
1282 2683 1420 2713 concilio

124 2720 301 2801 {egritorum
329 2722 571 2757 multitudinem
597 2725 750 2757 adfuisse:
778 2734 813 2757 ut
840 2727 935 2768 supra
952 2728 972 2759 l.
992 2737 1017 2759 Ι.
1032 2738 1055 2758 e.
1076 2737 1124 2761 11-
1152 2729 1269 2759 Rrvrvw
1290 2730 1420 2767 '‘s-:desree

190 2767 262 2797 '0M.
277 2768 297 2798 l.
759 2772 787 2802 Z
1308 2778 1419 2801 fssssrjcffsss

1405 2784 1412 2802 Ι
