1853 3158
0 2612 13 2736 affin...-
0 2505 11 2602 -ο--ι
14 2305 18 2400 ,Λᾼμᾼ
10 2137 16 2267 „„„W„⁴„22⁴2

349 256 631 300 LIBER
689 256 765 297 111.
825 256 1005 298 cAP.
1067 259 1181 300 XIX.
1561 265 1636 315 189

132 384 217 417 tute
243 375 326 427 sua,
358 374 483 414 tribus
510 372 660 424 liberis,
698 386 871 425 quorum
907 387 1026 414 nemo
1051 374 1212 414 Kaesoni
1252 373 1418 414 cedebat

134 408 408 489 magnitudine
430 430 577 471 animi·
569 460 581 479 ,
613 430 819 470 confilium
842 433 882 471 δε
905 433 1070 471 modum
1092 432 1333 482 adhibendo,
1351 432 1419 471 ubi

135 506 198 531 res
219 491 410 545 posceret,
427 488 578 542 priores
594 497 719 527 erant.
780 488 833 537 Is,
855 496 899 526 ut
928 489 1201 543 magistratum
1238 489 1342 541 iniit,
1364 489 1421 528 as-

135 550 255 588 fiduis
271 545 529 588 concionibus
550 559 622 598 pro
643 544 846 593 tribunali,
867 559 949 584 non
971 546 1011 584 in
1039 547 1151 599 plebe
1186 547 1422 595 coercenda,

136 621 259 659 quam
277 605 412 644 senatu
441 603 682 657 castigando,
699 601 974 642 vehementior
1013 602 1118 642 fuit:
1148 606 1253 658 cujus
1286 605 1424 643 ordinis

136 665 309 717 languore
329 663 389 715 (2)
403 662 570 714 perpetui
573 662 660 715 jam
677 660 818 699 tribuni
832 660 959 713 plebis,
997 675 1063 699 non
1095 670 1136 699 ut
1170 663 1207 699 in
1242 661 1424 713 republica

131 721 254 774 populi
273 719 447 766 Romani,
451 718 521 772 sed
540 727 580 757 ut
600 719 638 756 in
663 717 814 770 perdita
849 717 962 767 domo,
990 718 1119 771 linguei
1152 719 1427 772 criminibusque

138 785 346 832 regnarent.
423 776 519 815 Cum
560 775 704 830 Kaesone
718 774 805 828 filio
833 775 900 829 suo
940 776 1133 823 virtutem,
1179 775 1426 830 constantiam,

139 850 257 875 omma
264 836 480 889 juventutis
497 833 576 872 belli
596 833 757 885 domique
777 832 900 872 decora
921 833 1026 887 pulsa
1057 848 1100 871 ex
1131 833 1217 871 urbe
1255 833 1429 872 Romana

144 893 196 934 {⁶2⁶
201 893 345 961 fugata
361 891 435 946 eff’.
456 891 630 943 loquaces,
639 890 833 944 seditiosos,
845 891 989 944 semina
1009 890 1045 929 d
1036 889 1283 944 fiordzarum,
1298 891 1368 928 iter
1370 903 1430 928 um

139 966 182 989 ac
202 958 258 988 tei
259 948 352 987 tium
371 949 533 987 tribunos
546 947 702 1001 peſjimis
723 947 866 986 artibus
882 949 986 1000 regia
1008 948 1154 987 licentizi
1177 949 1316 986 viveie.
1378 947 1430 985 A.
1452 966 1507 995 Inv
1510 966 1627 995 ehuur
1616 978 1644 996 m

140 1007 286 1059 inquit,
304 1006 363 1044 ille
387 1006 596 1059 Virginius,
615 1006 701 1058 quia
721 1007 758 1044 in
783 1004 956 1057 Capitolio
977 1020 1044 1044 non
1065 1005 1165 1060 fuit,
1195 1006 1316 1043 minus
1341 1005 1434 1058 sup-
1451 1011 1584 1042 tribunos

133 1065 254 1118 plicii,
266 1063 377 1116 quam
392 1063 467 1116 Ap.
489 1062 714 1111 Herdonius,
737 1064 894 1101 meruit
890 1065 907 1091 2
930 1062 1017 1115 plus
1035 1056 1193 1101 hercule
1233 1063 1434 1115 aliquanto,

140 1123 204 1175 qui
219 1136 308 1160 vere
330 1136 406 1159 rem
427 1120 597 1175 testimaie
624 1121 726 1159 velit.
747 1120 976 1171 Herdonius,
1024 1120 1146 1159 inihil
1158 1120 1273 1168 aliud,
1311 1119 1434 1175 hqstem

129 1180 189 1235 β)
189 1178 335 1231 fatendo
347 1189 401 1231 pi
401 1177 463 1231 ope
484 1178 737 1228 denunciavit,
759 1187 799 1217 ut
822 1194 868 1217 ar
871 1193 929 1216 ma
950 1179 1148 1229 caperetis:
1180 1178 1251 1226 hic,
1278 1177 1437 1230 negando

142 1237 234 1275 bella
253 1236 328 1291 ff’,
348 1252 395 1274 ar
397 1251 455 1274 ma
477 1237 574 1274 vobis
593 1235 741 1284 ademit,
759 1236 933 1289 nudosque
947 1236 1074 1289 servis
1095 1235 1223 1290 vestris
1254 1234 1304 1275 &³
1336 1235 1437 1288 exsu-

142 1294 236 1333 libus
255 1294 399 1363 objecit.
449 1294 506 1332 Et
527 1308 589 1332 vos
611 1293 687 1349 (C.
713 1293 862 1332 Claudii
875 1303 979 1345 paee,
1001 1292 1051 1333 ξδ’
1072 1292 1112 1330 Ρ
1135 1293 1276 1331 Valerii
1304 1293 1438 1331 mortui

145 1352 273 1404 loquar
276 1353 300 1407 )
314 1349 425 1403 prius
446 1352 483 1389 in
504 1351 640 1389 clivum
665 1350 909 1403 Capitolinum
909 1349 951 1403 s
937 1366 1023 1404 gna
1045 1350 1228 1405 intulstis,
1250 1350 1361 1402 quam
1378 1349 1439 1388 hos

145 1409 251 1463 hostes
266 1408 397 1465 defhro
409 1408 511 1447 toller
512 1409 597 1446 etis.
594 1411 611 1437 9
636 1410 697 1460 (3)
714 1407 837 1446 Pudet
858 1408 1023 1446 Deorum
1042 1406 1304 1460 hominumque.
1326 1422 1438 1459 quum

146 1465 286 1520 hstes
273 1480 311 1502 in
325 1481 422 1513 arce,
443 1466 481 1502 in
506 1464 678 1516 Capitolio
699 1465 816 1520 effi’nt,
850 1465 1007 1519 exsulum
1043 1464 1094 1505 Εἴ
1112 1465 1308 1518 servorum
1349 1464 1439 1512 dux,

140 1522 351 1578 profanatis
371 1523 545 1569 omnibus,
569 1523 606 1559 in
628 1522 717 1562 cella
749 1522 864 1577 Jovis
898 1523 1020 1573 optimi
1056 1523 1209 1560 maximi
1243 1521 1440 1571 habitaret,

151 1580 298 1634 Tusiuli
318 1578 420 1627 ante,
439 1579 550 1632 quam
573 1579 710 1626 Roma,
719 1579 968 1632 ficmptasunt
983 1594 1102 1617 arma.
1167 1580 1212 1617 In
1231 1579 1332 1617 dubio
1339 1579 1442 1633 fuit,

151 1635 279 1676 utrum
302 1636 353 1674 L.
376 1636 582 1675 Mamilius
605 1635 835 1689 Tusculanus
855 1636 946 1684 dux,
969 1651 1016 1674 an
1047 1636 1097 1674 P.
1124 1636 1296 1674 Valerius
1321 1636 1372 1676 {55⁹
1396 1636 1428 1674 C

153 1693 331 1732 Claudius
342 1694 494 1747 consules
516 1693 725 1731 Romanam
739 1708 858 1732 arcem
873 1693 1068 1731 liberarent
1083 1711 1094 1731 :
1131 1693 1182 1733 fi&
1202 1694 1265 1745 qui
1280 1695 1341 1745 (4)
1354 1691 1443 1731 ant?

150 1750 321 1798 Latinos,
336 1765 378 1788 ne
385 1760 454 1803 pro
455 1751 498 1804 se
512 1750 654 1803 quidem
668 1749 762 1804 ipsis,
780 1765 890 1804 quum
905 1749 1093 1804 infinibus
1113 1749 1237 1804 hqstem
1257 1749 1445 1797 haberent,

151 1810 331 1861 attingere
350 1823 457 1846 arma
471 1806 704 1861 paffifiimus
717 1829 731 1852 ,·
766 1823 875 1855 nunc,
891 1806 956 1860 ilfi
968 1807 1103 1846 Latini
1111 1808 1318 1861 sudsponte
1337 1822 1444 1846 arma

143 1864 376 1920 sumfflffint,
393 1866 489 1917 capti
508 1865 558 1905 ξδ’
579 1865 683 1903 deleti
703 1881 861 1904 eramus.
923 1864 1005 1903 Hoc
1017 1865 1075 1920 cst,
1096 1865 1250 1912 tribuni,
1266 1864 1445 1903 auxilium

148 1923 378 1978 plebifi‘rre,
398 1924 570 1961 inermem
592 1938 669 1960 eam
690 1922 773 1978 hosti
793 1922 1052 1961 trucidandam
1074 1923 1219 1976 objicere
1234 1925 1254 1959 ‚9
1293 1922 1447 1972 Scilicet,

139 1979 181 2034 si
199 1982 280 2035 quis
301 1981 397 2019 vobis
418 1980 643 2018 humillimus
663 1979 760 2019 homo
780 1980 822 2019 de
840 1980 961 2035 vestre}
983 1981 1097 2032 plebe,
1120 1979 1257 2033 (quam
1285 1988 1448 2032 partem,

157 2039 258 2076 velut
273 2038 466 2090 abruptam
491 2054 513 2076 a
530 2046 640 2076 cetero
653 2039 798 2090 populo,
816 2038 971 2092 ‘vestram
980 2039 1147 2089 patriam
1161 2037 1451 2090 peculiaremque

157 2095 411 2147 rempublicam
418 2094 560 2150 fecistis
563 2097 587 2151 )
592 2093 634 2149 fi
663 2097 743 2148 quis
774 2111 817 2134 ex
847 2095 904 2134 bis
928 2094 1069 2133 domum
1097 2095 1208 2148 fitam
1244 2095 1398 2149 olgseffizm
1427 2110 1450 2132 a

159 2152 389 2207 (5)famili[2
411 2157 561 2192 armatii
591 2154 795 2201 nunciaret,
803 2152 1006 2208 ferendum
1039 2152 1219 2191 auxilium
1252 2153 1449 2204 putaretis.

161 2210 320 2266 Jupiter
349 2212 502 2262 optimus
543 2211 739 2259 maximus,
786 2210 946 2264 exstdum
985 2219 1092 2263 atque
1111 2210 1308 2264 servorum
1326 2210 1454 2263 septus

160 2282 292 2315 arnus,
314 2267 420 2307 nulla
442 2267 606 2307 humana
642 2277 700 2320 ope
735 2267 868 2321 dignus
898 2270 1013 2306 erat?
1048 2267 1098 2308 &
1127 2267 1167 2306 hz
1194 2266 1388 2322 pqstulant‚
1413 2274 1454 2304 ut

148 2324 371 2381 sacrosan&
383 2324 601 2376 habeantur,
623 2326 751 2378 quibus
786 2324 849 2379 ipsi
884 2325 958 2364 Dii
985 2340 1095 2378 neque
1117 2326 1178 2378 (6)
1192 2325 1314 2378 sacti,
1301 2339 1456 2436 ‚yeque

1355 2384 1453 2420 aneti

163 2495 258 2525 fidem
272 2494 378 2525 abillo
389 2495 504 2526 datam.
553 2495 621 2537 (2)
625 2498 769 2538 Perpetuos
782 2495 871 2533 dicit,
883 2497 972 2536 quod
983 2495 1080 2532 iidem
1091 2494 1223 2525 subinde
1240 2492 1456 2524 reficerentur

162 2540 219 2580 (3)
236 2540 362 2570 Pudore
380 2541 569 2580 perfundor,
596 2551 696 2580 quum
710 2541 815 2582 cogito
829 2542 906 2571 deos
921 2541 1128 2580 hominesque
1145 2538 1226 2570 tanti
1244 2537 1354 2579 flagitii
1367 2537 1460 2568 nobis

165 2583 306 2614 conscios
323 2584 393 2615 effe.
425 2584 473 2615 Sic
497 2586 628 2615 Terent.
654 2587 772 2616 Heaut.
791 2595 820 2616 2
848 2586 946 2616 7018.
995 2585 1049 2625 (4)
1073 2587 1104 2613 V
1107 2584 1148 2614 id.
1167 2584 1261 2623 1up1a
1279 2583 1297 2612 l.
1319 2592 1350 2613 2.
1365 2593 1390 2613 c.
1404 2592 1458 2621 30

166 2628 221 2670 (5)
238 2629 394 2667 famulos
409 2629 516 2661 servos
533 2637 681 2661 armatos.
728 2630 782 2672 (6)
799 2632 849 2662 Sa:
841 2644 919 2662 crum
937 2629 980 2661 est
997 2629 1030 2661 id
1047 2630 1134 2670 quod
1159 2627 1270 2670 religio
1297 2627 1461 2658 consecra-

1392 2681 1411 2700 ν
1415 2670 1459 2701 it·
1451 2694 1460 2719 ⁸,
