1853 3158
399 281 687 327 LIBER
746 279 803 322 V.
864 279 1050 324 CAP.
1110 280 1289 323 XXXV.

184 397 330 440 Tuscis
351 399 460 440 haud
481 398 622 453 procul
640 396 789 436 Ticino
811 395 993 445 flumine,
1016 410 1160 450 quum,
1183 396 1224 435 in
1253 409 1334 448 quo
1358 392 1495 435 conse-

185 458 342 506 derant,
359 470 499 511 agrum
513 454 742 494 Insubrium
759 456 849 508 (14)
863 454 1053 507 appellari
1071 454 1278 501 audissent,
1295 456 1332 506 (1
1343 456 1383 506 5)
1399 467 1494 507 cog-

185 514 350 554 nomine
378 512 611 553 Insubribus
632 525 736 566 pago
758 511 1008 559 AEduorum,
1040 510 1109 559 ibi,
1138 524 1259 550 omen
1281 510 1493 563 sequentes

185 572 281 621 loci,
313 571 527 611 condidere
549 569 691 609 urbem
711 585 719 609 :
751 568 1033 608 Mediolanum
1052 569 1316 620 appellarunt.

243 627 423 669 XXXV.
458 627 550 668 Alia
571 626 737 666 subinde
759 639 902 665 manus
934 628 996 679 (1)
1028 625 1377 674 Cenomanorum,
1410 623 1492 664 Eli-

185 686 294 725 tovio
322 687 440 734 duce,
460 684 623 739 vestigia
645 683 825 737 priorum
854 682 1005 732 secuta,
1026 683 1170 721 eodem
1193 681 1307 729 saltu,
1330 681 1492 722 favente

185 742 407 792 Belloveso,
430 755 559 795 quum
575 740 872 781 transcendisset
895 740 1036 792 Alpes,
1058 741 1120 792 (2)
1143 738 1211 777 ubi
1229 752 1337 777 nunc
1355 739 1494 778 Brixia

185 813 230 839 ac
252 800 417 839 Verona
440 798 558 839 urbes
586 798 691 849 sunt,
723 800 851 852 (locos
891 806 1056 836 tenuere
1096 795 1235 848 Libui)
1265 795 1489 835 confidunt.

185 859 247 910 (3)
279 856 365 910 post
405 855 480 897 hos
513 855 695 905 Salluvii,
727 868 851 909 prope
893 853 1102 906 antiquam
1142 863 1306 907 gentem
1347 852 1492 892 Laevos

184 913 372 968 Ligures,
404 914 624 954 incolentes
652 913 756 952 circa
776 911 971 951 Ticinum
1005 924 1181 950 amnem.
1244 912 1304 963 (4)
1335 909 1493 948 Penino

184 971 329 1010 deinde
352 971 442 1025 Boji
463 970 745 1024 Lingonesque
767 968 1002 1022 transgressi,
1036 982 1163 1020 quum
1185 968 1270 1022 jam
1294 968 1397 1005 inter
1418 969 1494 1006 Pa-

185 1026 284 1067 d'um
306 1038 426 1081 atque
453 1028 575 1081 Alpes
596 1027 731 1067 omnia
763 1036 1011 1073 tenerentur,
1042 1025 1154 1064 Pado
1176 1023 1327 1063 ratibus
1350 1025 1495 1078 trajec-

183 1094 240 1132 to,
272 1098 355 1124 non
372 1085 559 1125 Etruscos
577 1083 718 1135 modo,
741 1084 807 1123 sed
829 1090 949 1123 etiam
972 1082 1172 1130 Umbros,
1195 1095 1291 1135 agro
1313 1082 1494 1134 pellunt:

183 1142 286 1181 intra
304 1142 571 1195 Apenninum
590 1152 724 1182 tamen
747 1140 824 1180 sese
847 1151 1026 1180 tenuere.
1087 1140 1199 1178 Tum
1217 1140 1414 1187 Senones,
1432 1151 1495 1177 re-

185 1199 394 1238 centiffimi
417 1200 680 1250 advenarum,
714 1198 762 1238 ab
782 1198 940 1238 Utente
964 1197 1130 1236 flumine
1149 1196 1274 1249 usque
1292 1197 1341 1234 ad
1365 1195 1495 1234 AEsim

185 1255 285 1296 fines
302 1255 491 1297 habuere.
554 1258 674 1297 Hanc
697 1265 859 1311 gentem
878 1255 1074 1302 Clulium,
1108 1254 1368 1305 Romamque
1386 1252 1496 1299 inde,

183 1314 328 1354 venifl'e
351 1314 570 1367 comperio.
604 1314 644 1353 id
679 1327 822 1366 parum
845 1322 1001 1352 certum
1038 1311 1110 1361 est,
1142 1311 1333 1358 solamne,
1367 1323 1416 1349 an
1447 1309 1496 1348 ab

185 1371 374 1410 omnibus
393 1371 692 1424 Cisalpinorum
718 1371 934 1410 Gallorum
958 1369 1117 1422 populis
1139 1369 1333 1422 adjutam.
1398 1366 1497 1406 Clu-

187 1428 275 1477 smi,
319 1441 424 1467 novo
464 1428 570 1467 bello
606 1427 800 1474 exterriti,
847 1440 974 1479 quum
1017 1425 1337 1474 multitudinem,
1368 1437 1495 1476 quum

188 1484 339 1525 formas
360 1484 574 1523 hominum
593 1485 807 1524 invisitatas
830 1492 1040 1523 cernerent
1059 1485 1099 1523 δε
1121 1497 1249 1536 genus
1271 1495 1496 1530 armorum,

187 1542 469 1594 audirentque,
502 1542 603 1596 saepe
632 1542 680 1581 ab
717 1541 778 1589 iis,
813 1541 868 1580 cis
904 1541 1060 1580 Padum
1083 1541 1286 1592 ultraque,
1320 1539 1498 1592 legiones

187 1598 448 1640 Etruscorum
466 1597 588 1648 fusas,
611 1612 844 1652 quanquam
867 1600 929 1651 (5)
961 1595 1152 1637 adversus
1173 1597 1385 1636 Romanos
1407 1597 1498 1634 nul-

1409 1654 1497 1692 lum

187 1773 273 1814 Alpis
284 1786 294 1808 ‚·
321 1771 419 1812 idque
434 1771 572 1803 stabilire
587 1770 743 1803 videntur
756 1771 903 1802 omnium
917 1772 984 1802 fere
1001 1770 1151 1802 codicum
1165 1768 1345 1811 scripturae.
1396 1770 1500 1811 Juliae

186 1830 248 1847 rum
266 1819 382 1858 Alpium
406 1817 540 1848 Tacitus
567 1816 714 1847 meminit
741 1816 762 1846 l.
786 1826 814 1854 3.
839 1815 918 1846 Hist.
942 1826 972 1847 c.
999 1815 1031 1846 8.
1057 1816 1109 1845 sed
1136 1815 1214 1845 viris
1231 1814 1335 1845 doc'tis
1353 1813 1501 1854 displicet

189 1861 343 1902 prolepsis
359 1861 518 1898 nominis;
543 1871 649 1901 neque
666 1859 741 1892 situs
758 1871 870 1891 earum
887 1860 962 1890 huic
990 1859 1129 1890 historiae
1148 1869 1328 1900 congruere
1345 1859 1501 1888 censetur.

189 1906 320 1937 Nlentio
346 1905 443 1937 etiam
475 1906 673 1942 Taurinorum,
696 1904 799 1946 gentis
829 1904 1026 1945 Subalpinae,
1049 1903 1193 1935 occurrit
1212 1904 1301 1943 apud
1328 1904 1406 1933 Tac.
1431 1902 1450 1932 l.
1470 1912 1499 1933 2„

189 1950 268 1981 Hist.
288 1962 316 1981 c.
343 1950 394 1980 66.
441 1951 536 1980 Saltus
553 1959 663 1981 autem
676 1949 789 1980 Livius
806 1949 918 1990 passim
941 1956 1037 1979 vocat
1051 1948 1212 1990 angustias
1224 1947 1352 1978 viarum
1370 1947 1502 1988 praecel-

189 1993 226 2024 fis
248 1994 487 2036 praeruptisque
501 1995 584 2036 jugis
602 2006 638 2025 ac
657 1994 740 2025 silvis
757 1994 913 2034 utrinque
926 1993 1039 2034 septas.
1088 1995 1167 2033 (14)
1192 1992 1377 2022 Insubrium
1391 1992 1502 2022 Gallo-

188 2049 263 2069 rum
279 2039 401 2070 mentio
417 2039 454 2069 fit
478 2038 565 2070 infra
591 2039 610 2069 l.
636 2049 687 2078 30.
711 2049 737 2069 c.
764 2039 813 2070 18.
860 2040 938 2079 (15)
963 2037 1151 2068 Gronovius
1180 2037 1240 2078 legi
1261 2037 1352 2077 jubet
1369 2040 1502 2078 cognomi·

188 2096 259 2114 uem.
285 2084 338 2115 sed
360 2083 525 2115 subaudiri
544 2084 646 2125 potest
677 2084 813 2126 exssmte,
837 2091 872 2113 ut
890 2081 968 2113 alibi
995 2081 1086 2123 saepe.
1132 2082 1245 2112 Sensus
1263 2081 1316 2117 est,
1338 2082 1427 2121 apud
1444 2081 1503 2111 ,ΗΞ-

188 2128 270 2158 duos
295 2139 426 2169 quoque
459 2139 577 2170 pagum
603 2127 705 2166 fuiss‘e,
727 2128 784 2169 qui
817 2127 1001 2158 Insubrium
1018 2127 1194 2157 diceretur.
1241 2127 1292 2156 De
1308 2136 1388 2156 voce
1399 2134 1505 2168 pagus,

189 2171 254 2202 vid.
278 2180 345 2203 not.
373 2173 402 2203 6.
426 2174 467 2203 ad
484 2184 509 2203 c.
524 2173 589 2203 1.1.
612 2182 639 2203 1.

236 2218 271 2247 C.
298 2227 314 2255 3
319 2227 348 2255 5.
372 2217 426 2257 (1)
445 2220 645 2248 Germanorum
660 2218 839 2258 praefcrunt
857 2227 968 2248 omnes
985 2215 1112 2247 codices
1123 2214 1247 2256 scripti.
1296 2215 1357 2246 Sed
1370 2215 1504 2245 consen=

189 2260 276 2290 tiunt
289 2261 351 2291 viri
368 2261 458 2292 docti
475 2261 649 2293 lec‘fionem
659 2262 747 2292 illam
760 2261 909 2292 vitiosam
926 2261 995 2292 effe.
1044 2262 1099 2302 (2)
1117 2260 1297 2291 Considunt
1315 2260 1356 2290 ad
1374 2271 1410 2290 ea
1423 2259 1506 2296 loca,

192 2304 247 2334 ubi
261 2315 346 2336 nunc
365 2306 472 2336 Brixia
483 2317 518 2337 ac
532 2308 676 2343 Verona,
689 2317 760 2346 quae
774 2306 906 2346 quidem
919 2314 1014 2336 antea
1026 2305 1211 2336 Libuorum
1228 2312 1334 2335 erant.
1359 2305 1415 2345 (3)
1440 2305 1504 2346 [³2st

191 2349 238 2378 hos
257 2350 391 2386 Salluvii,
403 2360 505 2390 quum
517 2352 632 2382 eodem
652 2351 733 2381 saltu
750 2349 1015 2381 transcendissent
1032 2350 1146 2390 Alpes,
1169 2348 1340 2379 confidunt
1353 2356 1441 2390 prcpe
1453 2361 1505 2378 an-

191 2396 297 2434 tiquam
308 2401 414 2435 gentem
430 2396 531 2425 Laevos
552 2397 687 2437 Ligures,
710 2394 773 2426 slve
799 2406 816 2425 c
842 2395 1001 2436 Ligurum
1025 2405 1152 2436 genere,
1175 2396 1314 2424 incolentes
1330 2396 1405 2423 circa
1427 2393 1506 2423 ‘Ticie

193 2451 256 2467 num
272 2451 389 2468 amnem.
436 2440 588 2469 Laevorum
617 2442 757 2481 Ligurum
805 2439 929 2469 Pliniils
958 2438 1102 2469 meminit
1131 2438 1150 2468 l.
1177 2447 1204 2476 3.
1228 2449 1257 2468 c.
1286 2446 1338 2475 17.
1365 2451 1398 2467 ex
1416 2439 1505 2479 Ligu-

193 2483 269 2512 ribus
294 2484 381 2513 Lavi
396 2495 428 2512 ac
446 2484 564 2512 Ilffczm'n'
578 2486 716 2514 condidere
735 2484 874 2513 Ticinum.
922 2483 1029 2513 Etiam
1050 2482 1154 2513 noster
1180 2482 1266 2512 infra}
1283 2482 1302 2511 l.
1333 2491 1383 2520 33.
1400 2492 1426 2511 c.
1448 2491 1504 2520 37„

195 2526 338 2569 Qidam
363 2527 471 2557 locum
500 2528 561 2558 hoc
586 2529 684 2558 modo
716 2527 934 2569 distinguunt:
961 2529 1039 2558 urbes
1056 2529 1135 2567 fimt,
1158 2529 1224 2556 locos
1250 2534 1367 2556 tenuere.
1417 2528 1508 2556 Libui

192 2572 327 2613 coxfidzmt
340 2572 398 2614 just
428 2572 483 2601 hos.
532 2573 685 2602 Ceterum
712 2573 752 2602 de
775 2572 812 2602 iis
844 2582 916 2611 qnae
941 2569 993 2602 hle
1018 2572 1171 2612 leguntur
1196 2571 1304 2611 plures
1331 2578 1508 2601 moventur

194 2615 385 2655 quaestiones
405 2616 659 2657 Geographicae3
684 2627 774 2655 quas,
797 2616 847 2645 cui
879 2616 968 2652 libet,
990 2616 1099 2646 videat
1124 2616 1156 2646 in
1175 2615 1318 2645 editione
1335 2615 1506 2645 Drakenb0

194 2659 366 2700 congestas.
412 2660 467 2699 (4)
492 2660 616 2690 Penino
632 2661 720 2701 jugc),
743 2661 791 2690 ita
805 2660 894 2690 dieto
921 2672 939 2690 a
971 2662 1043 2691 Deo
1071 2661 1214 2700 quodam
1240 2659 1296 2699 qui
1322 2658 1355 2689 in
1386 2658 1507 2688 vertice

195 2704 314 2735 montis
328 2711 398 2736 erat
415 2704 556 2736 sacratus
590 2704 655 2736 vid,
683 2704 769 2736 infra
787 2704 809 2734 l.
835 2714 891 2734 21.
916 2715 941 2735 c.
968 2706 1018 2744 38.
1066 2705 1120 2746 (5)
1145 2704 1289 2736 Observa
1316 2704 1408 2734 usum
1426 2713 1507 2742 prae-

795 2750 821 2779 C·
847 2759 862 2778 c
891 2758 907 2779 2
1341 2744 1508 2786 positionis

1634 281 1716 334 387

1518 1398 1620 1440 clsfim·
1630 1410 1650 1428 a

1518 1446 1721 1484 Gallium*

1514 1491 1586 1519 nati„
