1853 3158
3 2561 10 2978 —ssze—ezzmr—
7 2507 9 2509 .

434 257 716 304 LIBER
777 256 830 300 X.
890 257 1071 300 CAP.
1134 258 1247 300 XIII.

1609 269 1687 312 273

184 392 307 423 terras
329 378 520 420 instruE’oe
542 376 700 430 agmine
721 384 996 416 occurrerunt.
1058 375 1288 429 Pugnatum
1322 373 1470 428 majore
1492 380 1592 421 Pugna
1607 391 1668 412 cum

184 450 294 494 parte
326 438 418 487 diei,
449 435 591 489 magna
613 434 800 486 utrinque
823 435 945 473 caede.
968 447 1047 472 nox
1070 432 1247 481 incertis,
1280 432 1358 484 qufi
1381 431 1471 470 data
1491 426 1625 456 Etru‘cis.

182 497 348 538 victoria
364 495 468 542 effet,
490 491 727 531 intervenit:
759 492 826 530 lux
850 491 1059 544 insequens
1081 490 1275 530 victorem
1297 488 1471 528 vietum-

182 569 260 609 que
282 552 462 593 ostendit.
523 549 631 589 Nam
651 548 806 587 Etrusci
829 549 980 587 filentio
1002 547 1134 588 noestis
1156 547 1279 587 castra
1301 547 1471 599 relique-

184 621 290 652 runt.
364 611 591 656 Romanus,
620 604 807 659 ‘egressus
843 606 884 644 in
921 606 1064 655 aciem,
1111 604 1177 644 ubi
1217 603 1470 658 profectione

183 669 356 710 hostium
381 664 601 706 conceffam
622 663 832 702 vietoriam
858 663 981 710 videt,
1013 663 1235 717 progressus
1258 663 1306 701 ad
1328 661 1471 711 castra,

184 727 316 766 vacuis
337 734 430 764 curn
451 721 622 776 plurima
643 718 776 774 praeda
792 721 902 772 (narn
927 721 962 759 &
989 719 1125 758 stativa
1147 722 1208 773 (1)
1229 717 1382 772 trepide
1403 720 1473 757 de-

183 784 282 824 serta
318 782 495 834 fuerant)
521 779 685 833 potitur.
709 777 800 816 inde
820 776 861 815 in
883 775 1080 815 Faliscum
1103 791 1243 830 agrum
1265 776 1390 829 copiis
1411 789 1472 814 re-

182 840 331 888 duffis,
363 851 488 892 quum
511 836 796 890 impedimenta
813 833 976 873 Faleriis
998 846 1091 871 curn
1112 834 1271 873 modico
1293 833 1472 885 praefidio

182 897 410 951 reliquisset,
456 894 641 948 expedito
675 892 833 947 agmine
878 891 927 930 ad
963 891 1265 944 depopulandos
1297 890 1472 929 hostium

183 956 283 996 fines
317 954 477 994 incedit.
538 950 688 991 Omnia
723 949 829 988 ferro
860 947 1023 1003 ignique
1059 947 1291 995 vastantur3
1328 948 1473 1000 praedae

182 1014 359 1065 undique
394 1011 518 1050 aetae:
549 1021 622 1058 nec
657 1007 784 1046 solum
819 1004 942 1045 modo
963 1005 1118 1044 vastum
1138 1004 1241 1044 hosti
1269 1003 1472 1052 relietum,

183 1071 248 1110 sed
268 1069 435 1109 castellis
459 1068 579 1106 etiam
607 1065 781 1117 vicisque
805 1066 864 1117 (2)
886 1064 1017 1102 illatus
1039 1062 1167 1117 ignis:
1198 1060 1364 1107 urbibus
1400 1076 1473 1115 op-

181 1126 406 1181 pugnandis
427 1133 709 1177 temperatum,
739 1122 780 1160 in
811 1135 910 1174 quas
943 1120 1063 1159 timor
1087 1119 1278 1159 Etruscos
1306 1132 1474 1172 compu-

180 1186 291 1224 lerat.
355 1183 431 1223 Cn.
470 1181 598 1222 Fulvii
630 1178 801 1219 consulis
838 1179 942 1217 clara
975 1191 1109 1231 pugna
1146 1177 1188 1216 in
1222 1176 1389 1216 Samnio
1423 1177 1474 1215 ad

159 1242 407 1282 ⁴'Bovianum
441 1240 755 1291 haudquaquam
789 1235 988 1289 ambiguae
1019 1234 1199 1274 victoriae
1240 1233 1330 1274 fuit.
1393 1234 1473 1274 Bo-

180 1299 344 1338 vianum
366 1299 458 1337 inde
480 1295 694 1351 aggressus,
726 1307 799 1333 nec
832 1293 884 1332 ita
906 1293 1035 1332 multo
1057 1291 1145 1346 post
1170 1290 1415 1332 Aufidenam
1435 1292 1474 1332 vi

183 1357 303 1410 cepit.

241 1414 355 1454 XIII.
391 1413 545 1453 Eodem
583 1419 689 1450 anno
725 1408 932 1449 Carseolos
967 1411 1027 1462 (1)
1049 1407 1204 1448 colonia
1245 1407 1286 1446 in
1333 1421 1474 1462 agrum

185 1471 495 1525 AEquicolorum
517 1468 704 1508 deducta.
741 1467 906 1506 Fulvius
927 1465 1064 1506 consul
1081 1466 1129 1505 de
1141 1464 1390 1506 Samnitibus
1406 1466 1477 1505 tri-

184 1529 405 1582 umphavit.
438 1528 580 1584 Qum
598 1524 760 1575 comitia
781 1523 1001 1564 consularia
1016 1523 1221 1572 instarent,
1238 1522 1344 1563 fama
1361 1537 1477 1563 exor-

182 1598 236 1635 ta,
268 1586 454 1626 Etruscos
476 1583 753 1635 Samnitesque
775 1582 957 1636 ingentes
987 1579 1234 1622 conscribere
1255 1580 1475 1629 exercitus;

182 1646 314 1698 palam
354 1642 541 1683 omnibus
582 1640 761 1681 conciliis
800 1639 933 1680 vexari
961 1638 1160 1692 principes
1201 1638 1477 1687 Etruscorum,

183 1700 295 1755 qubd
329 1715 409 1740 non
438 1701 579 1740 Gallos
601 1699 840 1751 quacunque
863 1696 1092 1737 conditione
1111 1696 1304 1735 traxerint
1325 1696 1374 1735 ad
1394 1694 1477 1735 bel·

183 1761 292 1799 lum:
324 1758 519 1810 increpari
541 1755 793 1810 magistratus
814 1753 1073 1802 Samnitium,
1105 1752 1216 1807 quod
1236 1753 1478 1803 exercitum,

185 1821 245 1871 (2)
283 1815 471 1856 adversus
507 1815 721 1853 Lucanum
756 1812 913 1852 hostem
934 1821 1225 1866 comparatum,
1256 1810 1478 1866 obJecerint

183 1875 407 1915 Romanis:
453 1873 587 1925 itaque
625 1870 703 1911 suis
738 1869 1016 1923 sociorumque
1053 1867 1203 1909 viribus
1236 1868 1476 1922 consurgere

1344 1925 1478 1966 hostes

231 2051 266 2082 C.
283 2058 331 2080 12.
354 2048 408 2090 (1)
432 2046 544 2078 Plures
560 2044 685 2077 codices
703 2046 823 2076 habent
845 2057 907 2075 nam
929 2043 1085 2087 &stativa
1105 2043 1143 2074 δ’
1159 2042 1264 2084 trepida³
1285 2044 1389 2083 dzflrta
1409 2044 1478 2083 fue-

188 2103 273 2129 rant,-
300 2095 390 2135 quod
418 2092 510 2124 unice
526 2102 640 2122 verum
656 2090 809 2127 existimo,
831 2090 904 2120 licet
927 2089 1096 2131 vulgatum
1118 2086 1406 2118 Drakenborchius
1427 2097 1480 2128 ge·

188 2140 325 2171 nuinum
341 2137 400 2169 effe
417 2136 655 2179 pronunciarit.
703 2137 749 2165 Ita
766 2136 846 2165 duas
859 2134 1025 2175 assignabit
1042 2133 1149 2164 causas
1162 2132 1285 2169 Livius,
1298 2143 1355 2162 cur
1369 2132 1481 2173 praeda

190 2184 330 2225 plurima
358 2182 392 2212 in
416 2181 524 2213 castris
542 2181 754 2211 Etruscorum
769 2179 888 2216 suerit3
912 2178 1030 2220 primo,
1053 2178 1142 2218 quud
1159 2177 1257 2208 castra
1274 2176 1385 2207 stativa
1412 2177 1482 2207 fue·

190 2236 275 2265 rant,
297 2229 442 2267 adeoque
475 2225 622 2266 plurimae
651 2235 700 2256 res
728 2225 762 2254 in
784 2225 918 2266 longum
943 2231 1069 2263 tempus
1086 2221 1265 2252 necessariae
1281 2223 1320 2252 eo
1336 2221 1482 2258 collatae3

194 2274 345 2308 secundo,
367 2272 457 2311 quod
479 2269 604 2300 Etrusci
630 2281 666 2300 ea
694 2269 819 2310 trepide
836 2269 1050 2299 deseruerant.
1098 2267 1127 2297 Si
1144 2267 1311 2308 vulgatum
1327 2266 1483 2302 servetur,

191 2329 263 2358 quae
275 2317 322 2347 vis
340 2315 506 2357 particulae
527 2318 564 2345 δ’
581 2322 655 2349 zmte
667 2315 782 2356 stativa
799 2313 887 2350 inest,
897 2312 950 2343 vix
967 2312 1126 2354 conjicere
1139 2311 1271 2353 poss'um.
1284 2312 1319 2340 E.
1364 2305 1420 2352 (a)
1432 2310 1481 2340 Sic

191 2364 268 2393 Tac.
285 2362 303 2392 l.
325 2371 352 2400 3.
370 2360 447 2391 Hist.
464 2371 489 2390 c.
501 2369 552 2397 47.
581 2361 663 2401 Cl‘ff
676 2361 864 2400 quoquefaces
876 2360 980 2389 intulit.

240 2425 278 2454 C.
296 2432 344 2462 13.
366 2422 422 2463 (1)
444 2421 522 2453 Vid.
537 2420 633 2462 supra
650 2431 675 2451 c.
694 2430 722 2459 3.
738 2420 824 2451 unde
841 2426 975 2460 apparet
989 2418 1072 2449 hanc
1096 2416 1256 2448 coloniam
1270 2427 1357 2447 nunc
1374 2416 1483 2457 potitis

194 2467 347 2509 suppleri,
370 2467 468 2507 quam
495 2465 619 2497 deduci.
665 2463 835 2496 Cluverius
864 2464 969 2494 censet
986 2462 1118 2493 Livium
1134 2461 1212 2492 alios
1237 2462 1308 2499 hoc,
1331 2461 1409 2492 alios
1426 2461 1482 2492 illo

193 2514 266 2544 loco
284 2511 452 2552 scriptores
465 2511 607 2542 secutum
619 2509 690 2546 esse,
712 2509 768 2549 qui
788 2509 819 2539 ὅ(
836 2516 963 2549 tempus
976 2507 1123 2538 deduc‘tae
1140 2505 1285 2542 coloniae,
1308 2505 1340 2536 &
1355 2513 1483 2547 gentem

194 2557 228 2587 in
246 2568 343 2597 quam
358 2557 497 2586 deducta
513 2555 566 2591 est,
587 2553 764 2584 variarunt.
810 2553 844 2583 ld
861 2561 968 2583 autem
985 2552 1080 2583 etiam
1096 2550 1173 2582 alibi
1197 2562 1215 2581 a
1231 2550 1327 2581 Livio
1339 2550 1486 2581 commis·

196 2603 264 2632 sum
284 2601 354 2637 csse,
377 2600 462 2630 infra
479 2598 658 2631 videbimus
676 2599 717 2629 ad
733 2599 751 2628 l.
763 2608 815 2635 42.
842 2608 866 2627 c.
881 2606 936 2635 47.
983 2597 1038 2636 (z)
1063 2601 1098 2626 To
1114 2595 1247 2626 adversm
1265 2595 1305 2626 ab
1334 2594 1485 2625 omnibus

196 2648 261 2677 fere
273 2644 437 2676 codicibus
450 2645 578 2676 exsulat.
601 2645 686 2686 Lege
699 2643 797 2686 igitur
808 2652 882 2673 cum
895 2640 1102 2675 Gronovioin
1114 2656 1124 2676 ,·
1146 2650 1215 2683 ‹311ae
1235 2639 1418 2682 praepofitio
1435 2639 1482 2669 in:

241 2692 332 2722 ToM.
350 2691 385 2720 11.
826 2688 857 2716 T
1139 2704 1142 2705 ν
1344 2690 1488 2724 ter-:epta

1510 1257 1530 1286 S
1531 1259 1647 1288 izmm'tea

1506 1303 1586 1334 rami.
