<?xml version="1.0" encoding="UTF-8"?>
<!DOCTYPE html PUBLIC "-//W3C//DTD XHTML 1.0 Transitional//EN"
    "http://www.w3.org/TR/xhtml1/DTD/xhtml1-transitional.dtd">
<html xmlns="http://www.w3.org/1999/xhtml" xml:lang="en" lang="en">
 <head>
  <title>
</title>
<meta http-equiv="Content-Type" content="text/html;charset=utf-8" />
  <meta name='ocr-system' content='tesseract 3.04.00' />
  <meta name='ocr-capabilities' content='ocr_page ocr_carea ocr_par ocr_line ocrx_word'/>
</head>
<body>
  <div class='ocr_page' id='page_1' title='image "./historiaeromanae01livyuoft_0068.png"; bbox 0 0 1905 3168; ppageno 0'>
   <div class='ocr_carea' id='block_1_1' title="bbox 180 281 238 320">
    <p class='ocr_par' dir='ltr' id='par_1_1' title="bbox 180 281 238 320">
     <span class='ocr_line' id='line_1_1' title="bbox 180 281 238 320; baseline 0 -7"><span class='ocrx_word' id='word_1_1' title='bbox 180 281 238 320; x_wconf 74' lang='lat'>42</span> 
     </span>
    </p>
   </div>
   <div class='ocr_carea' id='block_1_2' title="bbox 170 1635 361 1710">
    <p class='ocr_par' dir='ltr' id='par_1_2' title="bbox 170 1635 361 1710">
     <span class='ocr_line' id='line_1_2' title="bbox 170 1635 361 1666; baseline 0 0"><span class='ocrx_word' id='word_1_2' title='bbox 170 1635 287 1666; x_wconf 72' lang='lat' dir='ltr'>,Romani</span> <span class='ocrx_word' id='word_1_3' title='bbox 302 1636 361 1666; x_wconf 54' lang='lat' dir='ltr'>viu·-</span> 
     </span>
     <span class='ocr_line' id='line_1_3' title="bbox 171 1687 248 1710; baseline 0 0"><span class='ocrx_word' id='word_1_4' title='bbox 171 1687 248 1710; x_wconf 69' lang='lat' dir='ltr'><em>tores.</em></span> 
     </span>
    </p>
   </div>
   <div class='ocr_carea' id='block_1_3' title="bbox 863 275 1227 319">
    <p class='ocr_par' dir='ltr' id='par_1_3' title="bbox 863 275 1227 319">
     <span class='ocr_line' id='line_1_4' title="bbox 863 275 1227 319; baseline 0.008 -3"><span class='ocrx_word' id='word_1_5' title='bbox 863 275 912 316; x_wconf 77' lang='lat' dir='ltr'>T.</span> <span class='ocrx_word' id='word_1_6' title='bbox 973 276 1227 319; x_wconf 90' lang='lat' dir='ltr'>LIVII</span> 
     </span>
    </p>
   </div>
   <div class='ocr_carea' id='block_1_4' title="bbox 391 385 1697 1996">
    <p class='ocr_par' dir='ltr' id='par_1_4' title="bbox 391 385 1697 1869">
     <span class='ocr_line' id='line_1_5' title="bbox 401 385 1689 445; baseline 0.003 -18"><span class='ocrx_word' id='word_1_7' title='bbox 401 387 467 428; x_wconf 89' lang='lat' dir='ltr'>ubi</span> <span class='ocrx_word' id='word_1_8' title='bbox 496 387 584 427; x_wconf 83' lang='lat' dir='ltr'>satis</span> <span class='ocrx_word' id='word_1_9' title='bbox 621 385 758 427; x_wconf 75' lang='lat' dir='ltr'>subiss&#39;e</span> <span class='ocrx_word' id='word_1_10' title='bbox 791 386 869 427; x_wconf 84' lang='lat' dir='ltr'>sese</span> <span class='ocrx_word' id='word_1_11' title='bbox 905 395 1013 428; x_wconf 84' lang='lat' dir='ltr'>ratus</span> <span class='ocrx_word' id='word_1_12' title='bbox 1048 388 1119 437; x_wconf 89' lang='lat' dir='ltr'>est,</span> <span class='ocrx_word' id='word_1_13' title='bbox 1155 388 1270 445; x_wconf 79' lang='lat' dir='ltr'><strong>erigit</strong></span> <span class='ocrx_word' id='word_1_14' title='bbox 1292 392 1354 444; x_wconf 89' lang='lat'>(8)</span> <span class='ocrx_word' id='word_1_15' title='bbox 1375 398 1499 431; x_wconf 87' lang='lat' dir='ltr'>totam</span> <span class='ocrx_word' id='word_1_16' title='bbox 1536 391 1660 431; x_wconf 82' lang='lat' dir='ltr'>aciem</span> <span class='ocrx_word' id='word_1_17' title='bbox 1679 407 1689 435; x_wconf 87' lang='lat'><strong>:</strong></span> 
     </span>
     <span class='ocr_line' id='line_1_6' title="bbox 398 443 1686 503; baseline 0.002 -17"><span class='ocrx_word' id='word_1_18' title='bbox 398 443 676 497; x_wconf 51' lang='lat' dir='ltr'>fluctuansque</span> <span class='ocrx_word' id='word_1_19' title='bbox 691 444 840 493; x_wconf 87' lang='lat' dir='ltr'>animo,</span> <span class='ocrx_word' id='word_1_20' title='bbox 873 454 917 484; x_wconf 92' lang='lat' dir='ltr'>ut</span> <span class='ocrx_word' id='word_1_21' title='bbox 946 453 1090 486; x_wconf 84' lang='lat' dir='ltr'>tereret</span> <span class='ocrx_word' id='word_1_22' title='bbox 1118 455 1292 501; x_wconf 89' lang='lat' dir='ltr'>tempus,</span> <span class='ocrx_word' id='word_1_23' title='bbox 1323 448 1482 489; x_wconf 86' lang='lat' dir='ltr'>ordines</span> <span class='ocrx_word' id='word_1_24' title='bbox 1503 449 1686 503; x_wconf 86' lang='lat' dir='ltr'>explicat.</span> 
     </span>
     <span class='ocr_line' id='line_1_7' title="bbox 397 500 1686 555; baseline 0.003 -12"><span class='ocrx_word' id='word_1_25' title='bbox 397 502 617 543; x_wconf 70' lang='lat' dir='ltr'>Consilium</span> <span class='ocrx_word' id='word_1_26' title='bbox 638 511 740 553; x_wconf 89' lang='lat' dir='ltr'>erat,</span> <span class='ocrx_word' id='word_1_27' title='bbox 771 500 850 555; x_wconf 65' lang='lat' dir='ltr'>qua</span> <span class='ocrx_word' id='word_1_28' title='bbox 866 501 1028 543; x_wconf 90' lang='lat' dir='ltr'>fortuna</span> <span class='ocrx_word' id='word_1_29' title='bbox 1044 514 1134 543; x_wconf 80' lang='lat' dir='ltr'>rem‘</span> <span class='ocrx_word' id='word_1_30' title='bbox 1146 505 1272 553; x_wconf 89' lang='lat' dir='ltr'>daret,</span> <span class='ocrx_word' id='word_1_31' title='bbox 1303 504 1349 545; x_wconf 69' lang='lat' dir='ltr'>ea</span> <span class='ocrx_word' id='word_1_32' title='bbox 1365 505 1554 546; x_wconf 88' lang='lat' dir='ltr'>inclinare</span> <span class='ocrx_word' id='word_1_33' title='bbox 1571 506 1686 547; x_wconf 85' lang='lat' dir='ltr'>vires.</span> 
     </span>
     <span class='ocr_line' id='line_1_8' title="bbox 395 556 1689 616; baseline 0.002 -15"><span class='ocrx_word' id='word_1_34' title='bbox 395 560 598 601; x_wconf 87' lang='lat' dir='ltr'>Miraculo</span> <span class='ocrx_word' id='word_1_35' title='bbox 626 556 758 613; x_wconf 70' lang='lat' dir='ltr'>prim&#39;o&#39;</span> <span class='ocrx_word' id='word_1_36' title='bbox 781 560 854 599; x_wconf 84' lang='lat' dir='ltr'>effe</span> <span class='ocrx_word' id='word_1_37' title='bbox 877 560 1089 610; x_wconf 88' lang='lat' dir='ltr'>Romanis,</span> <span class='ocrx_word' id='word_1_38' title='bbox 1123 562 1192 615; x_wconf 90' lang='lat' dir='ltr'>qui</span> <span class='ocrx_word' id='word_1_39' title='bbox 1213 563 1385 616; x_wconf 85' lang='lat' dir='ltr'>proximi</span> <span class='ocrx_word' id='word_1_40' title='bbox 1407 562 1611 615; x_wconf 86' lang='lat' dir='ltr'>steterant,</span> <span class='ocrx_word' id='word_1_41' title='bbox 1643 574 1689 604; x_wconf 91' lang='lat' dir='ltr'>ut</span> 
     </span>
     <span class='ocr_line' id='line_1_9' title="bbox 398 617 1690 675; baseline 0.005 -19"><span class='ocrx_word' id='word_1_42' title='bbox 398 617 542 656; x_wconf 89' lang='lat' dir='ltr'>nudari</span> <span class='ocrx_word' id='word_1_43' title='bbox 563 618 686 657; x_wconf 89' lang='lat' dir='ltr'>latera</span> <span class='ocrx_word' id='word_1_44' title='bbox 708 617 775 656; x_wconf 88' lang='lat' dir='ltr'>sua</span> <span class='ocrx_word' id='word_1_45' title='bbox 793 617 989 658; x_wconf 86' lang='lat' dir='ltr'>sociorum</span> <span class='ocrx_word' id='word_1_46' title='bbox 1007 619 1176 673; x_wconf 76' lang='lat' dir='ltr'>digrefl&#39;u</span> <span class='ocrx_word' id='word_1_47' title='bbox 1193 619 1419 660; x_wconf 85' lang='lat' dir='ltr'>senserunt:</span> <span class='ocrx_word' id='word_1_48' title='bbox 1453 621 1545 662; x_wconf 89' lang='lat' dir='ltr'>inde</span> <span class='ocrx_word' id='word_1_49' title='bbox 1566 636 1690 675; x_wconf 86' lang='lat' dir='ltr'>eques</span> 
     </span>
     <span class='ocr_line' id='line_1_10' title="bbox 393 675 1689 730; baseline 0.003 -16"><span class='ocrx_word' id='word_1_50' title='bbox 393 675 517 714; x_wconf 85' lang='lat' dir='ltr'>citato</span> <span class='ocrx_word' id='word_1_51' title='bbox 553 689 658 728; x_wconf 87' lang='lat' dir='ltr'>equo</span> <span class='ocrx_word' id='word_1_52' title='bbox 679 675 844 715; x_wconf 85' lang='lat' dir='ltr'>nunciat</span> <span class='ocrx_word' id='word_1_53' title='bbox 878 676 977 730; x_wconf 85' lang='lat' dir='ltr'>regi,</span> <span class='ocrx_word' id='word_1_54' title='bbox 1008 675 1115 716; x_wconf 84' lang='lat' dir='ltr'>abire</span> <span class='ocrx_word' id='word_1_55' title='bbox 1153 677 1345 718; x_wconf 86' lang='lat' dir='ltr'>Albanos.</span> <span class='ocrx_word' id='word_1_56' title='bbox 1404 678 1551 720; x_wconf 86' lang='lat' dir='ltr'><strong>Tullus</strong></span> <span class='ocrx_word' id='word_1_57' title='bbox 1583 679 1623 718; x_wconf 88' lang='lat' dir='ltr'>in</span> <span class='ocrx_word' id='word_1_58' title='bbox 1646 693 1689 719; x_wconf 82' lang='lat' dir='ltr'>re</span> 
     </span>
     <span class='ocr_line' id='line_1_11' title="bbox 394 731 1690 788; baseline 0.005 -17"><span class='ocrx_word' id='word_1_59' title='bbox 394 731 551 786; x_wconf 59' lang='lat' dir='ltr'>trepida</span> <span class='ocrx_word' id='word_1_60' title='bbox 571 733 784 779; x_wconf 83' lang='lat' dir='ltr'>duodecim</span> <span class='ocrx_word' id='word_1_61' title='bbox 798 733 905 772; x_wconf 89' lang='lat' dir='ltr'>vovit</span> <span class='ocrx_word' id='word_1_62' title='bbox 927 737 988 788; x_wconf 93' lang='lat'>(9)</span> <span class='ocrx_word' id='word_1_63' title='bbox 1009 733 1154 784; x_wconf 86' lang='lat' dir='ltr'>Salios,</span> <span class='ocrx_word' id='word_1_64' title='bbox 1186 734 1358 788; x_wconf 87' lang='lat' dir='ltr'>fanaque</span> <span class='ocrx_word' id='word_1_65' title='bbox 1380 736 1526 776; x_wconf 87' lang='lat' dir='ltr'>Pallori</span> <span class='ocrx_word' id='word_1_66' title='bbox 1548 751 1592 777; x_wconf 92' lang='lat' dir='ltr'>ac</span> <span class='ocrx_word' id='word_1_67' title='bbox 1614 738 1690 777; x_wconf 82' lang='lat' dir='ltr'>Pa-</span> 
     </span>
     <span class='ocr_line' id='line_1_12' title="bbox 396 790 1690 846; baseline 0.003 -17"><span class='ocrx_word' id='word_1_68' title='bbox 396 791 493 830; x_wconf 91' lang='lat' dir='ltr'>vori.</span> <span class='ocrx_word' id='word_1_69' title='bbox 516 791 710 843; x_wconf 85' lang='lat' dir='ltr'>equitem,</span> <span class='ocrx_word' id='word_1_70' title='bbox 732 791 837 830; x_wconf 69' lang='lat' dir='ltr'>clara</span> <span class='ocrx_word' id='word_1_71' title='bbox 857 790 1068 844; x_wconf 89' lang='lat' dir='ltr'>increpans</span> <span class='ocrx_word' id='word_1_72' title='bbox 1083 805 1196 839; x_wconf 88' lang='lat' dir='ltr'>voce,</span> <span class='ocrx_word' id='word_1_73' title='bbox 1219 801 1263 830; x_wconf 94' lang='lat' dir='ltr'>ut</span> <span class='ocrx_word' id='word_1_74' title='bbox 1283 791 1416 832; x_wconf 86' lang='lat' dir='ltr'>hostes</span> <span class='ocrx_word' id='word_1_75' title='bbox 1438 794 1690 846; x_wconf 86' lang='lat' dir='ltr'>exaudirent,</span> 
     </span>
     <span class='ocr_line' id='line_1_13' title="bbox 399 847 1694 906; baseline 0.002 -18"><span class='ocrx_word' id='word_1_76' title='bbox 399 848 530 888; x_wconf 81' lang='lat' dir='ltr'>redire</span> <span class='ocrx_word' id='word_1_77' title='bbox 547 848 587 887; x_wconf 87' lang='lat' dir='ltr'>in</span> <span class='ocrx_word' id='word_1_78' title='bbox 605 849 788 902; x_wconf 77' lang='lat' dir='ltr'>praelium</span> <span class='ocrx_word' id='word_1_79' title='bbox 803 847 919 903; x_wconf 80' lang='lat' dir='ltr'>J&#39;ubet</span> <span class='ocrx_word' id='word_1_80' title='bbox 935 864 943 888; x_wconf 91' lang='grc'>;</span> <span class='ocrx_word' id='word_1_81' title='bbox 965 849 1060 888; x_wconf 84' lang='lat' dir='ltr'><em>nihil</em></span> <span class='ocrx_word' id='word_1_82' title='bbox 1069 850 1305 902; x_wconf 82' lang='lat' dir='ltr'>trepidatione</span> <span class='ocrx_word' id='word_1_83' title='bbox 1320 861 1405 903; x_wconf 85' lang='lat' dir='ltr'><em>opus</em></span> <span class='ocrx_word' id='word_1_84' title='bbox 1419 851 1480 906; x_wconf 72' lang='lat' dir='ltr'><em>ff</em></span> <span class='ocrx_word' id='word_1_85' title='bbox 1492 869 1504 889; x_wconf 85' lang='grc'>.-</span> <span class='ocrx_word' id='word_1_86' title='bbox 1513 851 1641 906; x_wconf 76' lang='lat' dir='ltr'>fitoju</span> <span class='ocrx_word' id='word_1_87' title='bbox 1670 867 1694 890; x_wconf 80' lang='lat' dir='ltr'><em>u</em></span> 
     </span>
     <span class='ocr_line' id='line_1_14' title="bbox 394 905 1691 962; baseline 0.002 -18"><span class='ocrx_word' id='word_1_88' title='bbox 394 905 618 945; x_wconf 82' lang='lat' dir='ltr'><em>circumduci</em></span> <span class='ocrx_word' id='word_1_89' title='bbox 637 906 825 945; x_wconf 79' lang='lat' dir='ltr'>Albanum</span> <span class='ocrx_word' id='word_1_90' title='bbox 837 908 1047 956; x_wconf 79' lang='lat' dir='ltr'>exercitum,</span> <span class='ocrx_word' id='word_1_91' title='bbox 1080 915 1121 946; x_wconf 85' lang='lat' dir='ltr'>ut</span> <span class='ocrx_word' id='word_1_92' title='bbox 1136 906 1371 946; x_wconf 77' lang='lat' dir='ltr'><em>Fidenatium</em></span> <span class='ocrx_word' id='word_1_93' title='bbox 1391 908 1491 947; x_wconf 81' lang='lat' dir='ltr'>nuda</span> <span class='ocrx_word' id='word_1_94' title='bbox 1508 916 1613 962; x_wconf 86' lang='lat' dir='ltr'>terga</span> <span class='ocrx_word' id='word_1_95' title='bbox 1632 910 1691 947; x_wconf 86' lang='lat' dir='ltr'>in-</span> 
     </span>
     <span class='ocr_line' id='line_1_15' title="bbox 394 963 1693 1021; baseline 0.002 -19"><span class='ocrx_word' id='word_1_96' title='bbox 394 964 550 1003; x_wconf 83' lang='lat' dir='ltr'>vadant.</span> <span class='ocrx_word' id='word_1_97' title='bbox 578 963 685 1003; x_wconf 90' lang='lat' dir='ltr'>idem</span> <span class='ocrx_word' id='word_1_98' title='bbox 707 966 797 1018; x_wconf 89' lang='lat'>(10)</span> <span class='ocrx_word' id='word_1_99' title='bbox 819 963 1002 1017; x_wconf 86' lang='lat' dir='ltr'>imperat,</span> <span class='ocrx_word' id='word_1_100' title='bbox 1035 973 1079 1004; x_wconf 92' lang='lat' dir='ltr'>ut</span> <span class='ocrx_word' id='word_1_101' title='bbox 1110 964 1240 1005; x_wconf 83' lang='lat' dir='ltr'>hastas</span> <span class='ocrx_word' id='word_1_102' title='bbox 1272 964 1427 1017; x_wconf 86' lang='lat' dir='ltr'>equites</span> <span class='ocrx_word' id='word_1_103' title='bbox 1457 964 1609 1019; x_wconf 87' lang='lat' dir='ltr'>erigere</span> <span class='ocrx_word' id='word_1_104' title='bbox 1625 965 1693 1021; x_wconf 88' lang='lat' dir='ltr'>ju-</span> 
     </span>
     <span class='ocr_line' id='line_1_16' title="bbox 394 1020 1694 1076; baseline 0.002 -16"><span class='ocrx_word' id='word_1_105' title='bbox 394 1020 498 1061; x_wconf 89' lang='lat' dir='ltr'>beat.</span> <span class='ocrx_word' id='word_1_106' title='bbox 559 1021 605 1061; x_wconf 93' lang='lat' dir='ltr'>Id</span> <span class='ocrx_word' id='word_1_107' title='bbox 619 1020 776 1061; x_wconf 61' lang='lat' dir='ltr'>saecum</span> <span class='ocrx_word' id='word_1_108' title='bbox 798 1035 955 1076; x_wconf 85' lang='lat' dir='ltr'>magnae</span> <span class='ocrx_word' id='word_1_109' title='bbox 975 1022 1077 1075; x_wconf 88' lang='lat' dir='ltr'>parti</span> <span class='ocrx_word' id='word_1_110' title='bbox 1094 1022 1275 1076; x_wconf 88' lang='lat' dir='ltr'>peditum</span> <span class='ocrx_word' id='word_1_111' title='bbox 1294 1023 1579 1063; x_wconf 88' lang='lat' dir='ltr'>Romanorum</span> <span class='ocrx_word' id='word_1_112' title='bbox 1595 1037 1694 1063; x_wconf 86' lang='lat' dir='ltr'>con-</span> 
     </span>
     <span class='ocr_line' id='line_1_17' title="bbox 393 1078 1693 1134; baseline 0 -15"><span class='ocrx_word' id='word_1_113' title='bbox 393 1078 579 1132; x_wconf 70' lang='lat' dir='ltr'>spe&amp;um</span> <span class='ocrx_word' id='word_1_114' title='bbox 606 1078 788 1119; x_wconf 84' lang='lat' dir='ltr'>abeuntis</span> <span class='ocrx_word' id='word_1_115' title='bbox 819 1079 967 1119; x_wconf 86' lang='lat' dir='ltr'>Albani</span> <span class='ocrx_word' id='word_1_116' title='bbox 992 1079 1191 1120; x_wconf 68' lang='lat' dir='ltr'>exercitus</span> <span class='ocrx_word' id='word_1_117' title='bbox 1219 1080 1451 1134; x_wconf 85' lang='lat' dir='ltr'>intersepfit.</span> <span class='ocrx_word' id='word_1_118' title='bbox 1484 1080 1554 1134; x_wconf 87' lang='lat' dir='ltr'>qui</span> <span class='ocrx_word' id='word_1_119' title='bbox 1583 1080 1693 1120; x_wconf 90' lang='lat' dir='ltr'>vide-</span> 
     </span>
     <span class='ocr_line' id='line_1_18' title="bbox 393 1135 1692 1193; baseline 0.002 -18"><span class='ocrx_word' id='word_1_120' title='bbox 393 1145 498 1185; x_wconf 84' lang='lat' dir='ltr'>rant,</span> <span class='ocrx_word' id='word_1_121' title='bbox 531 1136 572 1176; x_wconf 89' lang='lat' dir='ltr'>id</span> <span class='ocrx_word' id='word_1_122' title='bbox 589 1137 697 1190; x_wconf 91' lang='lat' dir='ltr'>quod</span> <span class='ocrx_word' id='word_1_123' title='bbox 720 1136 767 1176; x_wconf 89' lang='lat' dir='ltr'>ab</span> <span class='ocrx_word' id='word_1_124' title='bbox 800 1151 892 1191; x_wconf 85' lang='lat' dir='ltr'>rege</span> <span class='ocrx_word' id='word_1_125' title='bbox 924 1137 1107 1177; x_wconf 88' lang='lat' dir='ltr'>auditum</span> <span class='ocrx_word' id='word_1_126' title='bbox 1128 1146 1212 1177; x_wconf 86' lang='lat' dir='ltr'>erat</span> <span class='ocrx_word' id='word_1_127' title='bbox 1233 1138 1322 1187; x_wconf 89' lang='lat' dir='ltr'>rati,</span> <span class='ocrx_word' id='word_1_128' title='bbox 1353 1135 1403 1177; x_wconf 77' lang='grc' dir='ltr'>εὸ</span> <span class='ocrx_word' id='word_1_129' title='bbox 1437 1136 1569 1178; x_wconf 68' lang='lat' dir='ltr'>acrius</span> <span class='ocrx_word' id='word_1_130' title='bbox 1591 1151 1692 1193; x_wconf 86' lang='lat' dir='ltr'>pug-</span> 
     </span>
     <span class='ocr_line' id='line_1_19' title="bbox 394 1194 1695 1250; baseline 0.002 -17"><span class='ocrx_word' id='word_1_131' title='bbox 394 1204 505 1234; x_wconf 90' lang='lat' dir='ltr'>nant.</span> <span class='ocrx_word' id='word_1_132' title='bbox 565 1194 716 1234; x_wconf 89' lang='lat' dir='ltr'>Terror</span> <span class='ocrx_word' id='word_1_133' title='bbox 737 1195 787 1234; x_wconf 90' lang='lat' dir='ltr'>ad</span> <span class='ocrx_word' id='word_1_134' title='bbox 805 1194 937 1235; x_wconf 88' lang='lat' dir='ltr'>hostes</span> <span class='ocrx_word' id='word_1_135' title='bbox 970 1194 1129 1234; x_wconf 76' lang='lat' dir='ltr'>transit:</span> <span class='ocrx_word' id='word_1_136' title='bbox 1163 1198 1201 1236; x_wconf 70' lang='grc' dir='ltr'>ἃ</span> <span class='ocrx_word' id='word_1_137' title='bbox 1224 1198 1262 1250; x_wconf 94' lang='lat'>(1</span> <span class='ocrx_word' id='word_1_138' title='bbox 1277 1198 1316 1249; x_wconf 93' lang='lat'>1)</span> <span class='ocrx_word' id='word_1_139' title='bbox 1335 1195 1568 1236; x_wconf 86' lang='lat' dir='ltr'>audiverant</span> <span class='ocrx_word' id='word_1_140' title='bbox 1588 1194 1695 1235; x_wconf 64' lang='lat' dir='ltr'>clara</span> 
     </span>
     <span class='ocr_line' id='line_1_20' title="bbox 394 1252 1694 1307; baseline 0.002 -16"><span class='ocrx_word' id='word_1_141' title='bbox 394 1266 491 1292; x_wconf 88' lang='lat' dir='ltr'>voce</span> <span class='ocrx_word' id='word_1_142' title='bbox 522 1252 696 1303; x_wconf 61' lang='lat' dir='ltr'>dietum,</span> <span class='ocrx_word' id='word_1_143' title='bbox 730 1255 936 1307; x_wconf 85' lang='lat' dir='ltr'>&amp;magna</span> <span class='ocrx_word' id='word_1_144' title='bbox 969 1266 1061 1306; x_wconf 88' lang='lat' dir='ltr'>pars</span> <span class='ocrx_word' id='word_1_145' title='bbox 1081 1252 1351 1302; x_wconf 86' lang='lat' dir='ltr'>Fidenatium,</span> <span class='ocrx_word' id='word_1_146' title='bbox 1382 1263 1428 1293; x_wconf 91' lang='lat' dir='ltr'>ut</span> <span class='ocrx_word' id='word_1_147' title='bbox 1458 1253 1527 1306; x_wconf 92' lang='lat' dir='ltr'>qui</span> <span class='ocrx_word' id='word_1_148' title='bbox 1559 1253 1694 1293; x_wconf 85' lang='lat' dir='ltr'>coloni</span> 
     </span>
     <span class='ocr_line' id='line_1_21' title="bbox 392 1309 1693 1364; baseline 0.002 -17"><span class='ocrx_word' id='word_1_149' title='bbox 392 1309 518 1349; x_wconf 88' lang='lat' dir='ltr'>additi</span> <span class='ocrx_word' id='word_1_150' title='bbox 538 1312 628 1363; x_wconf 90' lang='lat'>(12)</span> <span class='ocrx_word' id='word_1_151' title='bbox 650 1309 848 1349; x_wconf 87' lang='lat' dir='ltr'>Romanis</span> <span class='ocrx_word' id='word_1_152' title='bbox 868 1310 1007 1361; x_wconf 86' lang='lat' dir='ltr'>effent,</span> <span class='ocrx_word' id='word_1_153' title='bbox 1041 1310 1185 1350; x_wconf 78' lang='lat' dir='ltr'>Latine</span> <span class='ocrx_word' id='word_1_154' title='bbox 1206 1310 1392 1351; x_wconf 83' lang='lat' dir='ltr'>sciebant.</span> <span class='ocrx_word' id='word_1_155' title='bbox 1453 1311 1610 1364; x_wconf 88' lang='lat' dir='ltr'>Itaque,</span> <span class='ocrx_word' id='word_1_156' title='bbox 1641 1324 1693 1350; x_wconf 88' lang='lat' dir='ltr'>ne</span> 
     </span>
     <span class='ocr_line' id='line_1_22' title="bbox 392 1366 1694 1408; baseline 0.002 -3"><span class='ocrx_word' id='word_1_157' title='bbox 392 1366 523 1406; x_wconf 82' lang='lat' dir='ltr'>subito</span> <span class='ocrx_word' id='word_1_158' title='bbox 545 1381 592 1406; x_wconf 86' lang='lat' dir='ltr'>ex</span> <span class='ocrx_word' id='word_1_159' title='bbox 613 1366 781 1407; x_wconf 85' lang='lat' dir='ltr'>collibus</span> <span class='ocrx_word' id='word_1_160' title='bbox 802 1367 970 1407; x_wconf 86' lang='lat' dir='ltr'>decursu</span> <span class='ocrx_word' id='word_1_161' title='bbox 994 1367 1246 1407; x_wconf 89' lang='lat' dir='ltr'>Albanorum</span> <span class='ocrx_word' id='word_1_162' title='bbox 1263 1368 1628 1408; x_wconf 84' lang='lat' dir='ltr'>intercluderentur</span> <span class='ocrx_word' id='word_1_163' title='bbox 1644 1367 1694 1408; x_wconf 88' lang='lat' dir='ltr'>ab</span> 
     </span>
     <span class='ocr_line' id='line_1_23' title="bbox 391 1424 1695 1479; baseline 0.002 -16"><span class='ocrx_word' id='word_1_164' title='bbox 391 1424 559 1477; x_wconf 86' lang='lat' dir='ltr'>oppido,</span> <span class='ocrx_word' id='word_1_165' title='bbox 590 1433 701 1479; x_wconf 86' lang='lat' dir='ltr'>terga</span> <span class='ocrx_word' id='word_1_166' title='bbox 734 1433 907 1463; x_wconf 90' lang='lat' dir='ltr'>vertunt.</span> <span class='ocrx_word' id='word_1_167' title='bbox 968 1424 1094 1464; x_wconf 89' lang='lat' dir='ltr'>Instat</span> <span class='ocrx_word' id='word_1_168' title='bbox 1120 1425 1295 1473; x_wconf 89' lang='lat' dir='ltr'>Tullus;</span> <span class='ocrx_word' id='word_1_169' title='bbox 1327 1425 1496 1479; x_wconf 89' lang='lat' dir='ltr'>fusoque</span> <span class='ocrx_word' id='word_1_170' title='bbox 1524 1425 1695 1465; x_wconf 83' lang='lat' dir='ltr'>Fidena-</span> 
     </span>
     <span class='ocr_line' id='line_1_24' title="bbox 392 1481 1694 1536; baseline 0.001 -15"><span class='ocrx_word' id='word_1_171' title='bbox 392 1481 496 1521; x_wconf 87' lang='lat' dir='ltr'>tium</span> <span class='ocrx_word' id='word_1_172' title='bbox 516 1496 658 1530; x_wconf 91' lang='lat' dir='ltr'>cornu,</span> <span class='ocrx_word' id='word_1_173' title='bbox 690 1482 730 1521; x_wconf 91' lang='lat' dir='ltr'>in</span> <span class='ocrx_word' id='word_1_174' title='bbox 761 1482 995 1535; x_wconf 87' lang='lat' dir='ltr'>Vejentem,</span> <span class='ocrx_word' id='word_1_175' title='bbox 1027 1482 1157 1521; x_wconf 88' lang='lat' dir='ltr'>alieno</span> <span class='ocrx_word' id='word_1_176' title='bbox 1192 1495 1338 1536; x_wconf 88' lang='lat' dir='ltr'>pavore</span> <span class='ocrx_word' id='word_1_177' title='bbox 1359 1481 1601 1536; x_wconf 90' lang='lat' dir='ltr'>perculsum,</span> <span class='ocrx_word' id='word_1_178' title='bbox 1633 1482 1694 1522; x_wconf 85' lang='lat' dir='ltr'>fe-</span> 
     </span>
     <span class='ocr_line' id='line_1_25' title="bbox 393 1538 1697 1595; baseline 0.002 -17"><span class='ocrx_word' id='word_1_179' title='bbox 393 1539 524 1579; x_wconf 90' lang='lat' dir='ltr'>rocior</span> <span class='ocrx_word' id='word_1_180' title='bbox 545 1539 660 1579; x_wconf 87' lang='lat' dir='ltr'>redit.</span> <span class='ocrx_word' id='word_1_181' title='bbox 720 1539 810 1579; x_wconf 88' lang='lat' dir='ltr'>Nec</span> <span class='ocrx_word' id='word_1_182' title='bbox 829 1538 884 1578; x_wconf 88' lang='lat' dir='ltr'>illi</span> <span class='ocrx_word' id='word_1_183' title='bbox 905 1540 1032 1579; x_wconf 89' lang='lat' dir='ltr'>tulere</span> <span class='ocrx_word' id='word_1_184' title='bbox 1052 1539 1273 1592; x_wconf 82' lang='lat' dir='ltr'>impetum:</span> <span class='ocrx_word' id='word_1_185' title='bbox 1304 1539 1370 1579; x_wconf 88' lang='lat' dir='ltr'>sed</span> <span class='ocrx_word' id='word_1_186' title='bbox 1390 1539 1438 1580; x_wconf 86' lang='lat' dir='ltr'>ab</span> <span class='ocrx_word' id='word_1_187' title='bbox 1454 1539 1579 1580; x_wconf 67' lang='lat' dir='ltr'>effusa</span> <span class='ocrx_word' id='word_1_188' title='bbox 1598 1538 1697 1595; x_wconf 61' lang='lat' dir='ltr'>fuga</span> 
     </span>
     <span class='ocr_line' id='line_1_26' title="bbox 393 1594 1697 1654; baseline 0 -18"><span class='ocrx_word' id='word_1_189' title='bbox 393 1596 544 1636; x_wconf 87' lang='lat' dir='ltr'>flumen</span> <span class='ocrx_word' id='word_1_190' title='bbox 576 1596 785 1651; x_wconf 59' lang='lat' dir='ltr'>objefi&#39;tum</span> <span class='ocrx_word' id='word_1_191' title='bbox 804 1610 826 1635; x_wconf 87' lang='lat' dir='ltr'>a</span> <span class='ocrx_word' id='word_1_192' title='bbox 846 1605 958 1650; x_wconf 84' lang='lat' dir='ltr'>tergo</span> <span class='ocrx_word' id='word_1_193' title='bbox 993 1596 1163 1636; x_wconf 90' lang='lat' dir='ltr'>arcebat.</span> <span class='ocrx_word' id='word_1_194' title='bbox 1225 1594 1324 1654; x_wconf 70' lang='lat' dir='ltr'>Qb</span> <span class='ocrx_word' id='word_1_195' title='bbox 1352 1597 1563 1651; x_wconf 89' lang='lat' dir='ltr'>postquam</span> <span class='ocrx_word' id='word_1_196' title='bbox 1598 1595 1697 1652; x_wconf 84' lang='lat' dir='ltr'>fuga</span> 
     </span>
     <span class='ocr_line' id='line_1_27' title="bbox 394 1653 1695 1708; baseline 0.001 -15"><span class='ocrx_word' id='word_1_197' title='bbox 394 1654 624 1702; x_wconf 80' lang='lat' dir='ltr'>inclinavit3</span> <span class='ocrx_word' id='word_1_198' title='bbox 657 1654 739 1705; x_wconf 87' lang='lat' dir='ltr'>alii,</span> <span class='ocrx_word' id='word_1_199' title='bbox 759 1668 868 1693; x_wconf 84' lang='lat' dir='ltr'>arma</span> <span class='ocrx_word' id='word_1_200' title='bbox 889 1653 999 1693; x_wconf 65' lang='lat' dir='ltr'>foede*</span> <span class='ocrx_word' id='word_1_201' title='bbox 1016 1653 1233 1708; x_wconf 59' lang='lat' dir='ltr'>jactantes,</span> <span class='ocrx_word' id='word_1_202' title='bbox 1259 1654 1299 1692; x_wconf 92' lang='lat' dir='ltr'>in</span> <span class='ocrx_word' id='word_1_203' title='bbox 1317 1669 1462 1706; x_wconf 86' lang='lat' dir='ltr'>aquam</span> <span class='ocrx_word' id='word_1_204' title='bbox 1483 1654 1580 1694; x_wconf 81' lang='lat' dir='ltr'>caeci</span> <span class='ocrx_word' id='word_1_205' title='bbox 1601 1668 1695 1694; x_wconf 90' lang='lat' dir='ltr'>rue-</span> 
     </span>
     <span class='ocr_line' id='line_1_28' title="bbox 393 1711 1695 1766; baseline -0.001 -14"><span class='ocrx_word' id='word_1_206' title='bbox 393 1712 516 1760; x_wconf 80' lang='lat' dir='ltr'>bant3</span> <span class='ocrx_word' id='word_1_207' title='bbox 549 1711 629 1761; x_wconf 89' lang='lat' dir='ltr'>alii,</span> <span class='ocrx_word' id='word_1_208' title='bbox 650 1712 748 1751; x_wconf 89' lang='lat' dir='ltr'>dum</span> <span class='ocrx_word' id='word_1_209' title='bbox 766 1711 1010 1754; x_wconf 48' lang='lat' dir='ltr'>minitantur</span> <span class='ocrx_word' id='word_1_210' title='bbox 1027 1711 1068 1749; x_wconf 90' lang='lat' dir='ltr'>in</span> <span class='ocrx_word' id='word_1_211' title='bbox 1080 1711 1190 1764; x_wconf 86' lang='lat' dir='ltr'>ripis,</span> <span class='ocrx_word' id='word_1_212' title='bbox 1213 1711 1316 1750; x_wconf 90' lang='lat' dir='ltr'>inter</span> <span class='ocrx_word' id='word_1_213' title='bbox 1336 1711 1447 1766; x_wconf 84' lang='lat' dir='ltr'>fugae</span> <span class='ocrx_word' id='word_1_214' title='bbox 1464 1725 1695 1766; x_wconf 85' lang='lat' dir='ltr'>pugnaeque</span> 
     </span>
     <span class='ocr_line' id='line_1_29' title="bbox 394 1768 1695 1825; baseline -0.001 -15"><span class='ocrx_word' id='word_1_215' title='bbox 394 1770 603 1810; x_wconf 85' lang='lat' dir='ltr'>confilium</span> <span class='ocrx_word' id='word_1_216' title='bbox 630 1769 810 1823; x_wconf 86' lang='lat' dir='ltr'>oppreffi.</span> <span class='ocrx_word' id='word_1_217' title='bbox 870 1769 969 1809; x_wconf 90' lang='lat' dir='ltr'>Non</span> <span class='ocrx_word' id='word_1_218' title='bbox 998 1768 1073 1809; x_wconf 84' lang='lat' dir='ltr'>alia</span> <span class='ocrx_word' id='word_1_219' title='bbox 1100 1773 1192 1809; x_wconf 73' lang='lat' dir='ltr'>ante</span> <span class='ocrx_word' id='word_1_220' title='bbox 1214 1769 1401 1809; x_wconf 85' lang='lat' dir='ltr'>Romana</span> <span class='ocrx_word' id='word_1_221' title='bbox 1430 1783 1567 1825; x_wconf 82' lang='lat' dir='ltr'>pugna</span> <span class='ocrx_word' id='word_1_222' title='bbox 1588 1778 1695 1810; x_wconf 88' lang='lat' dir='ltr'>atro-</span> 
     </span>
     <span class='ocr_line' id='line_1_30' title="bbox 394 1826 592 1869; baseline -0.015 0"><span class='ocrx_word' id='word_1_223' title='bbox 394 1828 480 1869; x_wconf 88' lang='lat' dir='ltr'>cior</span> <span class='ocrx_word' id='word_1_224' title='bbox 501 1826 592 1866; x_wconf 89' lang='lat' dir='ltr'>fuit.</span> 
     </span>
    </p>

    <p class='ocr_par' dir='ltr' id='par_1_5' title="bbox 395 1883 1696 1996">
     <span class='ocr_line' id='line_1_31' title="bbox 453 1883 1695 1937; baseline -0.002 -12"><span class='ocrx_word' id='word_1_225' title='bbox 453 1884 654 1925; x_wconf 87' lang='lat' dir='ltr'>XXVIII.</span> <span class='ocrx_word' id='word_1_226' title='bbox 685 1884 797 1924; x_wconf 87' lang='lat' dir='ltr'>Tum</span> <span class='ocrx_word' id='word_1_227' title='bbox 819 1883 1003 1925; x_wconf 85' lang='lat' dir='ltr'>Albanus</span> <span class='ocrx_word' id='word_1_228' title='bbox 1031 1884 1247 1934; x_wconf 87' lang='lat' dir='ltr'>exercitus,</span> <span class='ocrx_word' id='word_1_229' title='bbox 1279 1883 1480 1937; x_wconf 57' lang='lat' dir='ltr'>specff’tator</span> <span class='ocrx_word' id='word_1_230' title='bbox 1507 1883 1695 1924; x_wconf 88' lang='lat' dir='ltr'>certami-</span> 
     </span>
     <span class='ocr_line' id='line_1_32' title="bbox 395 1941 1696 1996; baseline -0.001 -13"><span class='ocrx_word' id='word_1_231' title='bbox 395 1943 474 1994; x_wconf 85' lang='lat' dir='ltr'>nis,</span> <span class='ocrx_word' id='word_1_232' title='bbox 506 1942 705 1983; x_wconf 54' lang='lat' dir='ltr'>dedufffms</span> <span class='ocrx_word' id='word_1_233' title='bbox 725 1943 767 1982; x_wconf 88' lang='lat' dir='ltr'>in</span> <span class='ocrx_word' id='word_1_234' title='bbox 799 1956 975 1996; x_wconf 87' lang='lat' dir='ltr'>campos.</span> <span class='ocrx_word' id='word_1_235' title='bbox 1037 1942 1198 1983; x_wconf 86' lang='lat' dir='ltr'>Mettus</span> <span class='ocrx_word' id='word_1_236' title='bbox 1213 1942 1338 1982; x_wconf 90' lang='lat' dir='ltr'>Tullo</span> <span class='ocrx_word' id='word_1_237' title='bbox 1360 1941 1540 1982; x_wconf 60' lang='lat' dir='ltr'>devifi&#39;oeS</span> <span class='ocrx_word' id='word_1_238' title='bbox 1560 1941 1696 1982; x_wconf 78' lang='lat' dir='ltr'>hostes</span> 
     </span>
    </p>
   </div>
   <div class='ocr_carea' id='block_1_5' title="bbox 394 2056 1699 2770">
    <p class='ocr_par' dir='ltr' id='par_1_6' title="bbox 394 2056 1699 2770">
     <span class='ocr_line' id='line_1_33' title="bbox 395 2056 1697 2099; baseline -0.002 -8"><span class='ocrx_word' id='word_1_239' title='bbox 395 2067 487 2092; x_wconf 83' lang='lat' dir='ltr'>erant</span> <span class='ocrx_word' id='word_1_240' title='bbox 500 2071 519 2090; x_wconf 84' lang='lat' dir='ltr'>a</span> <span class='ocrx_word' id='word_1_241' title='bbox 530 2059 629 2090; x_wconf 87' lang='lat' dir='ltr'>latere</span> <span class='ocrx_word' id='word_1_242' title='bbox 641 2059 755 2090; x_wconf 84' lang='lat' dir='ltr'>dextro</span> <span class='ocrx_word' id='word_1_243' title='bbox 771 2057 927 2089; x_wconf 74' lang='lat' dir='ltr'>exercitfis</span> <span class='ocrx_word' id='word_1_244' title='bbox 943 2056 1072 2088; x_wconf 75' lang='lat' dir='ltr'>Albani.</span> <span class='ocrx_word' id='word_1_245' title='bbox 1096 2059 1131 2088; x_wconf 88' lang='lat' dir='ltr'>E.</span> <span class='ocrx_word' id='word_1_246' title='bbox 1176 2057 1232 2099; x_wconf 90' lang='lat'>(8)</span> <span class='ocrx_word' id='word_1_247' title='bbox 1257 2061 1274 2076; x_wconf 93' lang='lat'><strong>“</strong></span> <span class='ocrx_word' id='word_1_248' title='bbox 1298 2059 1387 2089; x_wconf 85' lang='lat' dir='ltr'>Stare</span> <span class='ocrx_word' id='word_1_249' title='bbox 1401 2058 1512 2099; x_wconf 83' lang='lat' dir='ltr'>jubet3</span> <span class='ocrx_word' id='word_1_250' title='bbox 1536 2057 1592 2089; x_wconf 87' lang='lat' dir='ltr'>ubi</span> <span class='ocrx_word' id='word_1_251' title='bbox 1609 2057 1697 2089; x_wconf 84' lang='lat' dir='ltr'>enim</span> 
     </span>
     <span class='ocr_line' id='line_1_34' title="bbox 395 2102 1698 2146; baseline -0.002 -11"><span class='ocrx_word' id='word_1_252' title='bbox 395 2115 508 2146; x_wconf 78' lang='lat' dir='ltr'>agmen</span> <span class='ocrx_word' id='word_1_253' title='bbox 522 2104 646 2141; x_wconf 78' lang='lat' dir='ltr'>sistitur,</span> <span class='ocrx_word' id='word_1_254' title='bbox 655 2103 743 2134; x_wconf 86' lang='lat' dir='ltr'>miles</span> <span class='ocrx_word' id='word_1_255' title='bbox 760 2111 790 2133; x_wconf 86' lang='lat' dir='ltr'>et</span> <span class='ocrx_word' id='word_1_256' title='bbox 808 2114 925 2144; x_wconf 86' lang='lat' dir='ltr'>corpus</span> <span class='ocrx_word' id='word_1_257' title='bbox 938 2110 969 2133; x_wconf 88' lang='lat' dir='ltr'>et</span> <span class='ocrx_word' id='word_1_258' title='bbox 986 2103 1105 2133; x_wconf 83' lang='lat' dir='ltr'>hastam</span> <span class='ocrx_word' id='word_1_259' title='bbox 1121 2102 1242 2144; x_wconf 84' lang='lat' dir='ltr'>erigit.&#39;&#39;</span> <span class='ocrx_word' id='word_1_260' title='bbox 1266 2102 1316 2134; x_wconf 89' lang='lat' dir='ltr'>Sic</span> <span class='ocrx_word' id='word_1_261' title='bbox 1330 2102 1530 2135; x_wconf 84' lang='lat' dir='ltr'>Crevierius:</span> <span class='ocrx_word' id='word_1_262' title='bbox 1545 2102 1598 2133; x_wconf 91' lang='lat' dir='ltr'>sed</span> <span class='ocrx_word' id='word_1_263' title='bbox 1610 2103 1698 2134; x_wconf 86' lang='lat' dir='ltr'>malo</span> 
     </span>
     <span class='ocr_line' id='line_1_35' title="bbox 394 2146 1696 2190; baseline -0.002 -10"><span class='ocrx_word' id='word_1_264' title='bbox 394 2160 508 2180; x_wconf 84' lang='lat' dir='ltr'>vocem</span> <span class='ocrx_word' id='word_1_265' title='bbox 529 2148 705 2190; x_wconf 85' lang='lat' dir='ltr'>intelligere</span> <span class='ocrx_word' id='word_1_266' title='bbox 728 2149 768 2178; x_wconf 84' lang='lat' dir='ltr'>de</span> <span class='ocrx_word' id='word_1_267' title='bbox 784 2148 911 2178; x_wconf 86' lang='lat' dir='ltr'>ascensu</span> <span class='ocrx_word' id='word_1_268' title='bbox 933 2147 1054 2178; x_wconf 83' lang='lat' dir='ltr'>Albani</span> <span class='ocrx_word' id='word_1_269' title='bbox 1085 2147 1242 2178; x_wconf 82' lang='lat' dir='ltr'>exercitus</span> <span class='ocrx_word' id='word_1_270' title='bbox 1268 2146 1303 2178; x_wconf 84' lang='lat' dir='ltr'>in</span> <span class='ocrx_word' id='word_1_271' title='bbox 1330 2147 1449 2178; x_wconf 85' lang='lat' dir='ltr'>clivum</span> <span class='ocrx_word' id='word_1_272' title='bbox 1474 2146 1601 2178; x_wconf 86' lang='lat' dir='ltr'>montis.</span> <span class='ocrx_word' id='word_1_273' title='bbox 1639 2148 1696 2177; x_wconf 89' lang='lat' dir='ltr'>Ad</span> 
     </span>
     <span class='ocr_line' id='line_1_36' title="bbox 395 2191 1697 2234; baseline -0.002 -10"><span class='ocrx_word' id='word_1_274' title='bbox 395 2202 518 2224; x_wconf 83' lang='lat' dir='ltr'>montes</span> <span class='ocrx_word' id='word_1_275' title='bbox 532 2193 638 2234; x_wconf 77' lang='lat' dir='ltr'>primo</span> <span class='ocrx_word' id='word_1_276' title='bbox 654 2192 764 2224; x_wconf 78' lang='lat' dir='ltr'>sensim</span> <span class='ocrx_word' id='word_1_277' title='bbox 781 2192 1105 2233; x_wconf 81' lang='lat' dir='ltr'>appropinquarunt3</span> <span class='ocrx_word' id='word_1_278' title='bbox 1129 2191 1213 2227; x_wconf 90' lang='lat' dir='ltr'>dein,</span> <span class='ocrx_word' id='word_1_279' title='bbox 1238 2191 1294 2222; x_wconf 91' lang='lat' dir='ltr'>ubi</span> <span class='ocrx_word' id='word_1_280' title='bbox 1311 2191 1383 2223; x_wconf 86' lang='lat' dir='ltr'>satis</span> <span class='ocrx_word' id='word_1_281' title='bbox 1399 2203 1417 2222; x_wconf 90' lang='lat' dir='ltr'>a</span> <span class='ocrx_word' id='word_1_282' title='bbox 1443 2193 1592 2222; x_wconf 89' lang='lat' dir='ltr'>Romano</span> <span class='ocrx_word' id='word_1_283' title='bbox 1608 2202 1697 2222; x_wconf 82' lang='lat' dir='ltr'>exer-</span> 
     </span>
     <span class='ocr_line' id='line_1_37' title="bbox 395 2235 1697 2278; baseline -0.002 -9"><span class='ocrx_word' id='word_1_284' title='bbox 395 2238 462 2269; x_wconf 86' lang='lat' dir='ltr'>citu</span> <span class='ocrx_word' id='word_1_285' title='bbox 480 2237 631 2269; x_wconf 86' lang='lat' dir='ltr'>receffurn</span> <span class='ocrx_word' id='word_1_286' title='bbox 653 2237 705 2275; x_wconf 87' lang='lat' dir='ltr'>est,</span> <span class='ocrx_word' id='word_1_287' title='bbox 727 2236 873 2268; x_wconf 89' lang='lat' dir='ltr'>celeriori</span> <span class='ocrx_word' id='word_1_288' title='bbox 888 2237 989 2278; x_wconf 83' lang='lat' dir='ltr'>gradu</span> <span class='ocrx_word' id='word_1_289' title='bbox 1006 2243 1131 2266; x_wconf 82' lang='lat' dir='ltr'>montes</span> <span class='ocrx_word' id='word_1_290' title='bbox 1147 2237 1330 2267; x_wconf 84' lang='lat' dir='ltr'>ascendunt.</span> <span class='ocrx_word' id='word_1_291' title='bbox 1354 2235 1403 2266; x_wconf 89' lang='lat' dir='ltr'>Sic</span> <span class='ocrx_word' id='word_1_292' title='bbox 1419 2235 1506 2267; x_wconf 70' lang='lat' dir='ltr'>infra</span> <span class='ocrx_word' id='word_1_293' title='bbox 1521 2236 1540 2266; x_wconf 91' lang='lat' dir='ltr'>l.</span> <span class='ocrx_word' id='word_1_294' title='bbox 1558 2245 1586 2274; x_wconf 89' lang='lat'>3.</span> <span class='ocrx_word' id='word_1_295' title='bbox 1603 2247 1629 2266; x_wconf 89' lang='lat' dir='ltr'>c.</span> <span class='ocrx_word' id='word_1_296' title='bbox 1647 2236 1697 2267; x_wconf 87' lang='lat'>18.</span> 
     </span>
     <span class='ocr_line' id='line_1_38' title="bbox 395 2280 1698 2324; baseline -0.001 -11"><span class='ocrx_word' id='word_1_297' title='bbox 395 2287 423 2313; x_wconf 78' lang='lat' dir='ltr'>in</span> <span class='ocrx_word' id='word_1_298' title='bbox 446 2286 547 2313; x_wconf 77' lang='lat' dir='ltr'><em>clivum</em></span> <span class='ocrx_word' id='word_1_299' title='bbox 567 2284 750 2324; x_wconf 67' lang='lat' dir='ltr'>Capitolinum</span> <span class='ocrx_word' id='word_1_300' title='bbox 778 2284 861 2323; x_wconf 76' lang='lat' dir='ltr'>erigit</span> <span class='ocrx_word' id='word_1_301' title='bbox 888 2284 981 2312; x_wconf 80' lang='lat' dir='ltr'><em>aciem.</em></span> <span class='ocrx_word' id='word_1_302' title='bbox 1003 2289 1034 2312; x_wconf 87' lang='lat' dir='ltr'>et</span> <span class='ocrx_word' id='word_1_303' title='bbox 1052 2280 1103 2311; x_wconf 75' lang='lat' dir='ltr'>Sil.</span> <span class='ocrx_word' id='word_1_304' title='bbox 1121 2290 1149 2319; x_wconf 83' lang='lat'>3.</span> <span class='ocrx_word' id='word_1_305' title='bbox 1165 2290 1240 2320; x_wconf 77' lang='lat'>512.</span> <span class='ocrx_word' id='word_1_306' title='bbox 1269 2294 1364 2322; x_wconf 79' lang='lat' dir='ltr'>agmen</span> <span class='ocrx_word' id='word_1_307' title='bbox 1377 2283 1405 2310; x_wconf 82' lang='lat' dir='ltr'>in</span> <span class='ocrx_word' id='word_1_308' title='bbox 1421 2283 1511 2310; x_wconf 86' lang='lat' dir='ltr'>collem</span> <span class='ocrx_word' id='word_1_309' title='bbox 1527 2283 1639 2322; x_wconf 78' lang='lat' dir='ltr'>erigere.</span> <span class='ocrx_word' id='word_1_310' title='bbox 1662 2282 1698 2312; x_wconf 83' lang='grc' dir='ltr'>Ε.</span> 
     </span>
     <span class='ocr_line' id='line_1_39' title="bbox 395 2324 1697 2369; baseline -0.002 -11"><span class='ocrx_word' id='word_1_311' title='bbox 395 2328 452 2369; x_wconf 79' lang='lat'>(9)</span> <span class='ocrx_word' id='word_1_312' title='bbox 476 2328 521 2358; x_wconf 82' lang='lat' dir='ltr'>Hi</span> <span class='ocrx_word' id='word_1_313' title='bbox 537 2326 754 2369; x_wconf 67' lang='lat' dir='ltr'>cognominati</span> <span class='ocrx_word' id='word_1_314' title='bbox 771 2327 843 2358; x_wconf 83' lang='lat' dir='ltr'>sunt</span> <span class='ocrx_word' id='word_1_315' title='bbox 861 2328 998 2368; x_wconf 81' lang='lat' dir='ltr'>Agonales</span> <span class='ocrx_word' id='word_1_316' title='bbox 1016 2326 1068 2356; x_wconf 86' lang='lat' dir='ltr'>seu</span> <span class='ocrx_word' id='word_1_317' title='bbox 1082 2328 1192 2367; x_wconf 77' lang='lat' dir='ltr'>Agonen</span> <span class='ocrx_word' id='word_1_318' title='bbox 1205 2340 1242 2362; x_wconf 84' lang='lat' dir='ltr'>es,</span> <span class='ocrx_word' id='word_1_319' title='bbox 1264 2333 1295 2356; x_wconf 83' lang='lat' dir='ltr'>et</span> <span class='ocrx_word' id='word_1_320' title='bbox 1315 2327 1421 2356; x_wconf 78' lang='lat' dir='ltr'>Collini.</span> <span class='ocrx_word' id='word_1_321' title='bbox 1457 2324 1531 2356; x_wconf 76' lang='lat' dir='ltr'>Salii</span> <span class='ocrx_word' id='word_1_322' title='bbox 1548 2333 1655 2356; x_wconf 84' lang='lat' dir='ltr'>autem</span> <span class='ocrx_word' id='word_1_323' title='bbox 1677 2336 1697 2356; x_wconf 80' lang='lat' dir='ltr'>a</span> 
     </span>
     <span class='ocr_line' id='line_1_40' title="bbox 396 2369 1699 2411; baseline -0.002 -8"><span class='ocrx_word' id='word_1_324' title='bbox 396 2373 504 2403; x_wconf 54' lang='lat' dir='ltr'>Num&amp;</span> <span class='ocrx_word' id='word_1_325' title='bbox 521 2371 655 2403; x_wconf 88' lang='lat' dir='ltr'>instituti</span> <span class='ocrx_word' id='word_1_326' title='bbox 684 2374 814 2402; x_wconf 70' lang='lat' dir='ltr'>Palatini</span> <span class='ocrx_word' id='word_1_327' title='bbox 829 2371 1027 2402; x_wconf 86' lang='lat' dir='ltr'>dicebantur.</span> <span class='ocrx_word' id='word_1_328' title='bbox 1075 2369 1202 2401; x_wconf 73' lang='lat' dir='ltr'>Servius</span> <span class='ocrx_word' id='word_1_329' title='bbox 1230 2370 1316 2401; x_wconf 90' lang='lat' dir='ltr'>hunc</span> <span class='ocrx_word' id='word_1_330' title='bbox 1341 2370 1449 2401; x_wconf 90' lang='lat' dir='ltr'>locum</span> <span class='ocrx_word' id='word_1_331' title='bbox 1476 2370 1516 2400; x_wconf 87' lang='lat' dir='ltr'>fic</span> <span class='ocrx_word' id='word_1_332' title='bbox 1536 2369 1699 2411; x_wconf 83' lang='lat' dir='ltr'>intelligit,</span> 
     </span>
     <span class='ocr_line' id='line_1_41' title="bbox 395 2413 1695 2453; baseline -0.002 -5"><span class='ocrx_word' id='word_1_333' title='bbox 395 2418 530 2448; x_wconf 85' lang='lat' dir='ltr'>Tullum</span> <span class='ocrx_word' id='word_1_334' title='bbox 547 2416 666 2448; x_wconf 85' lang='lat' dir='ltr'>Pallori</span> <span class='ocrx_word' id='word_1_335' title='bbox 683 2424 713 2447; x_wconf 88' lang='lat' dir='ltr'>et</span> <span class='ocrx_word' id='word_1_336' title='bbox 731 2416 859 2453; x_wconf 85' lang='lat' dir='ltr'>Pavori,</span> <span class='ocrx_word' id='word_1_337' title='bbox 870 2427 936 2446; x_wconf 90' lang='lat' dir='ltr'>non</span> <span class='ocrx_word' id='word_1_338' title='bbox 953 2415 1080 2447; x_wconf 74' lang='lat' dir='ltr'>tantum</span> <span class='ocrx_word' id='word_1_339' title='bbox 1096 2417 1180 2450; x_wconf 86' lang='lat' dir='ltr'>fana,</span> <span class='ocrx_word' id='word_1_340' title='bbox 1205 2415 1258 2446; x_wconf 77' lang='lat' dir='ltr'>sed</span> <span class='ocrx_word' id='word_1_341' title='bbox 1270 2414 1367 2446; x_wconf 86' lang='lat' dir='ltr'>etiam</span> <span class='ocrx_word' id='word_1_342' title='bbox 1383 2414 1482 2445; x_wconf 84' lang='lat' dir='ltr'>Salios</span> <span class='ocrx_word' id='word_1_343' title='bbox 1499 2413 1640 2452; x_wconf 83' lang='lat' dir='ltr'>voviffe;</span> <span class='ocrx_word' id='word_1_344' title='bbox 1662 2422 1695 2445; x_wconf 91' lang='lat' dir='ltr'>et</span> 
     </span>
     <span class='ocr_line' id='line_1_42' title="bbox 396 2458 1696 2501; baseline -0.003 -8"><span class='ocrx_word' id='word_1_345' title='bbox 396 2462 494 2493; x_wconf 85' lang='lat' dir='ltr'>Salios</span> <span class='ocrx_word' id='word_1_346' title='bbox 511 2463 569 2493; x_wconf 90' lang='lat' dir='ltr'>hos</span> <span class='ocrx_word' id='word_1_347' title='bbox 585 2461 730 2492; x_wconf 87' lang='lat' dir='ltr'>nominat</span> <span class='ocrx_word' id='word_1_348' title='bbox 748 2464 885 2491; x_wconf 72' lang='lat' dir='ltr'>Pallorios</span> <span class='ocrx_word' id='word_1_349' title='bbox 903 2468 934 2492; x_wconf 89' lang='lat' dir='ltr'>et</span> <span class='ocrx_word' id='word_1_350' title='bbox 952 2462 1099 2492; x_wconf 58' lang='lat' dir='ltr'>Pavor-ios.</span> <span class='ocrx_word' id='word_1_351' title='bbox 1144 2459 1223 2501; x_wconf 90' lang='lat'>(10)</span> <span class='ocrx_word' id='word_1_352' title='bbox 1246 2461 1385 2501; x_wconf 87' lang='lat' dir='ltr'>Imperat</span> <span class='ocrx_word' id='word_1_353' title='bbox 1402 2460 1441 2490; x_wconf 82' lang='lat' dir='ltr'>sc.</span> <span class='ocrx_word' id='word_1_354' title='bbox 1458 2470 1512 2490; x_wconf 83' lang='lat' dir='ltr'>rex</span> <span class='ocrx_word' id='word_1_355' title='bbox 1528 2461 1621 2500; x_wconf 86' lang='lat' dir='ltr'>equiti,</span> <span class='ocrx_word' id='word_1_356' title='bbox 1639 2458 1696 2499; x_wconf 91' lang='lat' dir='ltr'>qui</span> 
     </span>
     <span class='ocr_line' id='line_1_43' title="bbox 395 2504 1695 2546; baseline -0.003 -8"><span class='ocrx_word' id='word_1_357' title='bbox 395 2507 607 2539; x_wconf 86' lang='lat' dir='ltr'>nunciaverat</span> <span class='ocrx_word' id='word_1_358' title='bbox 632 2505 741 2537; x_wconf 80' lang='lat' dir='ltr'>abiiffe</span> <span class='ocrx_word' id='word_1_359' title='bbox 752 2506 908 2542; x_wconf 86' lang='lat' dir='ltr'>Albanos,</span> <span class='ocrx_word' id='word_1_360' title='bbox 931 2512 966 2535; x_wconf 83' lang='lat' dir='ltr'>ut</span> <span class='ocrx_word' id='word_1_361' title='bbox 982 2505 1091 2545; x_wconf 87' lang='lat' dir='ltr'>jubeat</span> <span class='ocrx_word' id='word_1_362' title='bbox 1110 2505 1168 2535; x_wconf 69' lang='grc' dir='ltr'>δερ.</span> <span class='ocrx_word' id='word_1_363' title='bbox 1194 2504 1301 2546; x_wconf 86' lang='lat' dir='ltr'>Magis</span> <span class='ocrx_word' id='word_1_364' title='bbox 1323 2512 1430 2535; x_wconf 90' lang='lat' dir='ltr'>tamen</span> <span class='ocrx_word' id='word_1_365' title='bbox 1448 2504 1586 2545; x_wconf 86' lang='lat' dir='ltr'>placeret</span> <span class='ocrx_word' id='word_1_366' title='bbox 1602 2506 1695 2539; x_wconf 73' lang='lat' dir='ltr'>eidem,</span> 
     </span>
     <span class='ocr_line' id='line_1_44' title="bbox 395 2547 1695 2590; baseline -0.004 -7"><span class='ocrx_word' id='word_1_367' title='bbox 395 2552 418 2583; x_wconf 83' lang='lat' dir='ltr'>fi</span> <span class='ocrx_word' id='word_1_368' title='bbox 443 2552 590 2583; x_wconf 89' lang='lat' dir='ltr'>codicum</span> <span class='ocrx_word' id='word_1_369' title='bbox 615 2551 790 2582; x_wconf 59' lang='lat' dir='ltr'>audi-oritas</span> <span class='ocrx_word' id='word_1_370' title='bbox 817 2552 989 2582; x_wconf 81' lang='lat' dir='ltr'>accederet.</span> <span class='ocrx_word' id='word_1_371' title='bbox 1034 2549 1112 2590; x_wconf 91' lang='lat'>(11)</span> <span class='ocrx_word' id='word_1_372' title='bbox 1137 2549 1300 2581; x_wconf 82' lang='lat' dir='ltr'>Fidenates</span> <span class='ocrx_word' id='word_1_373' title='bbox 1317 2557 1343 2579; x_wconf 77' lang='lat' dir='ltr'>et</span> <span class='ocrx_word' id='word_1_374' title='bbox 1354 2559 1467 2580; x_wconf 84' lang='lat' dir='ltr'>vocem</span> <span class='ocrx_word' id='word_1_375' title='bbox 1482 2547 1571 2579; x_wconf 88' lang='lat' dir='ltr'>Tulli</span> <span class='ocrx_word' id='word_1_376' title='bbox 1587 2547 1695 2579; x_wconf 85' lang='lat' dir='ltr'>audie-</span> 
     </span>
     <span class='ocr_line' id='line_1_45' title="bbox 395 2591 1694 2635; baseline -0.002 -8"><span class='ocrx_word' id='word_1_377' title='bbox 395 2604 479 2632; x_wconf 86' lang='lat' dir='ltr'>rant,</span> <span class='ocrx_word' id='word_1_378' title='bbox 505 2604 570 2627; x_wconf 81' lang='lat' dir='ltr'>tam</span> <span class='ocrx_word' id='word_1_379' title='bbox 587 2596 672 2627; x_wconf 86' lang='lat' dir='ltr'>clara</span> <span class='ocrx_word' id='word_1_380' title='bbox 688 2595 769 2633; x_wconf 79' lang='lat' dir='ltr'>fuit3</span> <span class='ocrx_word' id='word_1_381' title='bbox 791 2603 816 2625; x_wconf 77' lang='lat' dir='ltr'>et</span> <span class='ocrx_word' id='word_1_382' title='bbox 832 2595 931 2626; x_wconf 84' lang='lat' dir='ltr'>verba</span> <span class='ocrx_word' id='word_1_383' title='bbox 947 2594 1014 2635; x_wconf 83' lang='lat' dir='ltr'>ejus</span> <span class='ocrx_word' id='word_1_384' title='bbox 1037 2594 1270 2631; x_wconf 76' lang='lat' dir='ltr'>intellexerant,</span> <span class='ocrx_word' id='word_1_385' title='bbox 1293 2593 1368 2634; x_wconf 87' lang='lat' dir='ltr'>quia</span> <span class='ocrx_word' id='word_1_386' title='bbox 1384 2593 1526 2635; x_wconf 88' lang='lat' dir='ltr'>linguam</span> <span class='ocrx_word' id='word_1_387' title='bbox 1541 2591 1694 2631; x_wconf 74' lang='lat' dir='ltr'>Latinam</span> 
     </span>
     <span class='ocr_line' id='line_1_46' title="bbox 395 2636 1694 2680; baseline -0.003 -8"><span class='ocrx_word' id='word_1_388' title='bbox 395 2641 562 2672; x_wconf 81' lang='lat' dir='ltr'>callebant.</span> <span class='ocrx_word' id='word_1_389' title='bbox 586 2642 620 2671; x_wconf 89' lang='lat' dir='ltr'>E.</span> <span class='ocrx_word' id='word_1_390' title='bbox 666 2640 744 2680; x_wconf 86' lang='lat'>(12)</span> <span class='ocrx_word' id='word_1_391' title='bbox 768 2640 842 2671; x_wconf 60' lang='lat' dir='ltr'>Una</span> <span class='ocrx_word' id='word_1_392' title='bbox 866 2651 940 2671; x_wconf 86' lang='lat' dir='ltr'>cum</span> <span class='ocrx_word' id='word_1_393' title='bbox 957 2639 1110 2670; x_wconf 83' lang='lat' dir='ltr'>Romanis</span> <span class='ocrx_word' id='word_1_394' title='bbox 1126 2638 1277 2680; x_wconf 84' lang='lat' dir='ltr'>adscripti</span> <span class='ocrx_word' id='word_1_395' title='bbox 1302 2639 1385 2675; x_wconf 90' lang='lat' dir='ltr'>sunt,</span> <span class='ocrx_word' id='word_1_396' title='bbox 1407 2638 1538 2679; x_wconf 87' lang='lat' dir='ltr'>quando</span> <span class='ocrx_word' id='word_1_397' title='bbox 1562 2636 1694 2668; x_wconf 78' lang='lat' dir='ltr'>Fidenas</span> 
     </span>
     <span class='ocr_line' id='line_1_47' title="bbox 397 2680 1694 2727; baseline -0.002 -11"><span class='ocrx_word' id='word_1_398' title='bbox 397 2685 523 2716; x_wconf 79' lang='lat' dir='ltr'>colonia</span> <span class='ocrx_word' id='word_1_399' title='bbox 540 2685 600 2716; x_wconf 86' lang='lat' dir='ltr'>fuit</span> <span class='ocrx_word' id='word_1_400' title='bbox 624 2686 784 2722; x_wconf 61' lang='lat' dir='ltr'>deduch3</span> <span class='ocrx_word' id='word_1_401' title='bbox 808 2685 954 2724; x_wconf 56' lang='lat' dir='ltr'>ideoque,</span> <span class='ocrx_word' id='word_1_402' title='bbox 981 2692 1115 2727; x_wconf 87' lang='lat' dir='ltr'>propter</span> <span class='ocrx_word' id='word_1_403' title='bbox 1138 2683 1366 2718; x_wconf 85' lang='lat' dir='ltr'>commercium</span> <span class='ocrx_word' id='word_1_404' title='bbox 1383 2683 1548 2715; x_wconf 83' lang='lat' dir='ltr'>Fidenates</span> <span class='ocrx_word' id='word_1_405' title='bbox 1561 2680 1645 2712; x_wconf 88' lang='lat' dir='ltr'>inter</span> <span class='ocrx_word' id='word_1_406' title='bbox 1661 2689 1694 2712; x_wconf 85' lang='lat' dir='ltr'>et</span> 
     </span>
     <span class='ocr_line' id='line_1_48' title="bbox 396 2730 1019 2770; baseline -0.002 -7"><span class='ocrx_word' id='word_1_407' title='bbox 396 2733 559 2764; x_wconf 80' lang='lat' dir='ltr'>Romanos</span> <span class='ocrx_word' id='word_1_408' title='bbox 576 2731 717 2770; x_wconf 85' lang='lat' dir='ltr'>colonos,</span> <span class='ocrx_word' id='word_1_409' title='bbox 739 2730 854 2764; x_wconf 68' lang='lat' dir='ltr'>Latine</span> <span class='ocrx_word' id='word_1_410' title='bbox 870 2730 1019 2763; x_wconf 70' lang='lat' dir='ltr'>sciebant.</span> 
     </span>
    </p>
   </div>
   <div class='ocr_carea' id='block_1_6' title="bbox 1447 2770 1693 2828">
    <p class='ocr_par' dir='ltr' id='par_1_7' title="bbox 1447 2770 1693 2828">
     <span class='ocr_line' id='line_1_49' title="bbox 1447 2770 1693 2828; baseline 0.004 -17"><span class='ocrx_word' id='word_1_411' title='bbox 1447 2770 1668 2828; x_wconf 81' lang='lat' dir='ltr'>gratulatur</span> <span class='ocrx_word' id='word_1_412' title='bbox 1683 2785 1693 2812; x_wconf 74' lang='grc' dir='ltr'>ε</span> 
     </span>
    </p>
   </div>
   <div class='ocr_carea' id='block_1_7' title="bbox 1857 554 1905 3168">
    <p class='ocr_par' dir='ltr' id='par_1_8' title="bbox 1857 554 1905 3168">
     <span class='ocr_line' id='line_1_50' title="bbox 1857 554 1905 3168; baseline 0 0"><span class='ocrx_word' id='word_1_413' title='bbox 1857 554 1905 3168; x_wconf 95' lang='lat' dir='ltr'> </span> 
     </span>
    </p>
   </div>
  </div>
 </body>
</html>
