1832 3137
398 270 770 313 LIBERI.
831 275 1014 318 CAP.
1074 278 1223 322 XLIII.

171 390 313 435 praeter
343 382 495 423 hastam
530 384 571 423 &
605 385 666 437 (7)
700 392 886 423 verutum
918 386 1068 426 datum.
1129 389 1289 448 Qinta'
1322 390 1448 436 classis

171 440 289 480 auaa
319 442 395 494 (8),
425 440 614 479 centuriae
655 440 815 494 triginta
851 441 996 483 faGtae:
1037 444 1181 487 fundas
1221 450 1445 505 lapidesque

172 497 326 536 missiles
346 496 387 535 hi
409 496 542 536 secum
573 497 772 551 gerebant.
807 498 848 536 in
879 499 941 539 his
963 504 1023 555 (9)
1045 505 1193 543 accensi
1224 509 1446 550 cornicines

170 553 441 606 tubicinesque
463 557 569 608 (10),
591 554 632 592 in
653 564 731 594 tres
753 556 949 595 centurias
972 558 1179 600 distributi.
1239 565 1444 606 Undecim

171 609 345 651 millibus
365 611 450 650 haec
473 611 596 650 claffis
616 611 859 651 censebatur.
919 614 1011 654 Hoc
1043 617 1172 656 minor
1196 621 1334 661 census
1355 624 1447 662 reli-

168 680 290 720 quam
320 669 620 712 multitudinem
651 669 802 708 habuit.
837 670 931 710 inde
950 685 1028 711 una
1048 676 1225 716 centuria
1247 677 1352 718 faeta
1374 681 1444 729 est,

1256 749 1445 777 immunis

167 840 266 880 usque
297 841 338 873 ad
376 841 611 884 quinquaginta
648 842 785 874 millium
815 844 950 876 censum.
994 847 1009 888 (
1017 846 1050 887 7)
1071 848 1219 890 Jaculum
1245 850 1350 882 breve.
1395 853 1444 884 Sic

165 886 241 927 hqsta
261 887 380 927 &gaefiz
406 887 462 918 uni
489 887 656 928 eidemque
682 889 776 919 militi
804 891 933 928 dantur,
952 890 974 920 1.
995 892 1021 921 8.
1039 904 1063 923 c,
1081 893 1108 923 8.
1153 897 1328 926 Armatura
1345 897 1448 928 claffis

166 937 286 968 quartae
302 930 404 961 levior
420 929 516 971 quam
533 933 700 973 priorum3
723 944 781 964 nec
801 942 906 965 tamen
930 936 970 965 ad
986 935 1089 967 levem
1102 948 1296 970 armaturam
1313 942 1444 983 proprie

164 972 286 1004 dietam
301 974 482 1016 pertinebat
496 987 502 1005 τ
528 978 602 1020 hqsta
619 977 704 1008 enim
717 978 792 1008 data
804 980 844 1009 ad
867 980 1010 1010 cominus
1027 984 1243 1023 pugnandum.
1284 986 1336 1026 (8)
1349 989 1445 1016 Aafm

164 1017 204 1048 sc.
219 1029 355 1050 numero
378 1021 596 1051 centuriarum
620 1022 710 1062 super
743 1029 806 1053 tres
835 1023 965 1063 priores.
1000 1027 1033 1055 E.
1079 1028 1133 1067 (9)
1156 1029 1210 1058 Ad
1233 1029 1445 1062 hunciocum

163 1062 262 1093 variae
277 1064 350 1095 sunt
366 1063 579 1105 interpretum
603 1066 788 1107 opiniones:
814 1068 910 1098 nullae
934 1076 1040 1100 tamen
1065 1082 1135 1111 quae
1160 1072 1211 1103 vel
1234 1073 1288 1103 fibi
1307 1075 1358 1105 vel
1374 1075 1445 1106 aliis

163 1106 236 1138 satis
260 1115 350 1139 certae
367 1108 528 1140 videntur.
574 1113 693 1141 Omnes
721 1111 786 1141 fere
801 1112 983 1154 intelligunt
1001 1115 1054 1146 Las
1072 1123 1135 1146 tres
1152 1117 1311 1149 centurias
1335 1131 1373 1150 ex
1387 1123 1442 1150 tri-

155 1153 228 1192 plici
243 1151 410 1183 hominum
431 1164 545 1195 genere
566 1155 743 1193 constitisse,
764 1156 908 1194 accensis,
930 1159 1157 1198 cornicinibus,
1181 1162 1211 1191 &
1239 1162 1443 1195 tubicinibus.

162 1195 223 1227 Sed
239 1196 370 1237 quinam
386 1197 420 1227 hi
445 1198 505 1229 fint
527 1201 626 1242 accerfi
652 1210 767 1240 parum
795 1200 924 1239 constat,
949 1204 979 1232 ὃς
1004 1204 1125 1235 nullam
1151 1216 1263 1237 eorum
1285 1207 1345 1239 hoc
1370 1208 1441 1239 loco

162 1241 358 1271 mentionem
384 1242 461 1273 facit
477 1244 656 1287 Dionysius.
702 1247 812 1288 Acceaegfi
844 1246 973 1285 quidem
995 1251 1084 1280 fuere
1108 1250 1222 1281 milites
1243 1252 1442 1293 adscriptitii,

161 1284 219 1325 qui
234 1285 411 1327 legionibus
427 1288 583 1319 accenseri
612 1289 759 1325 solerent,
781 1297 816 1319 ut
844 1289 878 1320 in
903 1292 1147 1325 demortuorum
1169 1295 1275 1326 locum
1291 1297 1441 1338 subroga-

160 1337 294 1367 rentur3
316 1329 446 1361 interim
461 1332 546 1363 inter
563 1332 676 1364 leviter
690 1342 828 1364 armatos
845 1336 1028 1376 pugnaturi.
1074 1339 1143 1368 Hos
1156 1348 1310 1371 memorat
1327 1342 1439 1373 Livius

159 1373 180 1404 l.
195 1374 222 1405 8.
246 1385 271 1405 c.
285 1375 314 1406 8.
359 1377 406 1405 Ex
427 1376 474 1407 his
492 1387 620 1417 quoque
637 1378 796 1409 dabantur
813 1380 974 1418 adjutores
987 1381 1038 1412 seu
1051 1382 1182 1413 ministri
1199 1385 1440 1417 centurionibus

160 1418 292 1459 aliisque
304 1419 560 1460 imperatoribus.
606 1424 717 1464 Accerfi
730 1422 825 1453 etiam
842 1423 1033 1456 dicebantur
1056 1427 1293 1467 magistratuum
1310 1431 1438 1471 appari-

160 1470 245 1493 tores
262 1463 401 1503 quidam.
446 1466 549 1496 Porro
565 1465 618 1496 alii
638 1474 753 1506 putant
771 1467 826 1496 has
850 1474 913 1498 tres
930 1470 1087 1501 centurias
1103 1470 1136 1501 in
1160 1483 1294 1504 numero
1308 1474 1439 1516 triginta

161 1508 381 1538 centuriarum
421 1509 541 1548 quintae
580 1510 679 1540 claffis
710 1510 844 1541 inclusas
877 1511 958 1550 effe3
996 1515 1027 1544 ἃ
1071 1514 1111 1546 sic
1147 1523 1248 1548 totam
1280 1519 1439 1550 centuria-

160 1560 233 1582 rum
256 1552 410 1583 summam
432 1554 571 1585 statuunt
599 1554 659 1585 effe
688 1565 774 1585 CXCI.
830 1555 897 1585 Alii
923 1564 1029 1588 autem
1050 1558 1119 1590 illas
1149 1560 1278 1602 insuper
1299 1564 1438 1604 adjecitas

159 1596 230 1633 effe,
263 1604 358 1637 atque
385 1597 540 1628 summam
566 1598 625 1629 ess‘e
652 1609 759 1629 cxciv.
815 1599 923 1640 Hique
962 1603 1214 1643 praepositionem
1248 1610 1276 1636 in
1310 1609 1438 1638 censent

158 1642 409 1683 expungendam.
453 1642 520 1673 Alii
535 1643 684 1683 denique,
709 1643 784 1683 quia
799 1644 969 1686 Dionysius
993 1656 1102 1678 narrat
1127 1650 1204 1680 duas
1224 1652 1348 1682 tantum
1365 1663 1437 1683 ceri·

158 1685 259 1716 turias
281 1685 482 1716 cornicinum
508 1686 752 1727 tubicinumque
777 1688 851 1719 huic
873 1689 956 1719 claffi
973 1691 1122 1732 adjectas,
1144 1694 1317 1735 conjiciunt
1333 1697 1437 1738 legen-

157 1729 236 1759 dum
252 1729 311 1760 effe
333 1733 361 1759 in
389 1732 466 1761 duas
491 1735 625 1762 centurias
652 1733 786 1774 dssributi
800 1749 806 1767 ;
830 1732 938 1764 invitis
963 1742 1068 1766 tamen
1092 1738 1240 1769 omnibus
1265 1740 1436 1773 codicibus.

157 1773 316 1813 Equidem
330 1774 496 1806 verifimile
512 1776 555 1806 est
576 1777 729 1807 summam
750 1777 893 1808 omnium
917 1780 1134 1812 centuriarum
1160 1782 1248 1814 fuiffe
1267 1794 1438 1820 numerum

158 1817 332 1859 imparem;
354 1819 492 1860 ideoque
519 1820 570 1850 vel
599 1832 717 1859 excur,
739 1822 786 1852 uti
801 1821 973 1864 Dionysius
990 1825 1106 1863 statuit,
1128 1827 1179 1858 vel
1197 1839 1296 1867 cxcr3
1318 1841 1358 1861 ne
1374 1831 1436 1861 suf-

158 1862 259 1904 fragia
270 1874 411 1903 unquam
424 1865 586 1904 aequaliter
597 1865 826 1897 dividerentur.
872 1867 962 1898 Solus
980 1869 1187 1902 Perizzonius
1202 1871 1336 1905 innuere
1349 1874 1436 1906 vide-

157 1914 211 1937 tur
227 1907 363 1938 verbum
385 1912 484 1951 accetfi
505 1920 565 1950 pro
580 1912 779 1951 accerfibantur
800 1911 852 1942 vel
867 1914 1043 1953 aci-effifimt
1066 1915 1253 1947 sumendum
1280 1918 1347 1949 effe.
1393 1922 1434 1950 Et

156 1951 219 1982 hoc
233 1951 364 1983 Livium
381 1953 512 1984 voluiffe
524 1954 603 1984 mihi
626 1955 886 1995 persuasissimum
908 1957 957 1987 est„
1003 1960 1116 1999 Neque
1139 1960 1221 1991 hanc
1244 1961 1435 2004 interpreta-

155 1995 277 2027 tionem
300 2006 477 2040 oppugnat,
499 2000 586 2038 quod
609 2007 665 2029 tres
689 2000 841 2031 centuriae
865 2004 1026 2032 cornicinum
1048 2006 1241 2046 tubicinumque
1255 2018 1434 2039 memoran-

156 2049 227 2070 tur:
254 2041 399 2081 quamvis
427 2042 512 2073 enim
535 2043 647 2074 Livius
663 2045 802 2075 duorum
827 2053 952 2076 tantum
978 2057 1130 2088 generum
1152 2050 1262 2081 canti‘is
1287 2052 1435 2083 militaris

157 2085 356 2117 mentionem
380 2087 486 2125 faciat,
509 2088 604 2129 plura
628 2096 733 2119 tamen
754 2089 886 2131 intelligi
912 2092 1058 2131 poffunt3
1081 2095 1251 2134 omnesque
1264 2096 1319 2136 qui
1336 2097 1434 2127 classi-

157 2140 229 2160 cum
246 2138 397 2161 canerent
414 2131 447 2161 in
463 2140 518 2162 tres
536 2132 695 2163 centurias
713 2134 829 2164 relatos
855 2134 914 2165 effe
935 2136 1065 2167 mininie
1081 2137 1266 2171 incredibile
1282 2141 1332 2171 est.
1378 2144 1433 2172 Fa-

157 2182 226 2204 teor
239 2182 345 2207 tamen
359 2174 445 2215 quod
458 2176 552 2207 valde
567 2177 646 2207 mihi
663 2177 782 2208 arridet
800 2179 896 2209 lectio
913 2190 1008 2219 quani
1025 2192 1106 2212 unus
1124 2185 1222 2214 codex
1237 2181 1433 2227 manuscrip-

157 2227 206 2248 tus
223 2221 364 2260 praefert,
385 2223 458 2251 inter
485 2225 617 2252 centurias
642 2223 794 2264 dssributi:
821 2224 883 2263 qua
900 2225 1025 2265 recepta
1043 2226 1143 2257 statim
1165 2230 1272 2260 omnia
1289 2238 1432 2261 currunt.

155 2265 190 2292 In
206 2265 248 2293 his
263 2266 361 2306 πίεν-ιβ
383 2264 415 2305 [i.
438 2276 463 2295 e.
487 2266 606 2296 accensi
622 2267 708 2308 sunt]
731 2271 874 2298 cornicines
896 2270 1079 2312 tubicinesque,
1101 2275 1171 2303 inter
1196 2277 1327 2305 centurias
1343 2277 1432 2318 distri-

153 2309 229 2338 buti:
256 2309 372 2339 horum
389 2310 499 2340 census
524 2309 611 2341 idern
629 2319 696 2342 erat
714 2323 749 2342 ac
774 2312 992 2344 centuriarum
1020 2315 1136 2355 quintae
1153 2317 1262 2357 elaffis,
1283 2318 1432 2359 idemque

154 2352 313 2383 tributum
329 2354 535 2385 conferebant
549 2367 555 2384 :
582 2363 614 2386 at
631 2365 696 2385 non
716 2357 863 2397 proprias
880 2358 1039 2390 centurias
1055 2360 1244 2399 efficiebant,
1266 2374 1324 2394 nec
1340 2364 1432 2395 fimul

137 2396 186 2426 ‘in
203 2396 323 2428 bellum
347 2397 455 2435 ibant3
478 2399 530 2430 sed
546 2399 632 2430 inter
649 2400 784 2440 reliquas
802 2402 970 2440 centurias,
992 2413 1090 2445 prout
1115 2416 1195 2446 opus
1217 2407 1288 2444 fuit,
1310 2408 1431 2449 disper·

153 2441 325 2472 tiebantur.
372 2443 467 2473 Facili
482 2443 571 2484 lapsu
596 2445 814 2482 librariorum,
836 2451 863 2476 in
885 2454 940 2477 tres
958 2459 995 2478 ex
1010 2452 1081 2480 inter
1105 2460 1212 2481 ortum
1225 2452 1373 2490 videtur;
1397 2454 1430 2483 ἃ

151 2497 295 2517 errorem
311 2486 460 2517 stabilivit
478 2488 588 2528 opinio
604 2490 692 2529 quod
709 2500 767 2530 per
788 2491 925 2521 verbum
951 2495 1049 2536 accetgfi
1064 2494 1175 2525 Livius
1198 2504 1310 2527 notare
1326 2497 1430 2528 voluit

151 2531 282 2561 tertium
294 2542 392 2573 genus
408 2542 520 2562 eorum
536 2532 591 2573 qui
608 2533 729 2573 quintae
745 2535 829 2565 claffi
845 2543 936 2566 erant
953 2538 1076 2578 adjeeti.
1122 2541 1232 2570 Meam
1243 2541 1429 2572 sententiam

151 2575 293 2614 protuli:
319 2583 351 2606 at
365 2575 484 2606 veritus
501 2577 568 2607 sum
585 2577 757 2618 quicqua-m
777 2588 912 2617 mutare,
934 2582 987 2611 ubi
1006 2591 1054 2613 tot
1070 2584 1194 2614 codices
1218 2586 1428 2616 consentiunt.
1477 2592 1480 2596 ’

152 2619 314 2660 judicium
338 2620 373 2651 sit
401 2622 488 2661 apud
514 2621 676 2652 lectorem.
701 2625 734 2653 E.
779 2625 855 2664 (10)
878 2625 985 2667 Vulgo
1000 2628 1121 2658 editum
1145 2631 1319 2671 tihidnesque.
1368 2630 1427 2660 Sed

149 2666 224 2693 tibiis
243 2665 276 2694 in
300 2665 385 2695 bello
409 2675 574 2705 nunquam
600 2667 644 2696 usi
671 2667 742 2698 suut
759 2670 904 2700 Romani.
950 2671 1120 2713 Dionysius
1148 2673 1243 2704 babet
1271 2682 1426 2707 cami-iras.

150 2708 250 2749 Igitur
261 2711 435 2751 tubicinqsque
451 2710 546 2748 edidi,
569 2711 773 2743 suadentibus
790 2714 936 2754 plurimis
957 2714 1185 2758 interpretibus
1213 2720 1242 2749 ck
1264 2718 1426 2793 ”OPPZHJS

1257 2772 1355 2793 conici
1382 2773 1424 2792 us.
