1853 3158
413 236 696 283 LIBER
755 233 829 276 IX.
891 237 1076 278 CAP.
1137 235 1273 277 XVII.
1607 247 1684 279 211

177 358 253 397 mis
276 356 431 412 Magno
454 355 684 395 Alexandro
718 354 878 403 ducem,
909 353 935 392 fi
957 367 1080 403 arma,
1114 353 1205 393 Afia
1225 350 1463 405 perdomita,

178 415 219 453 in
240 416 444 468 Europam
465 412 649 452 vertiffet.

231 473 370 512 XVII.
403 469 518 510 Nihil
543 466 679 509 minus
700 469 910 521 quaefitum
927 483 948 508 a
969 468 1166 522 principio
1187 467 1310 522 hujus
1331 467 1462 520 operis
1483 485 1646 526 Disputatio

169 530 298 570 videri
314 528 456 583 potest,
469 526 592 580 quhm
615 536 659 566 ut
680 527 770 580 plus
787 526 895 580 justo
911 526 959 566 ab
975 540 1111 566 rerum
1127 526 1267 565 ordine
1289 525 1462 565 declina·
1481 533 1510 560 de
1528 531 1655 561 Alexan-

171 602 286 635 rem;
318 584 652 638 varietatibusque
670 582 971 638 *distinguendo
992 598 1126 636 opere,
1161 585 1199 623 &
1237 582 1462 637 legentibus
1479 577 1527 650 ‘21⁰
1545 576 1656 627 Mt&

169 646 278 684 velut
311 647 369 697 (1)
405 642 648 683 deverticula
685 655 862 689 amoena,
908 644 944 680 &
982 642 1162 693 requiem
1200 641 1334 681 animo
1371 655 1462 681 meo
1511 632 1624 651 ⁰m⁰'²²⁵'

171 715 407 754 quaererem.
443 703 503 754 (2)
532 700 667 740 tamen
688 699 788 737 tanti
817 698 921 752 regis
954 713 999 736 ac
1029 699 1142 738 ducis
1175 698 1341 746 mentio,
1374 699 1463 751 qui-

168 758 242 798 bus
282 758 383 811 saepe
418 758 548 798 tacitis
585 755 897 811 cogitationibus
937 755 1131 794 volutavit
1166 756 1364 805 animum,
1396 770 1462 796 eas

168 826 308 855 evocat
341 817 382 855 in
417 816 624 856 medium:
657 824 700 853 ut
736 827 914 867 quaerere
941 812 1076 863 libeat,
1107 813 1273 864 quinam
1294 823 1462 852 eventus

167 873 367 914 Romanis
398 873 534 924 rebus,
576 872 602 912 fi
634 886 727 912 cum
756 871 989 910 Alexandro
1024 869 1128 909 foret
1159 869 1368 919 bellatum,
1398 871 1463 909 fu-

167 941 284 971 turus
320 931 455 971 fuerit.
513 931 740 970 Plurimum
777 929 817 967 in
854 928 958 968 bello
980 929 1129 981 pollere
1150 927 1337 966 videntur
1358 928 1463 966 mili-

167 998 256 1028 tum
292 989 407 1042 copia
433 992 469 1029 &
491 988 634 1039 virtus,
664 986 825 1041 ingenia
861 986 1164 1039 imperatorum,
1195 984 1358 1024 fortuna
1391 999 1462 1038 per
1570 993 1593 1039 †

168 1047 305 1086 omnia
325 1047 517 1095 humana,
549 1043 722 1085 maxime
741 1044 781 1083 in
803 1058 864 1084 res
881 1043 1060 1093 bellicas,
1093 1052 1248 1096 potens.
1310 1043 1386 1093 Ea,
1419 1045 1459 1083 δε

167 1104 320 1158 singula
356 1104 529 1143 intuenti
573 1106 611 1143 δε
650 1102 846 1150 universa,
878 1102 975 1140 ficut
997 1100 1045 1140 ab
1067 1100 1152 1140 aliis
1174 1100 1335 1154 regibus
1365 1114 1462 1154 gen·

166 1160 366 1214 tibusque,
399 1161 452 1200 ita
487 1161 536 1200 ab
570 1161 648 1200 hoc
685 1174 865 1213 quoque,
897 1157 1013 1198 facile
1036 1160 1095 1211 (3)
1118 1157 1304 1211 praestant
1337 1158 1462 1196 invic-

164 1228 254 1257 tum
292 1219 529 1258 Romanum
562 1219 791 1271 imperium.
854 1217 946 1268 Jam
968 1215 1162 1269 primum,
1195 1225 1239 1255 ut
1259 1216 1391 1255 ordiar
1414 1214 1462 1255 ab

168 1276 340 1316 ducibus
378 1276 674 1330 comparandis,
705 1275 813 1314 haud
847 1274 1036 1327 equidem
1072 1273 1222 1322 abnuo,
1253 1273 1461 1327 egregium

167 1335 314 1374 ducem
338 1334 451 1373 fuisse
477 1334 781 1381 Alexandrum3
811 1332 877 1371 sed
899 1332 1108 1371 clariorem
1130 1340 1266 1370 tamen
1287 1345 1381 1370 eum
1404 1329 1464 1370 fa-
1483 1342 1645 1372 Alexandri

166 1392 237 1441 cit,
258 1394 320 1446 (4)
338 1391 450 1445 quod
468 1405 572 1431 unus
590 1390 683 1440 fuit,
703 1389 815 1443 quod
832 1389 1059 1429 adolescens
1078 1389 1118 1427 in
1135 1389 1386 1428 incremento
1403 1401 1464 1427 re-
1488 1389 1524 1418 ts*
1541 1389 1636 1416 ‘lusum

166 1463 275 1497 rum,
306 1450 489 1488 nondum
520 1450 684 1489 alteram
707 1448 913 1488 fortunam
934 1456 1137 1500 expertus,
1169 1446 1340 1486 decessit.
1402 1446 1465 1486 Ut
1485 1433 1661 1506 {fwmm'lff

167 1506 270 1546 alios
287 1521 400 1561 reges
422 1508 548 1546 claros
570 1506 771 1559 ducesque
793 1506 993 1554 omittam,
1025 1519 1171 1559 magna
1191 1505 1376 1558 exempla
1398 1518 1462 1543 ca·
1498 1495 1519 1507 ἀ

167 1563 286 1602 suum
321 1564 624 1612 humanorum3
657 1567 719 1617 (5)
753 1563 923 1617 Cyrum,
955 1577 1077 1615 quem
1114 1561 1287 1601 maxime
1325 1561 1462 1601 Graeci

166 1620 353 1661 laudibus
374 1622 592 1672 celebrant,
623 1622 735 1674 quid,
767 1621 837 1659 nifi
863 1621 981 1674 longa
1015 1621 1109 1667 vita,
1142 1620 1239 1659 ficut
1260 1619 1462 1673 Magnum

167 1676 291 1718 modo
329 1679 586 1733 Pompeium,
616 1685 641 1731 †
675 1678 845 1718 vertenti
867 1677 1038 1730 praebuit
1060 1675 1268 1717 fortunae?
1303 1677 1464 1716 Recen-
1574 1685 1597 1732 *l

168 1735 274 1776 seam
315 1737 437 1776 duces
475 1737 703 1786 Romanos,
749 1750 822 1775 nec
860 1749 1000 1775 omnes
1040 1735 1226 1773 omnium
1266 1734 1463 1782 aetatium,

166 1793 234 1833 sed
265 1795 326 1847 (6)
359 1794 462 1847 ipsos
493 1809 578 1845 eos,
611 1808 705 1833 cum
727 1793 873 1846 quibus
895 1792 1126 1833 consulibus
1159 1802 1228 1831 aut
1257 1792 1466 1832 dietatori-

167 1850 242 1891 bus
282 1852 514 1892 Alexandro
544 1851 622 1891 fuit
654 1851 912 1898 bellandum3
947 1851 1011 1890 M.
1032 1850 1246 1889 Valerium
1268 1849 1465 1898 Corvum,

167 1908 216 1948 C.
241 1909 444 1948 Marcium
472 1911 681 1959 Rutilum,
712 1908 759 1948 C.
784 1908 1027 1961 Sulpicium,
1058 1908 1109 1947 T.
1134 1907 1339 1946 Manlium
1361 1907 1466 1946 Tor-

169 1976 355 2019 quatum,
386 1968 459 2025 Q
479 1967 700 2007 Publilium
734 1966 965 2014 Philonem,
996 1966 1045 2004 L.
1080 1965 1286 2019 Papirium
1320 1964 1469 2005 Curso-

1363 2037 1467 2073 rem,

171 2149 293 2180 ponere
326 2140 499 2182 potuissent
525 2153 638 2183 parem
666 2142 869 2177 Alexandro,
902 2140 1090 2177 destinatur,
1124 2138 1314 2170 nominatur
1346 2140 1468 2181 potiffi-

173 2185 262 2215 mum
291 2185 438 2226 Papirius
467 2187 596 2217 Cursor.
642 2189 787 2230 Distinet-e
810 2188 913 2217 animis
941 2185 1083 2216 occurrit
1101 2184 1198 2226 supra
1214 2184 1234 2214 l.
1259 2193 1288 2223 7.
1305 2195 1330 2215 c.
1348 2194 1402 2224 33.
1420 2186 1467 2215 in¹

176 2229 228 2259 fre}
253 2229 273 2258 l·
301 2230 352 2261 28.
383 2241 412 2262 c.
432 2240 481 2268 24.
513 2235 541 2261 in
558 2234 649 2262 animo
675 2233 806 2275 distinam
821 2232 918 2272 supra
936 2229 1016 2261 dixit
1033 2230 1057 2261 l.
1071 2229 1100 2261 6.
1117 2240 1146 2262 C.
1170 2229 1202 2261 6.
1221 2230 1253 2260 ὂε
1274 2228 1362 2260 infr&
1378 2229 1397 2259 l.
1414 2239 1450 2260 21

179 2284 205 2303 c.
222 2284 274 2310 44.

219 2319 257 2349 C.
279 2327 332 2356 17.
357 2319 412 2359 (1)
437 2319 510 2350 Vid.
527 2323 546 2360 †
563 2323 727 2362 deverfiria.
775 2320 829 2361 (2)
858 2318 1029 2360 Postquam
1057 2319 1152 2351 semel
1178 2319 1379 2349 mentionem
1406 2317 1469 2349 feci

178 2362 262 2393 tanti
279 2362 360 2404 regis
389 2375 424 2394 ac
453 2364 554 2399 ducis,
579 2365 654 2396 hinc
679 2364 754 2396 dats
771 2363 935 2396 occasione
951 2364 1044 2395 facile
1061 2365 1205 2394 adducor
1221 2371 1258 2394 ut
1274 2362 1309 2393 in
1325 2363 1469 2393 medium

178 2408 344 2449 proferam
372 2419 422 2439 eas
440 2408 661 2450 cogitationes,
683 2421 761 2450 quas
789 2410 870 2449 saepe
896 2408 1004 2439 animo
1032 2408 1187 2439 volutavi.
1235 2408 1291 2448 (3)
1315 2406 1468 2439 Efficiunt

179 2459 214 2481 ut
233 2453 362 2482 credam
380 2454 563 2483 Romanum
575 2454 747 2495 imperium
764 2456 914 2484 futurum
930 2452 1019 2483 fuisse
1037 2452 1197 2484 invi&um
1213 2452 1253 2483 ab
1271 2452 1467 2482 Alexandro⁴

178 2498 234 2536 (4)
267 2497 366 2539 QOd
387 2498 480 2533 solus,
507 2496 570 2529 fine
602 2498 734 2540 colleg-ff,
758 2509 805 2529 res
837 2498 934 2539 gessit.
981 2499 1129 2528 Intuetur
1162 2497 1276 2528 Livius
1304 2498 1468 2527 Romanos

179 2542 290 2579 duces,
310 2541 427 2581 quibus
444 2542 545 2572 additi
561 2544 690 2584 collcgae
708 2551 763 2574 aut
781 2551 907 2584 partem
923 2541 1027 2572 laudis
1052 2542 1277 2578 detrahebant,
1299 2549 1354 2572 aut
1372 2542 1469 2571 ctiam

178 2585 446 2626 impedimentum
474 2587 567 2618 rebus
598 2587 744 2629 gerendis
779 2587 966 2618 afferebant.
1012 2587 1068 2626 (5)
1091 2586 1243 2627 Sequitur
1271 2585 1324 2616 hic
1357 2586 1470 2616 Livius

180 2631 397 2663 Herodotum.
421 2633 507 2672 apud
530 2642 626 2671 quem
655 2634 760 2674 Cyrus
777 2644 794 2662 a
810 2630 947 2673 Tomyri
966 2631 1218 2672 Mass'agetarum
1235 2630 1343 2672 regini
1364 2630 1470 2661 vietus

178 2675 338 2717 caesusque
362 2676 416 2707 est.
462 2677 517 2715 (6)
534 2677 582 2708 Sic
595 2677 675 2708 infre
693 2677 715 2708 l.
735 2687 785 2713 42.
803 2688 827 2706 c.
849 2687 899 2708 21>
914 2678 1015 2707 Patres
1028 2679 1112 2717 222le
1123 2689 1178 2707 enm
1195 2675 1470 2719 qmrerejuffirunt,

758 2724 780 2753 [ι
810 2732 824 2753 Z,
1361 2719 1413 2754 (’”)
1440 2718 1471 2748 Sl.
