1853 3158
339 258 621 310 LIBER
680 258 757 303 111.
817 262 1000 305 CAP.
1060 262 1265 305 XXXIV.
1586 274 1663 322 205

153 382 232 426 nus
252 385 438 425 ferociter
457 382 627 421 aliorum
648 379 752 420 scitis
782 378 1094 420 adversarentur.
1157 379 1359 434 Regimen
1385 388 1447 419 to-

154 443 236 483 tius
255 438 507 498 magistratus
528 452 650 493 penes
672 437 854 491 Appium
876 448 975 476 erat2
991 437 1126 477 favore
1148 438 1288 490 plebis.
1326 433 1447 476 adeo·
1465 460 1508 490 U.
1526 469 1551 489 c.
1569 467 1647 499 303-

154 515 234 554 que
254 513 404 541 novum
426 497 493 537 fibi
514 496 722 552 ingenium
745 496 945 544 induerat,
982 504 1026 534 ut
1057 495 1252 548 plebicola
1283 494 1446 548 repente
1465 507 1510 536 A.
1526 505 1564 535 C.
1579 513 1658 544 449·
1715 506 1723 512 ‘

154 559 363 612 omnisque
393 558 453 610 (3)
475 569 581 595 aurae
602 553 805 608 popularis
826 560 1005 606 captator
1026 553 1223 603 evaderet,
1250 567 1322 606 pro
1344 552 1449 592 truci
1467 551 1646 580 Dmmviw·

153 614 336 670 saevoque
356 613 593 653 inseetatore
615 611 754 665 plebis.
813 610 988 650 Decimo
1010 611 1073 649 die
1101 611 1169 664 jus
1194 612 1343 663 populo
1376 610 1451 649 sm-
1467 608 1622 626 '‘m“m'm‘
1637 594 1668 625 I·

153 674 238 728 guli
268 671 498 713 reddebant.
535 684 583 710 eo
604 670 668 709 die
690 681 812 722 penes
835 670 896 722 (4)
925 666 1166 721 praefeeium
1192 669 1294 722 juris
1326 667 1450 707 fasces

153 731 369 771 duodecim
389 738 524 769 erant:
561 731 622 782 (5)
643 727 806 781 collegis
827 739 974 766 novem
996 725 1136 779 singuli
1158 726 1309 765 accensi
1332 740 1452 778 appa-

155 789 307 828 rebant.
331 790 393 842 (6)
411 790 451 828 &
473 787 515 826 in
529 786 647 825 unica
663 784 878 825 concordia
895 784 998 822 inter
1015 782 1119 837 ipsos
1136 782 1223 836 (qui
1240 783 1452 823 consensus

155 846 318 900 privatis
358 846 562 885 interdum
605 843 757 882 inutilis
797 842 907 896 effet)
945 840 1100 880 summa
1132 840 1316 880 adversus
1354 841 1453 880 alios

153 905 320 957 aequitas
341 912 437 943 erat.
499 900 795 942 Moderationis
827 913 969 939 eorum
1001 908 1287 953 argumentum
1318 912 1455 937 exem-
1471 915 1559 946 Initio
1573 919 1657 948 mode-

155 963 222 1015 plo
245 962 363 1002 unius
384 960 440 1000 rei
461 959 623 1008 notasse,
654 958 746 998 satis
766 957 854 997 erit.
905 957 1049 1014 Qum
1072 957 1150 996 fine
1170 956 1452 1010 provocatione
1473 963 1533 990 rati
1548 962 1659 993 Decema

156 1019 280 1059 creati
301 1019 439 1069 essent,
462 1016 612 1057 defoffo
632 1018 841 1067 cadavere,
868 1016 979 1054 domi
998 1016 1104 1068 apud
1123 1014 1170 1054 P.
1184 1013 1359 1054 Sestium
1376 1017 1453 1068 (7),
1471 1009 1547 1038 viri.

155 1077 332 1130 patriciae
354 1076 483 1132 gentis
499 1075 646 1124 virum,
671 1075 850 1122 invento,
878 1074 1115 1126 prolatoque
1137 1071 1179 1110 in
1201 1072 1456 1121 concionem,

155 1134 199 1174 in
234 1148 276 1174 re
303 1136 420 1190 juxta
456 1131 666 1173 manifest&
702 1142 821 1185 atque
855 1131 995 1180 atroci,
1039 1130 1087 1170 C.
1123 1129 1257 1182 Julius
1294 1131 1455 1170 decem-

158 1192 219 1233 vir
251 1193 358 1232 diem
388 1191 516 1232 Sestio
549 1190 666 1242 dixit,
706 1193 745 1231 &
784 1188 988 1228 accusator
1024 1188 1074 1227 ad
1104 1189 1301 1241 populum
1341 1188 1460 1228 exsti-

157 1249 221 1299 tit,
253 1251 369 1306 cujus
390 1250 447 1290 rei
480 1252 540 1304 (8)
572 1248 697 1304 judex
726 1247 929 1302 legitimus
950 1254 1058 1286 erat:
1102 1245 1340 1298 deceffitque
1365 1247 1458 1300 jure

159 1307 245 1358 suo,
278 1318 323 1347 ut
344 1309 554 1362 demptum
576 1308 624 1346 de
658 1306 696 1346 vi
715 1303 969 1360 magistratus
997 1303 1137 1357 populi
1164 1302 1337 1343 libertati
1358 1304 1459 1358 adji-

160 1374 282 1406 ceret.

220 1422 420 1462 XXXIV.
472 1424 533 1476 (1)
556 1421 699 1479 Qum
721 1429 955 1473 promptum
976 1418 1054 1458 hoc
1076 1419 1142 1473 jus
1163 1419 1272 1458 velut
1293 1432 1340 1457 ex
1369 1433 1459 1458 ora-

161 1481 253 1520 culo
275 1480 555 1533 incorruptum
576 1479 723 1533 pariter
744 1477 792 1516 ab
812 1477 875 1517 his
897 1477 1041 1516 summi
1063 1476 1274 1529 infimique
1292 1475 1460 1527 ferrent,

162 1548 251 1578 tum
275 1537 429 1592 legibus
451 1536 671 1577 condendis
692 1549 812 1590 opera
834 1535 1001 1575 dabatur
1019 1550 1028 1574 ε
1064 1534 1297 1589 ingentique
1327 1533 1460 1574 homi-

1357 1606 1459 1631 num

164 1709 243 1743 solet
264 1710 438 1747 lasciviam,
459 1709 673 1746 insolentiam,
695 1709 817 1740 fastum.
862 1708 918 1749 (3)
933 1704 1094 1749 Significat
1118 1720 1191 1738 aura
1209 1709 1356 1750 popularis
1380 1707 1463 1749 aspi-

162 1764 289 1788 rantem
307 1756 419 1798 populi
436 1757 596 1792 favorem3
618 1755 809 1795 metaphora
821 1765 839 1784 a
856 1752 1059 1795 navigatione
1073 1752 1229 1782 transsata.
1280 1754 1353 1784 Hoc
1370 1753 1460 1783 sensu

164 1800 349 1843 simpliciter
364 1814 436 1831 aura
454 1800 638 1842 usurpatur,
654 1799 738 1830 infrii
757 1799 776 1829 l.
794 1799 821 1829 6.
839 1810 863 1829 c.
884 1808 931 1828 11.
970 1797 1070 1827 Simili
1086 1796 1277 1838 metaphma
1292 1811 1363 1828 aura
1379 1799 1463 1828 libcr-

162 1849 230 1877 tatis
246 1845 387 1877 occurrit
410 1845 495 1876 infra]
519 1856 547 1876 c.
569 1854 620 1884 37.
645 1845 676 1875 δε
692 1858 763 1874 aura
775 1846 841 1885 spei
863 1844 883 1873 l.
905 1852 955 1880 42.
982 1854 1009 1873 c.
1030 1852 1082 1882 39.
1129 1842 1184 1882 (4)
1201 1844 1301 1873 Penes
1318 1853 1391 1873 eum
1408 1844 1462 1873 dc-

165 1891 342 1922 cemvirum
359 1890 415 1931 qui
434 1890 498 1932 juri
515 1889 657 1921 dicundo
673 1890 845 1930 praefec‘tus
862 1896 938 1919 erat.
973 1887 1027 1928 (5)
1042 1886 1267 1927 Unusquisque
1281 1895 1463 1918 ceterorum

164 1935 423 1967 decemvirorum
449 1946 550 1966 unum
574 1936 740 1966 accensum
757 1933 907 1970 habebat,
929 1932 984 1973 qui
1002 1933 1042 1962 ad
1069 1932 1123 1962 sua
1148 1931 1226 1972 jussa
1243 1932 1357 1972 praesto
1379 1932 1463 1963 esset.

166 1982 216 2012 De
232 1980 368 2012 accensis
384 1980 447 2011 vid.
473 1988 539 2011 not.
560 1989 588 2020 9.
614 1981 654 2010 ad
671 1990 696 2010 c.
717 1989 768 2018 43.
792 1979 811 2008 l.
830 1988 856 2008 1.
895 1977 948 2019 (6)
966 1976 1122 2020 Qamvis
1139 1976 1312 2007 decemviri
1325 1977 1464 2008 maxim&

165 2024 339 2057 concordi&
364 2025 447 2056 inter
473 2025 503 2055 se
519 2024 628 2055 omnia
643 2023 910 2060 administrarent,
936 2022 1027 2053 simul
1050 2030 1157 2052 tamen
1175 2021 1295 2052 summa
1313 2022 1467 2062 aequitate

166 2082 241 2112 erga
267 2070 345 2101 alios
371 2071 528 2113 agebant3
562 2080 663 2110 quum
687 2068 874 2109 ceteroquin
899 2067 1028 2099 evenire
1050 2067 1158 2104 soleat,
1191 2068 1464 2106 quemadmodum

165 2116 263 2147 etiam
280 2115 370 2147 annis
392 2115 598 2155 sequentibus
615 2114 750 2145 evenisse
765 2113 877 2144 Livius
894 2120 1005 2143 narrat
1022 2112 1107 2143 infra
1125 2123 1149 2141 c.
1167 2111 1217 2150 36.
1244 2119 1280 2141 ut
1304 2112 1464 2153 magistra-

167 2168 262 2192 tuum
277 2161 444 2191 consensus
461 2158 607 2201 privatis,
629 2159 663 2189 id
678 2159 730 2194 est,
757 2157 886 2198 reliquis
903 2157 1038 2193 civibus,
1059 2156 1182 2187 inutilis
1199 2156 1246 2191 fit,
1270 2157 1303 2186 id
1320 2157 1372 2193 est,
1394 2157 1466 2197 plu-

169 2205 287 2236 rimum
302 2213 425 2237 noceat.
473 2206 599 2241 Inutilis,
621 2214 693 2245 pro,
715 2204 896 2239 damnosus,
918 2201 1021 2232 mimis
1043 2201 1085 2232 est
1101 2201 1197 2231 Livio
1214 2201 1466 2233 familiarissima.

170 2252 217 2281 lta
232 2250 317 2281 infra.
338 2250 358 2280 l.
374 2261 406 2289 5.
432 2261 456 2281 c.
473 2259 505 2288 5.
530 2251 562 2279 Sc
579 2248 648 2280 Cic.
665 2250 704 2279 de
722 2248 786 2279 Off.
812 2248 829 2278 l.
852 2258 880 2278 1.
906 2258 931 2278 c.
951 2257 999 2277 10.
1033 2246 1183 2277 Similiter
1196 2246 1301 2276 Graeci
1318 2247 1465 2289 αἰχμὴ-Θ·

170 2295 325 2335 usurpant
355 2303 389 2326 ut
421 2294 454 2325 in
483 2294 578 2335 Epist.
604 2293 695 2324 Pauli
720 2294 760 2325 ad
787 2292 918 2324 Phile-m.
944 2303 975 2322 v.
1009 2302 1058 2326 11,
1091 2291 1165 2322 coll.
1194 2301 1268 2322 curn
1289 2302 1318 2321 v.
1348 2292 1397 2321 18.
1433 2293 1465 2321 ὃ(

171 2341 349 2373 &zama-sans
376 2347 411 2370 ut
436 2339 468 2369 in
495 2339 592 2380 Epist.
621 2340 661 2369 ad
679 2339 783 2369 I-Iebr.
808 2349 837 2368 c.
859 2347 912 2376 13.
938 2347 971 2368 v.
1000 2346 1049 2375 17.
1075 2336 1188 2379 Polyb.
1215 2346 1242 2375 3.
1263 2344 1336 2374 117.
1385 2335 1467 2378 [Qi

172 2385 266 2425 plura
282 2382 365 2420 vult,
387 2384 529 2414 consulat
546 2385 587 2414 ad
603 2383 670 2414 haec
690 2384 785 2414 verba
804 2382 1001 2413 Schleusneri
1018 2381 1159 2412 Lexicon
1176 2381 1209 2411 in
1227 2382 1310 2411 Nov.
1330 2382 1466 2411 Tell-am.

171 2428 322 2459 Similiter
345 2431 510 2470 &speratum
527 2438 585 2469 per
602 2435 749 2461 >atron-ma
766 2427 885 2458 dicitur
901 2427 997 2468 suprzi
1014 2438 1043 2458 c.
1058 2426 1112 2458 26.
1137 2426 1190 2467 R]
1228 2426 1283 2467 (7)
1300 2425 1362 2455 Hic
1380 2427 1467 2455 certe

171 2473 253 2505 alius
280 2485 299 2504 a
323 2475 361 2504 P.
381 2473 476 2504 Sestio
497 2473 692 2504 decemviro.
739 2475 857 2503 Omnes
875 2473 999 2503 codices
1016 2470 1226 2511 manuscripti
1251 2471 1369 2501 habent
1397 2474 1469 2500 dcx:

171 2522 240 2549 tium
255 2534 265 2553 ‚·
291 2519 380 2559 quod
398 2519 429 2548 δι
445 2518 583 2553 mallem,
607 2517 640 2548 ni
657 2517 813 2549 constaret
831 2516 951 2547 Sextios
968 2512 1058 2547 fuiffe
1074 2516 1227 2557 plebeum,
1249 2525 1285 2546 ex
1302 2514 1418 2554 quibus
1441 2514 1467 2545 is

172 2563 301 2599 exstitit,
325 2563 380 2603 qui
407 2562 530 2604 primus
555 2573 572 2593 e
597 2562 691 2603 plebe
707 2562 908 2593 consulatum
924 2561 1021 2602 cepit.
1045 2561 1112 2591 vid.
1138 2560 1234 2601 supra
1259 2561 1282 2592 l.
1301 2560 1332 2590 6.
1357 2571 1385 2590 c·
1412 2570 1467 2597 42.

172 2608 228 2648 (8)
245 2607 529 2639 Drakenborchius
546 2615 638 2648 putat
665 2610 706 2638 rei
721 2606 781 2637 esse
806 2617 824 2637 a
840 2607 930 2637 τεθίο
947 2620 1005 2637 reus
1017 2621 1027 2641 ;
1054 2617 1090 2637 ac
1108 2605 1129 2636 fi
1145 2605 1279 2642 dixiffet,
1301 2605 1468 2635 accusator

174 2653 289 2684 exstitit
306 2654 373 2694 ejus
390 2663 447 2689 rci,
468 2653 558 2693 cujus
573 2652 670 2693 judex
686 2651 846 2694 legitimus
861 2659 943 2682 erat.

217 2717 256 2748 C.
275 2726 323 2755 34.
346 2715 401 2759 (1)
418 2716 542 2748 Eodem
560 2724 704 2757 ‘ternpore
720 2725 786 2758 quo
807 2715 856 2757 jue
873 2715 934 2748 hoc
951 2716 1049 2748 modo
1069 2715 1252 2750 redderent,
1274 2713 1370 2746 etiam
1394 2712 1469 2786 ligi-

1434 2767 1470 2787 υς
