1905 3168
231 304 309 343 124

217 1223 314 1266 AEfm*
328 1224 407 1254 viHi.

221 1544 322 1574 Turbo:
327 1545 375 1576 dot
376 1545 422 1585 tes-

218 1591 286 1620 ticae.

906 291 961 333 T.
1021 290 1325 335 L1V11‘

444 416 588 456 parum
610 401 699 457 apte
729 402 944 443 introrsum
964 405 1172 446 ordinibus
1202 405 1329 446 aciem
1351 404 1619 446 firmaverant.
1655 413 1741 446 tur·

444 461 556 502 batos
579 463 698 515 pedes
720 462 870 501 invafit.
903 464 1044 502 eodem
1066 463 1220 517 impetu
1237 463 1361 504 castra
1378 473 1507 517 capta,
1526 465 1586 518 (2)
1604 463 1743 503 debel-

441 519 650 573 latumque
671 519 740 559 est.
802 520 893 560 Post
915 535 1092 575 pugnam
1114 522 1163 561 ad
1185 521 1392 576 Regillum
1414 523 1545 562 lacum
1563 535 1644 561 non
1664 521 1740 560 alia

440 576 519 616 illis
541 577 653 617 annis
684 591 818 632 pugna
839 579 981 618 clarior
1002 578 1092 618 fuit.
1123 579 1297 619 dictator
1315 579 1567 633 triumphans
1600 577 1740 618 urbem

441 634 657 675 invehitur.
717 635 848 689 Super
870 635 1003 676 solitos
1023 636 1196 677 honores
1218 638 1330 677 locus
1359 638 1399 676 in
1421 638 1528 678 circo
1550 637 1619 691 ipfi
1649 636 1739 690 pos-

440 692 613 746 terisque
644 694 693 733 ad
725 693 998 754 speRaculum
1020 696 1162 743 datus;
1200 694 1290 734 sella
1321 695 1362 733 in
1392 709 1441 734 eo
1467 696 1556 735 loco
1587 693 1739 734 curulis

439 750 577 804 pofita.
637 751 796 791 Volscis
813 745 981 792 devietis
997 725 1232 792 Veliternus
1251 765 1344 806 ager
1361 753 1594 806 ademptus:
1624 751 1742 791 Veli..

438 818 521 847 tras
543 809 674 848 coloni
696 808 744 848 ab
767 809 864 849 urbe
886 809 1003 861 miffi,
1045 812 1081 849 δε
1112 812 1174 864 (3)
1201 809 1357 849 colonia
1378 810 1568 850 dedu&a.
1630 809 1739 850 Cum

439 865 589 920 AEquis
621 864 709 920 post
732 867 937 920 aliquanto
959 877 1184 922 pugnaturn
1206 867 1279 918 est,
1311 867 1436 906 invito
1457 868 1620 920 quidem
1642 881 1742 908 con-

437 923 537 975 sule,
556 925 650 978 quia
671 925 760 964 loco
782 925 922 978 iniquo
939 924 1192 965 subeundum
1213 934 1298 964 erat
1320 926 1369 964 ad
1387 924 1544 966 hostes:
1576 925 1641 965 sed
1663 926 1740 965 rni-

438 981 545 1033 lites,
581 982 736 1022 extrahi
771 996 856 1021 rem
890 983 1163 1032 criminantes,
1200 992 1245 1023 ut
1278 982 1468 1034 didiatoxg
1504 983 1739 1037 priusquam

439 1039 509 1093 ipsi
532 1040 738 1080 redirent'
730 1054 770 1079 m
791 1040 947 1091 urbem,
978 1041 1211 1108 magistratu
1233 1040 1373 1089 abiret,
1405 1041 1610 1094 irritaque,
1642 1041 1742 1082 ficut

438 1095 531 1137 ante
554 1098 741 1147 consulis,
774 1099 958 1151 promissa
975 1101 1062 1154 ejus
1083 1100 1287 1150 caderent,
1317 1100 1542 1153 perpulere,
1574 1108 1618 1139 ut
1634 1098 1740 1140 forte

438 1163 590 1195 temere
625 1156 667 1195 in
704 1156 886 1196 adversos
922 1166 1079 1197 montes
1116 1171 1261 1212 agmen
1297 1157 1479 1212 erigeret.
1552 1157 1599 1196 Id
1635 1157 1738 1198 male

438 1214 691 1253 commissum
725 1214 882 1268 ignavia
912 1214 1088 1259 hostium
1120 1215 1161 1254 in
1193 1214 1346 1255 bonum
1380 1218 1442 1269 (4)
1474 1215 1619 1255 vertit:
1654 1216 1742 1269 qui,

437 1271 670 1324 priusquam
691 1273 741 1311 ad
770 1272 1003 1328 conjeOcum
1025 1273 1093 1312 teli
1120 1273 1338 1321 veniretur,
1370 1272 1637 1326 obstupefae’ti
1669 1288 1740 1313 au-

437 1329 551 1368 dacia
566 1329 865 1380 Romanorum,
885 1331 1038 1370 adistis
1054 1330 1203 1379 castris,
1225 1345 1317 1383 quae
1337 1331 1606 1370 munitissimis
1622 1341 1740 1370 tenu-

437 1396 551 1430 erant
570 1387 683 1435 locis,
715 1386 756 1425 in
778 1390 839 1441 (5)
868 1388 1047 1428 adversas
1067 1389 1188 1428 valles
1209 1389 1423 1428 desiluere:
1459 1391 1521 1443 (6)
1552 1388 1620 1428 ubi
1647 1388 1737 1430 satis

438 1445 584 1498 praedae
609 1447 646 1485 &
670 1444 839 1493 vietpria
864 1444 1074 1485 incruenta
1095 1445 1185 1485 fuit.
1247 1446 1308 1485 Ita
1338 1446 1534 1486 trifariam
1566 1460 1606 1486 re
1631 1446 1739 1489 bello

438 1501 539 1542 bene
561 1503 706 1557 gesta,
709 1503 771 1541 de
789 1503 1099 1543 domesticarum
1120 1517 1256 1543 rerum
1286 1515 1433 1543 eventu
1454 1518 1529 1544 nec
1550 1503 1738 1545 Patribus

438 1574 513 1600 nec
547 1560 675 1613 plebi
673 1564 781 1601 'cura
802 1561 1027 1601 decesserat.
1065 1563 1174 1601 tanta
1195 1575 1323 1617 quum
1355 1561 1497 1616 gratia,
1533 1570 1620 1601 tum
1651 1572 1737 1603 arte

436 1615 774 1676 praeparave'rant
768 1617 1058 1669 foeneratores,
1090 1634 1180 1672 quae
1201 1633 1283 1659 non
1311 1621 1436 1659 modo
1464 1619 1637 1674 plebem,
1669 1620 1737 1660 sed

434 1676 588 1741 ipsum
590 1676 721 1715 etiam
751 1676 991 1716 {fidiatorem
1022 1677 1320 1718 frustrarentur.
1392 1678 1582 1731 Namque
1613 1678 1738 1718 Vale-

435 1735 519 1774 rius
525 1724 641 1790 ,pest
659 1730 814 1773 Vetufii
831 1734 1003 1775 consulis
1019 1736 1209 1784 reditum,
1237 1735 1421 1775 omnium
1444 1738 1505 1790 (7)
1527 1735 1738 1776 actionum

433 1793 478 1833 in
499 1792 637 1832 senatu
669 1792 841 1845 primam
866 1792 1007 1832 habuit
1036 1808 1109 1847 pro
1129 1793 1282 1833 vffiiore
1304 1794 1472 1847 populo,
1503 1794 1737 1848 retulitque,

434 1850 534 1905 quid
555 1849 668 1891 nexis
689 1849 776 1890 fieri
798 1851 984 1905 placeret.
1018 1866 1109 1906 quae
1127 1865 1255 1906 quum
1281 1851 1431 1908 reje&a
1455 1852 1595 1896 relatio
1626 1852 1738 1950 elflx'set,

736 1922 753 1929 f
1691 1924 1736 1950 on

430 2033 491 2057 tur
516 2034 587 2057 eam
614 2025 783 2057 delendam
811 2026 949 2064 censent,
972 2027 1005 2057 δε
1029 2036 1090 2069 pro
1104 2026 1158 2070 qud
1174 2026 1234 2070 legi
1255 2028 1370 2070 jubent
1385 2039 1476 2069 quam.
1521 2029 1567 2059 At
1583 2027 1734 2059 Draken-

435 2071 588 2102 borchius
612 2070 762 2112 plurimis
787 2072 937 2113 exemplis
961 2072 1097 2103 ostendit
1121 2072 1254 2104 Livium
1269 2085 1288 2105 a
1316 2072 1468 2104 similibus
1484 2072 1734 2114 repetitionibus

435 2127 502 2147 non
519 2115 705 2146 abstinuisse.
751 2116 806 2158 (2)
834 2118 957 2148 Bellum
974 2118 1015 2149 ad
1040 2117 1137 2149 finem
1153 2119 1347 2160 perductum
1363 2118 1414 2149 est.
1461 2117 1510 2148 Sic
1535 2117 1631 2155 infra,
1653 2118 1675 2148 1.
1703 2118 1732 2150 8.

434 2172 464 2193 c
484 2160 534 2200 36.
557 2162 687 2191 εἰειό’ίίανὲ
711 2174 739 2191 eo
759 2164 799 2191 die
826 2176 882 2192 cum
911 2164 1079 2193 Samnitibus
1099 2164 1220 2205 potuff’.
1243 2165 1283 2197 E.
1313 2163 1380 2204 (3)
1403 2163 1583 2194 Observent
1601 2163 1736 2202 tirones,

433 2206 569 2237 colonos
595 2205 771 2247 aliquando
798 2206 894 2243 mitti,
922 2218 980 2239 nec
1009 2216 1115 2239 tamen
1141 2194 1301 2240 coloniam
1328 2207 1452 2239 deduci.
1480 2219 1506 2239 e.
1533 2219 1578 2250 gr.
1605 2208 1734 2247 Cicero,

434 2251 518 2282 Phil.
535 2261 562 2283 2.
586 2259 680 2293 negat
708 2254 735 2281 in
756 2265 814 2282 eam
829 2265 855 2282 co
858 2254 957 2283 lonium
981 2266 1036 2294 quae
1063 2254 1124 2296 effit
1145 2254 1278 2296 atgspicato
1302 2256 1450 2290 decimam,
1474 2255 1525 2283 cole
1523 2256 1602 2283 niam
1629 2267 1752 2304 ηινυιιηκ

422 2310 492 2338 *sure
506 2299 618 2331 denhem
646 2304 678 2327 at
694 2298 765 2327 colon
757 2311 793 2327 ms
809 2311 890 2328 novos
914 2300 973 2339 aas·
975 2300 1030 2328 ribi
1049 2299 1131 2341 pqffe,
1153 2299 1299 2330 affirmat.
1346 2300 1381 2329 In
1398 2298 1585 2329 deducenda
1602 2297 1729 2330 colonia

433 2341 590 2373 sollennes
608 2341 817 2373 servabantur
841 2342 929 2374 ritus.
958 2342 1158 2385 auspicatol
1138 2343 1245 2381 fiebat,
1269 2345 1300 2374 ὅς
1316 2354 1354 2374 ex
1377 2343 1655 2377 senatusconsulto.
1674 2351 1731 2375 aut

433 2386 610 2427 plebiscito.
634 2394 799 2418 curatores
815 2388 1008 2420 creabantur
1024 2388 1080 2429 qui
1097 2389 1256 2424 coloniam
1272 2389 1489 2420 deducerent·
1482 2413 1490 2426 ‚
1513 2397 1610 2429 atque
1627 2389 1659 2420 hi
1677 2400 1731 2420 εο-Δ

433 2431 527 2463 Ionos
554 2432 612 2462 sub
639 2431 767 2468 vexillo,
800 2432 887 2473 quast
915 2433 1090 2465 exercitum
1116 2433 1267 2475 aliquem,
1300 2435 1520 2466 deducebant:
1558 2434 1672 2466 urbem
1696 2434 1730 2465 δε

433 2487 547 2517 agrum
571 2484 679 2508 aratro
703 2476 1015 2510 circumscribebant.
1038 2481 1073 2513 E.
1118 2479 1172 2521 (4)
1198 2479 1217 2510 i.
1233 2491 1260 2511 e.
1283 2479 1411 2510 versum
1427 2479 1477 2510 est.
1500 2479 1564 2511 vid.
1587 2487 1654 2511 not.
1681 2489 1731 2510 11.

434 2522 474 2551 ad
491 2533 517 2552 c.
535 2530 584 2559 27.
609 2522 713 2563 supra.
761 2523 814 2564 (5)
838 2524 924 2565 Lege
939 2526 1077 2565 πων-[ἂμ
1110 2535 1182 2565 quae
1199 2524 1348 2556 videlicet
1372 2523 1444 2566 ipfis
1461 2537 1479 2556 a
1507 2532 1597 2567 tergo
1621 2524 1729 2560 effent.

431 2567 519 2596 Nam
544 2568 635 2597 frons
652 2567 826 2598 castrorum
854 2569 895 2599 ad
923 2569 1056 2600 alteram
1080 2577 1205 2612 partem
1228 2572 1262 2601 in
1279 2572 1442 2601 Romanos
1465 2570 1627 2611 vergebat.
1672 2569 1709 2611 (6

434 2612 517 2653 Lege
531 2613 588 2647 ibi‚·
614 2623 681 2643 non
697 2612 783 2644 enim
799 2613 833 2644 in
850 2613 986 2645 vallibus
1003 2615 1079 2646 sed
1072 2625 1105 2645 m
1122 2615 1236 2646 castris.
1281 2615 1337 2657 (7)
1359 2619 1450 2647 Ante
1465 2625 1562 2655 quam
1584 2614 1649 2646 ulla
1666 2614 1729 2646 alia

433 2637 500 2686 dee,
490 2667 524 2687 re
541 2664 647 2699 ageret
664 2657 697 2687 in
715 2658 836 2695 senatu,
862 2658 971 2690 retulit
988 2659 1028 2691 de
1051 2660 1113 2691 fide
1130 2659 1247 2691 victori
1272 2661 1395 2702 populo
1412 2659 1597 2702 praestanda.
1642 2662 1728 2690 Λόὶίο

433 2701 571 2744 deligunt
597 2702 753 2744 quicquid
773 2703 1048 2747 agitxn·1gist[atu5
1071 2705 1135 2739 five
1154 2707 1242 2749 apud
1263 2706 1419 2745 senatum,
1441 2705 1504 2739 five
1521 2706 1608 2750 apud
1620 2715 1726 2748 popu-

1649 2751 1716 2783 ium
