1832 3137
426 290 708 333 LIBER
766 293 800 333 Ι.
859 293 1040 335 CAP.
1099 294 1188 336 XL.

170 403 224 444 ob
245 405 306 459 (6)
326 402 485 443 unicam
506 403 753 443 nobilitatem
774 403 822 443 ab
843 405 979 460 regina
1000 405 1185 445 Romana
1206 404 1444 459 prohibitam

170 461 307 501 ferunt
328 460 496 511 servitio,
526 471 685 514 partum
714 462 860 500 Romae
886 463 1058 512 edidiffe,
1087 463 1209 502 Prisci
1235 462 1446 516 Tarquinii

171 520 305 557 domo.
365 518 463 558 Inde
493 527 604 558 tanto
625 518 820 558 beneficio
857 521 897 560 &
920 519 1022 559 inter
1043 523 1104 574 (7)
1125 520 1309 560 mulieres
1330 521 1446 561 fami-

157 576 380 615 diaritatem
401 576 579 628 amitam,
603 578 640 615 &
658 590 846 629 puerum,
878 585 922 614 ut
943 577 982 615 in
1004 578 1123 616 domo
1144 593 1165 616 a
1186 592 1305 630 parvo
1326 579 1447 618 educ-

170 642 273 680 tum,
305 633 346 672 in
380 634 540 673 caritate
573 643 691 686 atque
726 632 877 672 honore
904 632 1040 674 fuisse:
1070 634 1270 674 fortunam
1293 635 1446 685 matris,

167 687 280 742 quod
302 690 415 744 capt&
435 689 560 744 patria
580 691 620 729 in
641 690 815 730 hostium
835 704 978 729 manus
997 692 1163 742 venerit,
1193 701 1237 731 ut
1254 692 1359 732 serva
1379 707 1448 731 na-

169 756 235 786 tus
256 749 496 796 crederetur,
528 747 670 788 feciffe.

226 804 316 844 XL.
367 805 816 860 Duodequadragefimo
848 804 975 845 ferme
1007 820 1127 854 anno,
1163 819 1212 845 ex
1251 820 1332 859 quo
1361 820 1450 860 reg-

169 874 265 901 nare
299 872 475 916 coeperat
498 863 762 916 Tarquinius,
797 877 877 903 non
909 864 1015 916 apud
1048 878 1182 918 regem
1213 861 1351 913 modo,
1385 864 1450 903 sed

168 920 275 971 apud
291 919 428 959 Patres
448 920 701 973 plebemque,
730 921 848 975 longe*
866 921 1040 960 maximo
1067 921 1219 962 honore
1249 920 1334 960 Ser.
1349 921 1452 960 Tul-

170 976 247 1015 lius
268 986 363 1015 erat.
422 977 533 1016 Tum
557 978 662 1017 Anci
683 977 754 1018 filii
775 979 871 1026 duo,
901 979 968 1017 etsi
991 988 1104 1017 antea
1127 978 1278 1031 semper
1299 992 1371 1031 pro
1392 978 1452 1016 in-

167 1033 391 1087 dignisfimo
411 1034 648 1085 habuerant,
678 1035 715 1075 se
737 1036 866 1089 patrio
886 1050 1010 1090 regno
1031 1036 1173 1076 tutoris
1193 1035 1334 1074 fraude
1364 1036 1452 1088 pul-

168 1089 245 1140 sos,
276 1105 440 1145 regnare
463 1093 609 1132 Romae
630 1093 839 1141 advenam,
870 1107 952 1132 non
974 1096 1035 1147 (1)
1065 1091 1187 1132 modo
1209 1093 1359 1141 civicae,
1386 1092 1452 1132 sed

166 1160 218 1186 ne
240 1148 387 1188 Italicae
409 1150 571 1202 quidem
593 1150 749 1203 stirpis;
780 1160 868 1189 tum
900 1148 1115 1203 impensius
1145 1149 1206 1189 his
1238 1150 1452 1204 indignitas

167 1207 231 1258 (2)
263 1205 452 1257 crescere,
488 1207 514 1245 fi
547 1221 597 1247 ne
629 1207 676 1247 ab
707 1208 931 1260 Tarquinio
963 1208 1127 1260 quidem
1158 1208 1207 1247 ad
1238 1207 1275 1246 se
1306 1208 1452 1247 rediret

166 1275 352 1316 regnum,
384 1263 449 1303 sed
479 1279 655 1318 praeceps
687 1265 778 1305 inde
807 1280 926 1318 porro
946 1266 996 1304 ad
1018 1265 1170 1305 servitia
1192 1266 1373 1304 caderet:
1408 1274 1452 1304 ut

165 1318 210 1358 in
231 1318 369 1359 eadem
391 1321 548 1361 civitate
570 1322 655 1375 post
677 1325 738 1375 (3)
759 1323 1018 1362 centesimum
1039 1320 1122 1362 fere
1139 1336 1303 1370 annum,
1329 1320 1452 1374 quum

167 1376 371 1417 Romulus
399 1378 491 1418 Deo
523 1390 756 1433 prognatus,
790 1380 904 1419 Deus
937 1380 1032 1432 ipse,
1066 1379 1238 1419 tenuerit
1267 1393 1453 1433 regnum,

165 1434 296 1474 donec
333 1435 372 1473 in
408 1436 524 1474 terris
556 1435 691 1484 fuerit,
727 1437 767 1475 id
798 1436 930 1477 servus
966 1436 1073 1475 serva
1102 1446 1218 1476 natus
1250 1436 1451 1489 poffideat.

167 1500 257 1530 tum
278 1505 493 1531 commune
511 1493 687 1532 Romani
707 1494 895 1558 nominis,
925 1503 1012 1533 turn
1030 1494 1229 1546 praecipue
1251 1494 1290 1532 id
1308 1493 1452 1534 domus

166 1548 248 1588 suae
268 1549 441 1589 dedecus
462 1549 566 1600 fore,
598 1551 641 1600 fi,
676 1551 781 1590 Anci
812 1551 915 1605 regis
946 1551 1048 1590 virili
1077 1551 1195 1603 stirpe
1220 1549 1335 1599 salva,
1370 1565 1451 1590 non

167 1603 292 1645 modo
315 1607 491 1656 advenis,
523 1607 588 1646 sed
616 1607 735 1647 servis
755 1608 890 1656 etiam,
920 1622 1090 1661 regnum
1112 1608 1258 1647 Romae
1286 1617 1449 1661 pateret.

167 1664 290 1702 Ferro
321 1664 441 1717 igitur
462 1678 551 1703 eam
577 1678 709 1704 arcere
741 1666 1025 1704 contumeliam
1047 1665 1237 1704 statuunt.
1297 1665 1377 1704 Sed
1412 1668 1450 1706 8<

165 1720 322 1774 injuriae
344 1721 488 1760 dolor
479 1735 520 1761 m
540 1722 810 1774 Tarquinium
832 1722 960 1775 ipsum
984 1723 1124 1776 magis,
1155 1737 1277 1774 quam
1304 1722 1344 1760 in
1361 1722 1452 1761 Seis-

161 1777 295 1827 ]sium,
323 1792 391 1818 eos
414 1778 663 1818 stimulabat:
695 1782 735 1819 &
758 1782 801 1833 (4
808 1782 820 1833 )
851 1780 944 1832 quia
965 1780 1120 1833 gravior
1142 1781 1246 1819 ultor
1263 1780 1394 1827 caedis,
1425 1780 1449 1818 si

166 1834 392 1888 supereffet,
421 1850 489 1874 rex
507 1835 666 1876 futurus
683 1846 780 1885 erat,
808 1851 929 1889 quam
951 1838 1035 1890 priv
1040 1846 1152 1876 atus:
1182 1846 1284 1885 tum,
1312 1837 1450 1875 Servio

164 1892 312 1940 occiso,
345 1907 626 1946 quemcunque
660 1894 781 1932 alium
813 1908 1006 1948 generum
1034 1894 1246 1947 delegisset,
1276 1895 1451 1933 eundem

162 1950 279 2003 vregni
300 1949 498 1989 haeredem
520 1950 702 1990 facturus
724 1951 942 1990 videbatur.
1003 1951 1069 1990 Ob
1090 1951 1176 1991 haec
1198 1952 1265 2005 ipsi
1288 1951 1367 2005 regi
1392 1952 1452 1989 in-

161 2006 272 2053 fidiae
292 2018 494 2062 parantur.
555 2008 614 2047 Ex
641 2008 862 2062 pastoribus
883 2010 964 2049 duo
984 2007 1209 2048 ferociffimi
1229 2009 1373 2048 delecti
1402 2010 1451 2048 ad

1281 2065 1453 2116 facinus,

167 2192 244 2220 nam
260 2182 423 2223 splendid&
438 2194 474 2214 ac
491 2184 641 2214 decenter
666 2183 886 2215 sustinendam.
930 2182 984 2225 (6)
1009 2182 1215 2225 Singularem.
1259 2183 1314 2225 (7)
1338 2183 1383 2212 Sc.
1405 2191 1452 2213 re·

165 2226 274 2268 gissam
289 2226 373 2258 inter
390 2229 420 2258 ὃ(
439 2230 501 2259 Ser.
516 2228 617 2258 Tullii
634 2228 773 2259 viduam.

214 2290 249 2320 C.
262 2298 311 2326 40.
335 2290 389 2329 (1)
413 2291 479 2320 JVan
496 2291 567 2320 mod&
582 2301 703 2331 pronon
720 2291 794 2321 mod}
809 2304 869 2328 non,
892 2290 948 2321 ubi
965 2290 998 2320 in
1015 2290 1116 2320 altero
1132 2289 1277 2320 membro
1294 2288 1454 2329 reperitur

167 2347 200 2362 ne
215 2355 256 2364 .....
271 2336 385 2374 quidem,
407 2334 693 2374 frequentisfimum
710 2336 759 2365 est.
805 2335 854 2365 Sic
881 2335 977 2366 etlam
992 2349 1041 2364 non
1056 2337 1147 2375 solizm
1176 2335 1347 2374 usurpatur
1369 2333 1452 2365 lllfrssa

167 2378 188 2408 ἱ.
201 2387 230 2415 5.
251 2388 278 2409 ,c-
296 2387 346 2414 42.
368 2378 482 2419 [Simili
498 2380 595 2409 modo
611 2381 698 2420 apud
716 2382 845 2410 Graecos
867 2381 911 2420 ἐχ
927 2381 1011 2415 ὅπως,
1033 2379 1183 2419 sequente
1199 2381 1293 2409 ἀλλὰ.
1317 2380 1361 2417 ἐχ
1378 2379 1452 2410 ἑτως

143 2440 147 2443 ’
167 2425 226 2453 ἐπε
230 2435 272 2463 ςρῑ
264 2425 317 2458 ιεψ
322 2436 332 2451 ν
368 2425 384 2454 ἦ
411 2422 561 2454 ἷιεκωλυσε
554 2437 588 2461 ἐν,
619 2426 692 2454 ἀλλ’
722 2425 824 2457 aar&
852 2437 966 2463 νγεμων
994 2437 1064 2463 γεγε
1070 2438 1158 2456 νηται.
1214 2423 1373 2453 Demosth.
1405 2421 1452 2463 E.]

167 2466 224 2506 (2)
247 2469 401 2507 Indignitas
418 2466 470 2497 h'ic
487 2468 621 2499 sumitur
638 2479 698 2509 pro
714 2472 904 2511 indignatione,
927 2469 978 2499 seu
1009 2468 1095 2498 sensu
1113 2467 1316 2508 indignitatis.
1362 2465 1452 2496 Simi-

167 2510 276 2541 literl.
292 2521 321 2548 5.
345 2522 371 2541 c.
385 2521 435 2549 45.
479 2512 535 2551 (3)
559 2513 754 2545 Centefimus
774 2514 839 2554 jam
866 2514 896 2543 8<
919 2511 1281 2553 duodequadragelmns
1299 2511 1452 2552 agebxtur

168 2565 272 2585 annus
289 2566 325 2585 ex
337 2566 401 2595 quo
412 2556 568 2586 Romulus
581 2557 758 2589 deceflerat.
804 2559 864 2588 Sed
880 2557 935 2588 filii
951 2558 1036 2588 Anci
1053 2557 1175 2587 conlult
1179 2554 1197 2586 ὸ
1213 2557 1324 2586 decurt
1328 2563 1382 2585 int
1395 2566 1450 2585 ει-ὶῑ

170 2609 287 2630 norum
300 2610 479 2636 numerum,
501 2601 541 2630 ad
558 2603 735 2642 augendam
751 2603 912 2633 invidiam.
957 2603 1027 2632 Fert>
1044 2600 1095 2632 hic
1110 2602 1140 2630 8(
1163 2600 1238 2631 alibi
1257 2611 1316 2642 pro
1332 2603 1417 2629 circis
1414 2613 1451 2634 r,

168 2643 353 2684 indicatque
367 2652 432 2674 tam
439 2647 524 2686 paulo
535 2647 611 2686 plns,
633 2650 730 2695 quam
740 2650 822 2688 paulo
834 2651 932 2682 minus,
949 2653 1047 2687 prout
1061 2657 1108 2676 res
1121 2645 1265 2686 postulat.
1303 2644 1357 2685 (4)
1375 2645 1448 2673 Haec

170 2687 214 2717 est
230 2688 328 2719 altera
342 2688 423 2719 ratio
436 2699 493 2719 cur
506 2689 570 2730 regi
584 2690 691 2730 potius
703 2690 758 2732 ipsi
772 2696 869 2731 quam
883 2691 992 2721 Servio
1009 2690 1133 2721 infidias
1149 2688 1341 2731 paraverint.
1366 2689 1449 2717 Mox

168 2731 265 2763 tertia
281 2733 432 2773 sequitur.
478 2734 661 2765 Gronovius
684 2736 787 2766 censet
800 2736 1043 2776 expungendam
1060 2734 1119 2766 effe
1135 2734 1282 2765 voculam
1299 2747 1324 2773 q
1318 2735 1373 2768 tia,
1396 2730 1447 2762 cui

169 2777 266 2808 eriam
289 2777 520 2821 adstipulantur
544 2779 828 2812 Drakenborchius
844 2781 875 2814 ὃ(
900 2779 1090 2815 Crevier-ius.
1136 2781 1182 2811 At
1207 2777 1328 2851 scriptil
1338 2786 1447 2805 omnes

1256 2832 1307 2853 rec
1322 2827 1446 2852 amant·
1438 2843 1448 2857 ,

1608 313 1664 354 59

1470 1003 1543 1032 Anci
1542 1003 1667 1043 ,1⁴²7th

1467 1048 1637 1089 cotspiratia.
