<?xml version="1.0" encoding="UTF-8"?>
<!DOCTYPE html PUBLIC "-//W3C//DTD XHTML 1.0 Transitional//EN"
    "http://www.w3.org/TR/xhtml1/DTD/xhtml1-transitional.dtd">
<html xmlns="http://www.w3.org/1999/xhtml" xml:lang="en" lang="en">
 <head>
  <title>
</title>
<meta http-equiv="Content-Type" content="text/html;charset=utf-8" />
  <meta name='ocr-system' content='tesseract 3.04.00' />
  <meta name='ocr-capabilities' content='ocr_page ocr_carea ocr_par ocr_line ocrx_word'/>
</head>
<body>
  <div class='ocr_page' id='page_1' title='image "./historiaeromanae01livyuoft_0516.png"; bbox 0 0 1853 3158; ppageno 0'>
   <div class='ocr_carea' id='block_1_1' title="bbox 155 270 214 307">
    <p class='ocr_par' dir='ltr' id='par_1_1' title="bbox 155 270 214 307">
     <span class='ocr_line' id='line_1_1' title="bbox 155 270 214 307; baseline -0.034 0"><span class='ocrx_word' id='word_1_1' title='bbox 155 270 214 307; x_wconf 75' lang='lat'><strong>⁴4</strong></span> 
     </span>
    </p>
   </div>
   <div class='ocr_carea' id='block_1_2' title="bbox 153 1426 344 1467">
    <p class='ocr_par' dir='ltr' id='par_1_2' title="bbox 153 1426 344 1467">
     <span class='ocr_line' id='line_1_2' title="bbox 153 1426 344 1467; baseline 0.005 -13"><span class='ocrx_word' id='word_1_2' title='bbox 153 1426 273 1467; x_wconf 79' lang='lat' dir='ltr'><em>Jupiter</em></span> <span class='ocrx_word' id='word_1_3' title='bbox 287 1426 309 1455; x_wconf 89' lang='lat' dir='ltr'><em>I</em></span> <span class='ocrx_word' id='word_1_4' title='bbox 306 1437 344 1455; x_wconf 89' lang='lat' dir='ltr'><strong>m-</strong></span> 
     </span>
    </p>
   </div>
   <div class='ocr_carea' id='block_1_3' title="bbox 143 1477 273 1514">
    <p class='ocr_par' dir='ltr' id='par_1_3' title="bbox 143 1477 273 1514">
     <span class='ocr_line' id='line_1_3' title="bbox 143 1477 273 1514; baseline -0.008 -14"><span class='ocrx_word' id='word_1_5' title='bbox 143 1477 273 1514; x_wconf 79' lang='lat' dir='ltr'><strong>perator.</strong></span> 
     </span>
    </p>
   </div>
   <div class='ocr_carea' id='block_1_4' title="bbox 154 1788 344 2002">
    <p class='ocr_par' dir='ltr' id='par_1_4' title="bbox 154 1788 336 2002">
     <span class='ocr_line' id='line_1_4' title="bbox 154 1788 330 1829; baseline -0.006 -7"><span class='ocrx_word' id='word_1_6' title='bbox 154 1792 196 1822; x_wconf 88' lang='lat' dir='ltr'><strong>U.</strong></span> <span class='ocrx_word' id='word_1_7' title='bbox 212 1801 238 1822; x_wconf 86' lang='lat' dir='ltr'><strong>c.</strong></span> <span class='ocrx_word' id='word_1_8' title='bbox 256 1788 330 1829; x_wconf 87' lang='lat'><strong>376.</strong></span> 
     </span>
     <span class='ocr_line' id='line_1_5' title="bbox 154 1834 344 1874; baseline -0.006 -7"><span class='ocrx_word' id='word_1_9' title='bbox 154 1840 199 1868; x_wconf 82' lang='lat' dir='ltr'><strong>A.</strong></span> <span class='ocrx_word' id='word_1_10' title='bbox 212 1837 249 1867; x_wconf 90' lang='lat' dir='ltr'><strong>C.</strong></span> <span class='ocrx_word' id='word_1_11' title='bbox 270 1834 344 1874; x_wconf 80' lang='lat'><strong>376.</strong></span> 
     </span>
     <span class='ocr_line' id='line_1_6' title="bbox 157 1880 336 1912; baseline 0 -1"><span class='ocrx_word' id='word_1_12' title='bbox 157 1883 194 1912; x_wconf 86' lang='lat' dir='ltr'><strong>P.</strong></span> <span class='ocrx_word' id='word_1_13' title='bbox 207 1880 336 1911; x_wconf 81' lang='lat' dir='ltr'><strong>Manlio</strong></span> 
     </span>
     <span class='ocr_line' id='line_1_7' title="bbox 158 1927 297 1955; baseline 0.007 -1"><span class='ocrx_word' id='word_1_14' title='bbox 158 1928 215 1955; x_wconf 62' lang='lat' dir='ltr'><strong>&amp;c</strong></span> <span class='ocrx_word' id='word_1_15' title='bbox 241 1927 297 1955; x_wconf 79' lang='lat' dir='ltr'><strong>Tr.</strong></span> 
     </span>
     <span class='ocr_line' id='line_1_8' title="bbox 158 1971 236 2002; baseline -0.026 0"><span class='ocrx_word' id='word_1_16' title='bbox 158 1971 236 2002; x_wconf 67' lang='lat' dir='ltr'><strong>Mil.</strong></span> 
     </span>
    </p>
   </div>
   <div class='ocr_carea' id='block_1_5' title="bbox 841 255 1210 298">
    <p class='ocr_par' dir='ltr' id='par_1_5' title="bbox 841 255 1210 298">
     <span class='ocr_line' id='line_1_9' title="bbox 841 255 1210 298; baseline -0.003 0"><span class='ocrx_word' id='word_1_17' title='bbox 841 256 895 298; x_wconf 85' lang='lat' dir='ltr'><strong>T.</strong></span> <span class='ocrx_word' id='word_1_18' title='bbox 953 255 1210 298; x_wconf 88' lang='lat' dir='ltr'><strong>LIVII</strong></span> 
     </span>
    </p>
   </div>
   <div class='ocr_carea' id='block_1_6' title="bbox 373 370 1677 2045">
    <p class='ocr_par' dir='ltr' id='par_1_6' title="bbox 373 370 1677 1743">
     <span class='ocr_line' id='line_1_10' title="bbox 380 370 1673 427; baseline 0.002 -15"><span class='ocrx_word' id='word_1_19' title='bbox 380 386 451 413; x_wconf 88' lang='lat' dir='ltr'><strong>nes</strong></span> <span class='ocrx_word' id='word_1_20' title='bbox 484 372 587 412; x_wconf 87' lang='lat' dir='ltr'><strong>sunt.</strong></span> <span class='ocrx_word' id='word_1_21' title='bbox 648 371 773 422; x_wconf 85' lang='lat' dir='ltr'>Dein,</span> <span class='ocrx_word' id='word_1_22' title='bbox 804 371 1015 427; x_wconf 89' lang='lat' dir='ltr'><strong>postquam</strong></span> <span class='ocrx_word' id='word_1_23' title='bbox 1045 374 1157 413; x_wconf 91' lang='lat' dir='ltr'><strong>nullo</strong></span> <span class='ocrx_word' id='word_1_24' title='bbox 1192 373 1282 413; x_wconf 92' lang='lat' dir='ltr'><strong>loco</strong></span> <span class='ocrx_word' id='word_1_25' title='bbox 1316 370 1521 413; x_wconf 86' lang='lat' dir='ltr'><strong>constabat</strong></span> <span class='ocrx_word' id='word_1_26' title='bbox 1554 373 1673 423; x_wconf 79' lang='lat' dir='ltr'><strong>acies,</strong></span> 
     </span>
     <span class='ocr_line' id='line_1_11' title="bbox 379 430 1672 485; baseline 0.001 -15"><span class='ocrx_word' id='word_1_27' title='bbox 379 439 490 485; x_wconf 84' lang='lat' dir='ltr'><strong>terga</strong></span> <span class='ocrx_word' id='word_1_28' title='bbox 511 440 698 479; x_wconf 82' lang='lat' dir='ltr'><strong>vertunt3</strong></span> <span class='ocrx_word' id='word_1_29' title='bbox 731 430 1067 484; x_wconf 85' lang='lat' dir='ltr'><strong>consternatique,</strong></span> <span class='ocrx_word' id='word_1_30' title='bbox 1102 434 1139 471; x_wconf 86' lang='lat'>&amp;</span> <span class='ocrx_word' id='word_1_31' title='bbox 1159 441 1302 485; x_wconf 84' lang='lat' dir='ltr'><strong>praeter</strong></span> <span class='ocrx_word' id='word_1_32' title='bbox 1317 430 1442 471; x_wconf 87' lang='lat' dir='ltr'><strong>castra</strong></span> <span class='ocrx_word' id='word_1_33' title='bbox 1463 430 1583 471; x_wconf 85' lang='lat' dir='ltr'><strong>etiam</strong></span> <span class='ocrx_word' id='word_1_34' title='bbox 1604 432 1672 471; x_wconf 78' lang='lat' dir='ltr'><strong>sua</strong></span> 
     </span>
     <span class='ocr_line' id='line_1_12' title="bbox 378 487 1671 542; baseline -0.001 -14"><span class='ocrx_word' id='word_1_35' title='bbox 378 502 524 542; x_wconf 81' lang='lat' dir='ltr'><strong>pavore</strong></span> <span class='ocrx_word' id='word_1_36' title='bbox 545 494 569 541; x_wconf 92' lang='lat'>†</span> <span class='ocrx_word' id='word_1_37' title='bbox 599 489 766 542; x_wconf 79' lang='lat' dir='ltr'><strong>praelati,</strong></span> <span class='ocrx_word' id='word_1_38' title='bbox 798 502 879 528; x_wconf 92' lang='lat' dir='ltr'><strong>non</strong></span> <span class='ocrx_word' id='word_1_39' title='bbox 913 488 1023 542; x_wconf 90' lang='lat' dir='ltr'><strong>prius</strong></span> <span class='ocrx_word' id='word_1_40' title='bbox 1057 488 1094 528; x_wconf 88' lang='lat' dir='ltr'><strong>se</strong></span> <span class='ocrx_word' id='word_1_41' title='bbox 1128 488 1176 528; x_wconf 86' lang='lat' dir='ltr'><strong>ab</strong></span> <span class='ocrx_word' id='word_1_42' title='bbox 1210 487 1335 528; x_wconf 91' lang='lat' dir='ltr'><strong>effuso</strong></span> <span class='ocrx_word' id='word_1_43' title='bbox 1367 487 1484 528; x_wconf 89' lang='lat' dir='ltr'><strong>cursu</strong></span> <span class='ocrx_word' id='word_1_44' title='bbox 1520 488 1671 536; x_wconf 82' lang='lat' dir='ltr'><strong>sistunt,</strong></span> 
     </span>
     <span class='ocr_line' id='line_1_13' title="bbox 378 544 1675 600; baseline -0.002 -15"><span class='ocrx_word' id='word_1_45' title='bbox 378 545 503 600; x_wconf 66' lang='lat' dir='ltr'><strong>quam</strong></span> <span class='ocrx_word' id='word_1_46' title='bbox 526 546 567 585; x_wconf 90' lang='lat' dir='ltr'><strong>in</strong></span> <span class='ocrx_word' id='word_1_47' title='bbox 589 546 807 600; x_wconf 57' lang='lat' dir='ltr'><strong>conspeetu</strong></span> <span class='ocrx_word' id='word_1_48' title='bbox 828 546 1027 586; x_wconf 78' lang='lat' dir='ltr'><strong>Praeneste</strong></span> <span class='ocrx_word' id='word_1_49' title='bbox 1049 546 1138 586; x_wconf 86' lang='lat' dir='ltr'><strong>fuit.</strong></span> <span class='ocrx_word' id='word_1_50' title='bbox 1202 547 1261 586; x_wconf 93' lang='lat' dir='ltr'><strong>Ibi</strong></span> <span class='ocrx_word' id='word_1_51' title='bbox 1295 549 1357 600; x_wconf 81' lang='lat'><strong>(3)</strong></span> <span class='ocrx_word' id='word_1_52' title='bbox 1384 560 1433 585; x_wconf 91' lang='lat' dir='ltr'><strong>ex</strong></span> <span class='ocrx_word' id='word_1_53' title='bbox 1454 544 1551 600; x_wconf 64' lang='lat' dir='ltr'><strong>fuga</strong></span> <span class='ocrx_word' id='word_1_54' title='bbox 1571 544 1675 584; x_wconf 85' lang='lat' dir='ltr'><strong>diffi-</strong></span> 
     </span>
     <span class='ocr_line' id='line_1_14' title="bbox 378 603 1673 658; baseline 0.001 -16"><span class='ocrx_word' id='word_1_55' title='bbox 378 604 476 657; x_wconf 82' lang='lat' dir='ltr'><strong>pati,</strong></span> <span class='ocrx_word' id='word_1_56' title='bbox 508 605 658 653; x_wconf 87' lang='lat' dir='ltr'><strong>locum,</strong></span> <span class='ocrx_word' id='word_1_57' title='bbox 690 619 812 658; x_wconf 87' lang='lat' dir='ltr'><strong>quem</strong></span> <span class='ocrx_word' id='word_1_58' title='bbox 832 605 1095 644; x_wconf 84' lang='lat' dir='ltr'><strong>tumultuario</strong></span> <span class='ocrx_word' id='word_1_59' title='bbox 1116 618 1236 657; x_wconf 87' lang='lat' dir='ltr'><strong>opere</strong></span> <span class='ocrx_word' id='word_1_60' title='bbox 1264 603 1577 652; x_wconf 85' lang='lat' dir='ltr'>communirent,</span> <span class='ocrx_word' id='word_1_61' title='bbox 1609 617 1673 643; x_wconf 88' lang='lat' dir='ltr'><strong>ca-</strong></span> 
     </span>
     <span class='ocr_line' id='line_1_15' title="bbox 377 661 1674 715; baseline -0.002 -14"><span class='ocrx_word' id='word_1_62' title='bbox 377 661 518 715; x_wconf 86' lang='lat' dir='ltr'><strong>piunt:</strong></span> <span class='ocrx_word' id='word_1_63' title='bbox 550 677 615 711; x_wconf 86' lang='lat' dir='ltr'><strong>ne,</strong></span> <span class='ocrx_word' id='word_1_64' title='bbox 648 663 672 702; x_wconf 89' lang='lat' dir='ltr'>fi</span> <span class='ocrx_word' id='word_1_65' title='bbox 695 663 798 702; x_wconf 85' lang='lat' dir='ltr'><strong>intra</strong></span> <span class='ocrx_word' id='word_1_66' title='bbox 819 663 970 702; x_wconf 86' lang='lat' dir='ltr'><strong>moenia</strong></span> <span class='ocrx_word' id='word_1_67' title='bbox 991 662 1028 701; x_wconf 91' lang='lat' dir='ltr'><strong>se</strong></span> <span class='ocrx_word' id='word_1_68' title='bbox 1043 663 1289 715; x_wconf 80' lang='lat' dir='ltr'><strong>recepissent,</strong></span> <span class='ocrx_word' id='word_1_69' title='bbox 1320 662 1522 714; x_wconf 85' lang='lat' dir='ltr'><strong>extemplo</strong></span> <span class='ocrx_word' id='word_1_70' title='bbox 1540 674 1674 700; x_wconf 87' lang='lat' dir='ltr'><strong>urere-</strong></span> 
     </span>
     <span class='ocr_line' id='line_1_16' title="bbox 376 718 1670 774; baseline 0 -17"><span class='ocrx_word' id='word_1_71' title='bbox 376 729 441 758; x_wconf 89' lang='lat' dir='ltr'><strong>tur</strong></span> <span class='ocrx_word' id='word_1_72' title='bbox 463 734 570 774; x_wconf 84' lang='lat' dir='ltr'><strong>ager,</strong></span> <span class='ocrx_word' id='word_1_73' title='bbox 601 719 928 774; x_wconf 82' lang='lat' dir='ltr'><strong>depopulatisque</strong></span> <span class='ocrx_word' id='word_1_74' title='bbox 956 720 1144 760; x_wconf 83' lang='lat' dir='ltr'><strong>omnibus</strong></span> <span class='ocrx_word' id='word_1_75' title='bbox 1165 719 1315 759; x_wconf 83' lang='lat' dir='ltr'><strong>obsidio</strong></span> <span class='ocrx_word' id='word_1_76' title='bbox 1332 718 1421 759; x_wconf 84' lang='lat' dir='ltr'><strong>urbi</strong></span> <span class='ocrx_word' id='word_1_77' title='bbox 1443 718 1670 758; x_wconf 86' lang='lat' dir='ltr'><strong>inferretur.</strong></span> 
     </span>
     <span class='ocr_line' id='line_1_17' title="bbox 374 776 1674 832; baseline -0.001 -16"><span class='ocrx_word' id='word_1_78' title='bbox 374 776 472 828; x_wconf 85' lang='lat' dir='ltr'><strong>Sed,</strong></span> <span class='ocrx_word' id='word_1_79' title='bbox 504 778 733 832; x_wconf 82' lang='lat' dir='ltr'><strong>postquam,</strong></span> <span class='ocrx_word' id='word_1_80' title='bbox 765 778 928 832; x_wconf 80' lang='lat' dir='ltr'><strong>direptis</strong></span> <span class='ocrx_word' id='word_1_81' title='bbox 945 779 995 817; x_wconf 81' lang='lat' dir='ltr'><strong>ad</strong></span> <span class='ocrx_word' id='word_1_82' title='bbox 1018 777 1168 816; x_wconf 83' lang='lat' dir='ltr'><strong>Alliam</strong></span> <span class='ocrx_word' id='word_1_83' title='bbox 1190 777 1342 828; x_wconf 80' lang='lat' dir='ltr'><strong>castris,</strong></span> <span class='ocrx_word' id='word_1_84' title='bbox 1372 776 1502 816; x_wconf 59' lang='lat' dir='ltr'><strong>vietor</strong></span> <span class='ocrx_word' id='word_1_85' title='bbox 1519 776 1674 815; x_wconf 88' lang='lat' dir='ltr'><strong>Roma-</strong></span> 
     </span>
     <span class='ocr_line' id='line_1_18' title="bbox 375 833 1675 890; baseline -0.002 -16"><span class='ocrx_word' id='word_1_86' title='bbox 375 849 452 875; x_wconf 84' lang='lat' dir='ltr'><strong>nus</strong></span> <span class='ocrx_word' id='word_1_87' title='bbox 486 836 635 884; x_wconf 83' lang='lat' dir='ltr'><strong>aderat,</strong></span> <span class='ocrx_word' id='word_1_88' title='bbox 667 836 707 876; x_wconf 92' lang='lat' dir='ltr'><strong>id</strong></span> <span class='ocrx_word' id='word_1_89' title='bbox 740 850 902 890; x_wconf 89' lang='lat' dir='ltr'><strong>quoque</strong></span> <span class='ocrx_word' id='word_1_90' title='bbox 941 835 1241 875; x_wconf 89' lang='lat' dir='ltr'><strong>munimentum</strong></span> <span class='ocrx_word' id='word_1_91' title='bbox 1275 834 1487 874; x_wconf 57' lang='lat' dir='ltr'><strong>relietum:</strong></span> <span class='ocrx_word' id='word_1_92' title='bbox 1519 836 1577 883; x_wconf 86' lang='lat'><strong>&amp;‚</strong></span> <span class='ocrx_word' id='word_1_93' title='bbox 1608 833 1675 872; x_wconf 77' lang='lat' dir='ltr'><strong>vix</strong></span> 
     </span>
     <span class='ocr_line' id='line_1_19' title="bbox 376 889 1674 948; baseline -0.001 -17"><span class='ocrx_word' id='word_1_94' title='bbox 376 893 527 932; x_wconf 85' lang='lat' dir='ltr'><strong>moenia</strong></span> <span class='ocrx_word' id='word_1_95' title='bbox 562 903 648 933; x_wconf 84' lang='lat' dir='ltr'><strong>tuta</strong></span> <span class='ocrx_word' id='word_1_96' title='bbox 681 894 770 943; x_wconf 89' lang='lat' dir='ltr'><strong>rati,</strong></span> <span class='ocrx_word' id='word_1_97' title='bbox 801 894 951 948; x_wconf 92' lang='lat' dir='ltr'><strong>oppido</strong></span> <span class='ocrx_word' id='word_1_98' title='bbox 980 893 1018 933; x_wconf 85' lang='lat' dir='ltr'><strong>se</strong></span> <span class='ocrx_word' id='word_1_99' title='bbox 1052 893 1252 933; x_wconf 75' lang='lat' dir='ltr'><strong>Praeneste</strong></span> <span class='ocrx_word' id='word_1_100' title='bbox 1275 891 1502 932; x_wconf 90' lang='lat' dir='ltr'><strong>includunt.</strong></span> <span class='ocrx_word' id='word_1_101' title='bbox 1561 889 1674 930; x_wconf 66' lang='lat'><strong>0810</strong></span> 
     </span>
     <span class='ocr_line' id='line_1_20' title="bbox 376 948 1673 1005; baseline -0.002 -15"><span class='ocrx_word' id='word_1_102' title='bbox 376 952 436 1005; x_wconf 84' lang='lat'><strong>(4)</strong></span> <span class='ocrx_word' id='word_1_103' title='bbox 462 960 652 1004; x_wconf 77' lang='lat' dir='ltr'><strong>praetcrea</strong></span> <span class='ocrx_word' id='word_1_104' title='bbox 674 952 822 1005; x_wconf 88' lang='lat' dir='ltr'><strong>oppida</strong></span> <span class='ocrx_word' id='word_1_105' title='bbox 842 961 954 991; x_wconf 83' lang='lat' dir='ltr'><strong>erant</strong></span> <span class='ocrx_word' id='word_1_106' title='bbox 976 950 1046 990; x_wconf 89' lang='lat' dir='ltr'><strong>sub</strong></span> <span class='ocrx_word' id='word_1_107' title='bbox 1068 951 1219 990; x_wconf 87' lang='lat' dir='ltr'><strong>ditione</strong></span> <span class='ocrx_word' id='word_1_108' title='bbox 1238 949 1592 990; x_wconf 81' lang='lat' dir='ltr'><strong>Praenestinorum.</strong></span> <span class='ocrx_word' id='word_1_109' title='bbox 1624 948 1673 988; x_wconf 92' lang='lat' dir='ltr'><strong>ad</strong></span> 
     </span>
     <span class='ocr_line' id='line_1_21' title="bbox 373 1007 1676 1062; baseline -0.002 -15"><span class='ocrx_word' id='word_1_110' title='bbox 373 1022 420 1047; x_wconf 82' lang='lat' dir='ltr'><strong>ea</strong></span> <span class='ocrx_word' id='word_1_111' title='bbox 442 1009 722 1048; x_wconf 85' lang='lat' dir='ltr'><strong>circumlatum</strong></span> <span class='ocrx_word' id='word_1_112' title='bbox 744 1010 920 1049; x_wconf 88' lang='lat' dir='ltr'><strong>bellum:</strong></span> <span class='ocrx_word' id='word_1_113' title='bbox 952 1014 972 1061; x_wconf 51' lang='grc' dir='ltr'><em>γ</em></span> <span class='ocrx_word' id='word_1_114' title='bbox 991 1008 1272 1062; x_wconf 86' lang='lat' dir='ltr'><strong>deincepsque,</strong></span> <span class='ocrx_word' id='word_1_115' title='bbox 1293 1007 1400 1048; x_wconf 83' lang='lat' dir='ltr'><strong>haud</strong></span> <span class='ocrx_word' id='word_1_116' title='bbox 1423 1020 1570 1061; x_wconf 82' lang='lat' dir='ltr'><strong>magno</strong></span> <span class='ocrx_word' id='word_1_117' title='bbox 1591 1020 1676 1045; x_wconf 87' lang='lat' dir='ltr'><strong>cer-</strong></span> 
     </span>
     <span class='ocr_line' id='line_1_22' title="bbox 374 1065 1673 1119; baseline -0.003 -13"><span class='ocrx_word' id='word_1_118' title='bbox 374 1065 524 1106; x_wconf 81' lang='lat' dir='ltr'><strong>tamine</strong></span> <span class='ocrx_word' id='word_1_119' title='bbox 566 1067 706 1119; x_wconf 81' lang='lat' dir='ltr'><strong>captis‚</strong></span> <span class='ocrx_word' id='word_1_120' title='bbox 737 1066 914 1106; x_wconf 84' lang='lat' dir='ltr'><strong>Velitras</strong></span> <span class='ocrx_word' id='word_1_121' title='bbox 951 1067 1148 1106; x_wconf 85' lang='lat' dir='ltr'><strong>exercitus</strong></span> <span class='ocrx_word' id='word_1_122' title='bbox 1184 1066 1346 1106; x_wconf 69' lang='lat' dir='ltr'><strong>duetus.</strong></span> <span class='ocrx_word' id='word_1_123' title='bbox 1404 1065 1473 1104; x_wconf 87' lang='lat' dir='ltr'><strong>Eae</strong></span> <span class='ocrx_word' id='word_1_124' title='bbox 1511 1077 1673 1117; x_wconf 91' lang='lat' dir='ltr'><strong>quoque</strong></span> 
     </span>
     <span class='ocr_line' id='line_1_23' title="bbox 373 1122 1673 1177; baseline -0.002 -16"><span class='ocrx_word' id='word_1_125' title='bbox 373 1132 627 1177; x_wconf 83' lang='lat' dir='ltr'><strong>expugnatae.</strong></span> <span class='ocrx_word' id='word_1_126' title='bbox 646 1132 734 1162; x_wconf 87' lang='lat' dir='ltr'><strong>tum</strong></span> <span class='ocrx_word' id='word_1_127' title='bbox 751 1124 801 1162; x_wconf 87' lang='lat' dir='ltr'><strong>ad</strong></span> <span class='ocrx_word' id='word_1_128' title='bbox 818 1132 940 1176; x_wconf 85' lang='lat' dir='ltr'><strong>caput</strong></span> <span class='ocrx_word' id='word_1_129' title='bbox 957 1122 1051 1163; x_wconf 92' lang='lat' dir='ltr'><strong>belli</strong></span> <span class='ocrx_word' id='word_1_130' title='bbox 1071 1124 1271 1164; x_wconf 81' lang='lat' dir='ltr'><strong>Praeneste</strong></span> <span class='ocrx_word' id='word_1_131' title='bbox 1290 1133 1470 1163; x_wconf 86' lang='lat' dir='ltr'><strong>ventum.</strong></span> <span class='ocrx_word' id='word_1_132' title='bbox 1522 1122 1569 1160; x_wconf 90' lang='lat' dir='ltr'><strong>Id</strong></span> <span class='ocrx_word' id='word_1_133' title='bbox 1590 1136 1673 1160; x_wconf 89' lang='lat' dir='ltr'><strong>non</strong></span> 
     </span>
     <span class='ocr_line' id='line_1_24' title="bbox 373 1179 1674 1245; baseline 0 -27"><span class='ocrx_word' id='word_1_134' title='bbox 373 1180 427 1228; x_wconf 86' lang='lat' dir='ltr'><strong>vi,</strong></span> <span class='ocrx_word' id='word_1_135' title='bbox 460 1180 526 1220; x_wconf 91' lang='lat' dir='ltr'><strong>sed</strong></span> <span class='ocrx_word' id='word_1_136' title='bbox 567 1194 638 1245; x_wconf 88' lang='lat' dir='ltr'><strong>per</strong></span> <span class='ocrx_word' id='word_1_137' title='bbox 676 1181 937 1229; x_wconf 88' lang='lat' dir='ltr'><strong>deditionem,</strong></span> <span class='ocrx_word' id='word_1_138' title='bbox 969 1190 1177 1233; x_wconf 87' lang='lat' dir='ltr'><strong>receptum</strong></span> <span class='ocrx_word' id='word_1_139' title='bbox 1217 1181 1286 1221; x_wconf 91' lang='lat' dir='ltr'><strong>est.</strong></span> <span class='ocrx_word' id='word_1_140' title='bbox 1345 1181 1398 1220; x_wconf 88' lang='lat' dir='ltr'><strong>T.</strong></span> <span class='ocrx_word' id='word_1_141' title='bbox 1432 1179 1674 1244; x_wconf 64' lang='lat' dir='ltr'><strong>QinEtius‚</strong></span> 
     </span>
     <span class='ocr_line' id='line_1_25' title="bbox 376 1237 1673 1291; baseline -0.001 -14"><span class='ocrx_word' id='word_1_142' title='bbox 376 1237 497 1277; x_wconf 88' lang='lat' dir='ltr'><strong>semel</strong></span> <span class='ocrx_word' id='word_1_143' title='bbox 529 1239 612 1278; x_wconf 88' lang='lat' dir='ltr'><strong>acie</strong></span> <span class='ocrx_word' id='word_1_144' title='bbox 646 1238 791 1287; x_wconf 58' lang='lat' dir='ltr'><strong>vietor,</strong></span> <span class='ocrx_word' id='word_1_145' title='bbox 822 1237 926 1280; x_wconf 85' lang='lat' dir='ltr'><strong>binis</strong></span> <span class='ocrx_word' id='word_1_146' title='bbox 960 1237 1094 1277; x_wconf 84' lang='lat' dir='ltr'><strong>castris</strong></span> <span class='ocrx_word' id='word_1_147' title='bbox 1125 1237 1316 1288; x_wconf 87' lang='lat' dir='ltr'><strong>hostium,</strong></span> <span class='ocrx_word' id='word_1_148' title='bbox 1348 1252 1493 1278; x_wconf 86' lang='lat' dir='ltr'><strong>novem</strong></span> <span class='ocrx_word' id='word_1_149' title='bbox 1514 1237 1673 1291; x_wconf 81' lang='lat' dir='ltr'><strong>oppidis</strong></span> 
     </span>
     <span class='ocr_line' id='line_1_26' title="bbox 373 1295 1674 1350; baseline -0.001 -15"><span class='ocrx_word' id='word_1_150' title='bbox 373 1295 412 1335; x_wconf 89' lang='lat' dir='ltr'><strong>vi</strong></span> <span class='ocrx_word' id='word_1_151' title='bbox 435 1296 577 1350; x_wconf 85' lang='lat' dir='ltr'><strong>captis,</strong></span> <span class='ocrx_word' id='word_1_152' title='bbox 608 1296 807 1336; x_wconf 87' lang='lat' dir='ltr'><strong>Praeneste</strong></span> <span class='ocrx_word' id='word_1_153' title='bbox 841 1296 880 1335; x_wconf 89' lang='lat' dir='ltr'><strong>in</strong></span> <span class='ocrx_word' id='word_1_154' title='bbox 913 1295 1160 1335; x_wconf 88' lang='lat' dir='ltr'><strong>deditionem</strong></span> <span class='ocrx_word' id='word_1_155' title='bbox 1190 1304 1370 1348; x_wconf 85' lang='lat' dir='ltr'><strong>accepto,</strong></span> <span class='ocrx_word' id='word_1_156' title='bbox 1402 1296 1580 1335; x_wconf 84' lang='lat' dir='ltr'><strong>Romam</strong></span> <span class='ocrx_word' id='word_1_157' title='bbox 1612 1308 1674 1334; x_wconf 91' lang='lat' dir='ltr'><strong>re-</strong></span> 
     </span>
     <span class='ocr_line' id='line_1_27' title="bbox 373 1352 1677 1409; baseline -0.002 -16"><span class='ocrx_word' id='word_1_158' title='bbox 373 1354 492 1393; x_wconf 89' lang='lat' dir='ltr'><strong>vertit</strong></span> <span class='ocrx_word' id='word_1_159' title='bbox 529 1356 612 1409; x_wconf 80' lang='lat'><strong>(5):</strong></span> <span class='ocrx_word' id='word_1_160' title='bbox 643 1352 974 1408; x_wconf 86' lang='lat' dir='ltr'><strong>triumphansque</strong></span> <span class='ocrx_word' id='word_1_161' title='bbox 1012 1353 1182 1408; x_wconf 81' lang='lat' dir='ltr'><strong>signum,</strong></span> <span class='ocrx_word' id='word_1_162' title='bbox 1213 1352 1413 1393; x_wconf 88' lang='lat' dir='ltr'><strong>Praeneste</strong></span> <span class='ocrx_word' id='word_1_163' title='bbox 1445 1352 1677 1402; x_wconf 56' lang='lat' dir='ltr'><strong>devectum,</strong></span> 
     </span>
     <span class='ocr_line' id='line_1_28' title="bbox 374 1409 1674 1466; baseline -0.001 -15"><span class='ocrx_word' id='word_1_164' title='bbox 374 1413 438 1466; x_wconf 93' lang='lat'><strong>(6)</strong></span> <span class='ocrx_word' id='word_1_165' title='bbox 458 1412 570 1464; x_wconf 86' lang='lat' dir='ltr'><strong>Jovis</strong></span> <span class='ocrx_word' id='word_1_166' title='bbox 592 1412 850 1466; x_wconf 84' lang='lat' dir='ltr'><strong>Imperatoris</strong></span> <span class='ocrx_word' id='word_1_167' title='bbox 872 1411 912 1450; x_wconf 90' lang='lat' dir='ltr'><strong>in</strong></span> <span class='ocrx_word' id='word_1_168' title='bbox 929 1411 1177 1464; x_wconf 89' lang='lat' dir='ltr'><strong>Capitolium</strong></span> <span class='ocrx_word' id='word_1_169' title='bbox 1196 1410 1301 1450; x_wconf 87' lang='lat' dir='ltr'><strong>tulit.</strong></span> <span class='ocrx_word' id='word_1_170' title='bbox 1353 1410 1597 1451; x_wconf 81' lang='lat' dir='ltr'><strong>Dedicatum</strong></span> <span class='ocrx_word' id='word_1_171' title='bbox 1617 1409 1674 1450; x_wconf 85' lang='lat' dir='ltr'><strong>est</strong></span> 
     </span>
     <span class='ocr_line' id='line_1_29' title="bbox 373 1466 1674 1524; baseline -0.002 -16"><span class='ocrx_word' id='word_1_172' title='bbox 373 1469 478 1509; x_wconf 87' lang='lat' dir='ltr'><strong>inter</strong></span> <span class='ocrx_word' id='word_1_173' title='bbox 497 1475 523 1523; x_wconf 89' lang='lat'>†</span> <span class='ocrx_word' id='word_1_174' title='bbox 543 1471 685 1510; x_wconf 85' lang='lat' dir='ltr'><strong>cellam</strong></span> <span class='ocrx_word' id='word_1_175' title='bbox 712 1470 824 1524; x_wconf 81' lang='lat' dir='ltr'><strong>Jovis</strong></span> <span class='ocrx_word' id='word_1_176' title='bbox 845 1485 890 1510; x_wconf 83' lang='lat' dir='ltr'><strong>ac</strong></span> <span class='ocrx_word' id='word_1_177' title='bbox 912 1469 1134 1518; x_wconf 72' lang='lat' dir='ltr'><strong>Minervae,</strong></span> <span class='ocrx_word' id='word_1_178' title='bbox 1123 1486 1132 1494; x_wconf 93' lang='lat'><strong>·</strong></span> <span class='ocrx_word' id='word_1_179' title='bbox 1167 1468 1382 1524; x_wconf 86' lang='lat' dir='ltr'><strong>tabulaque</strong></span> <span class='ocrx_word' id='word_1_180' title='bbox 1414 1466 1484 1507; x_wconf 89' lang='lat' dir='ltr'><strong>sub</strong></span> <span class='ocrx_word' id='word_1_181' title='bbox 1512 1480 1560 1508; x_wconf 89' lang='lat' dir='ltr'><strong>eo</strong></span> <span class='ocrx_word' id='word_1_182' title='bbox 1580 1466 1674 1516; x_wconf 79' lang='lat' dir='ltr'><strong>fixa,</strong></span> 
     </span>
     <span class='ocr_line' id='line_1_30' title="bbox 373 1524 1676 1582; baseline -0.001 -15"><span class='ocrx_word' id='word_1_183' title='bbox 373 1537 687 1568; x_wconf 87' lang='lat' dir='ltr'><strong>monumentum</strong></span> <span class='ocrx_word' id='word_1_184' title='bbox 727 1542 862 1568; x_wconf 89' lang='lat' dir='ltr'><strong>rerum</strong></span> <span class='ocrx_word' id='word_1_185' title='bbox 896 1527 1113 1582; x_wconf 86' lang='lat' dir='ltr'><strong>gestarum,</strong></span> <span class='ocrx_word' id='word_1_186' title='bbox 1143 1526 1206 1566; x_wconf 84' lang='lat' dir='ltr'><strong>his</strong></span> <span class='ocrx_word' id='word_1_187' title='bbox 1239 1526 1366 1566; x_wconf 89' lang='lat' dir='ltr'><strong>ferme</strong></span> <span class='ocrx_word' id='word_1_188' title='bbox 1397 1524 1519 1565; x_wconf 84' lang='lat' dir='ltr'><strong>incisa</strong></span> <span class='ocrx_word' id='word_1_189' title='bbox 1550 1524 1676 1576; x_wconf 77' lang='lat' dir='ltr'><strong>literis</strong></span> 
     </span>
     <span class='ocr_line' id='line_1_31' title="bbox 373 1582 1675 1642; baseline -0.003 -17"><span class='ocrx_word' id='word_1_190' title='bbox 373 1584 476 1625; x_wconf 80' lang='lat' dir='ltr'><strong>fuit:</strong></span> <span class='ocrx_word' id='word_1_191' title='bbox 510 1586 669 1642; x_wconf 82' lang='lat' dir='ltr'><strong>Jupiter</strong></span> <span class='ocrx_word' id='word_1_192' title='bbox 696 1595 804 1640; x_wconf 85' lang='lat' dir='ltr'><strong>atque</strong></span> <span class='ocrx_word' id='word_1_193' title='bbox 825 1586 928 1625; x_wconf 85' lang='lat' dir='ltr'><strong>Divi</strong></span> <span class='ocrx_word' id='word_1_194' title='bbox 945 1601 1063 1625; x_wconf 86' lang='lat' dir='ltr'><strong>omnes</strong></span> <span class='ocrx_word' id='word_1_195' title='bbox 1082 1585 1145 1625; x_wconf 80' lang='lat' dir='ltr'><strong>hoc</strong></span> <span class='ocrx_word' id='word_1_196' title='bbox 1163 1584 1354 1633; x_wconf 83' lang='lat' dir='ltr'><strong>dederunt,</strong></span> <span class='ocrx_word' id='word_1_197' title='bbox 1385 1592 1427 1623; x_wconf 86' lang='lat' dir='ltr'><strong>ut</strong></span> <span class='ocrx_word' id='word_1_198' title='bbox 1449 1582 1497 1622; x_wconf 77' lang='lat' dir='ltr'><strong>T.</strong></span> <span class='ocrx_word' id='word_1_199' title='bbox 1523 1582 1675 1637; x_wconf 55' lang='lat' dir='ltr'><strong>,Quinc-</strong></span> 
     </span>
     <span class='ocr_line' id='line_1_32' title="bbox 374 1642 1674 1698; baseline -0.002 -15"><span class='ocrx_word' id='word_1_200' title='bbox 374 1644 450 1683; x_wconf 82' lang='lat' dir='ltr'><strong>tius</strong></span> <span class='ocrx_word' id='word_1_201' title='bbox 465 1643 622 1683; x_wconf 56' lang='lat' dir='ltr'><strong>difflator</strong></span> <span class='ocrx_word' id='word_1_202' title='bbox 637 1645 764 1698; x_wconf 80' lang='lat' dir='ltr'><strong>oppida</strong></span> <span class='ocrx_word' id='word_1_203' title='bbox 781 1659 907 1683; x_wconf 81' lang='lat' dir='ltr'><strong>novem</strong></span> <span class='ocrx_word' id='word_1_204' title='bbox 924 1646 986 1697; x_wconf 87' lang='lat'><strong>(7)</strong></span> <span class='ocrx_word' id='word_1_205' title='bbox 1006 1652 1160 1696; x_wconf 82' lang='lat' dir='ltr'><strong>caperet.</strong></span> <span class='ocrx_word' id='word_1_206' title='bbox 1192 1643 1274 1682; x_wconf 85' lang='lat' dir='ltr'><strong>Die</strong></span> <span class='ocrx_word' id='word_1_207' title='bbox 1290 1642 1490 1690; x_wconf 84' lang='lat' dir='ltr'><strong>vicesimo,</strong></span> <span class='ocrx_word' id='word_1_208' title='bbox 1506 1646 1530 1694; x_wconf 86' lang='lat'>†</span> <span class='ocrx_word' id='word_1_209' title='bbox 1548 1654 1674 1694; x_wconf 79' lang='lat' dir='ltr'><strong>quam</strong></span> 
     </span>
     <span class='ocr_line' id='line_1_33' title="bbox 374 1700 1175 1750; baseline -0.003 -9"><span class='ocrx_word' id='word_1_210' title='bbox 374 1711 533 1743; x_wconf 80' lang='lat' dir='ltr'><strong>creatus</strong></span> <span class='ocrx_word' id='word_1_211' title='bbox 554 1710 652 1750; x_wconf 88' lang='lat' dir='ltr'><strong>erat,</strong></span> <span class='ocrx_word' id='word_1_212' title='bbox 684 1702 883 1741; x_wconf 56' lang='lat' dir='ltr'><strong>&amp;Statura</strong></span> <span class='ocrx_word' id='word_1_213' title='bbox 905 1701 943 1740; x_wconf 88' lang='lat' dir='ltr'><strong>se</strong></span> <span class='ocrx_word' id='word_1_214' title='bbox 965 1700 1175 1740; x_wconf 87' lang='lat' dir='ltr'><strong>abdicavit.</strong></span> 
     </span>
    </p>

    <p class='ocr_par' dir='ltr' id='par_1_7' title="bbox 375 1755 1676 2045">
     <span class='ocr_line' id='line_1_34' title="bbox 433 1755 1675 1799; baseline -0.003 0"><span class='ocrx_word' id='word_1_215' title='bbox 433 1759 571 1799; x_wconf 88' lang='lat' dir='ltr'>XXX.</span> <span class='ocrx_word' id='word_1_216' title='bbox 603 1759 780 1799; x_wconf 80' lang='lat' dir='ltr'><strong>Comitia</strong></span> <span class='ocrx_word' id='word_1_217' title='bbox 799 1760 892 1798; x_wconf 90' lang='lat' dir='ltr'><strong>inde</strong></span> <span class='ocrx_word' id='word_1_218' title='bbox 911 1757 1046 1798; x_wconf 83' lang='lat' dir='ltr'><strong>habita</strong></span> <span class='ocrx_word' id='word_1_219' title='bbox 1067 1758 1322 1797; x_wconf 85' lang='lat' dir='ltr'><strong>tribunorum</strong></span> <span class='ocrx_word' id='word_1_220' title='bbox 1340 1756 1515 1796; x_wconf 89' lang='lat' dir='ltr'><strong>militum</strong></span> <span class='ocrx_word' id='word_1_221' title='bbox 1532 1755 1675 1796; x_wconf 91' lang='lat' dir='ltr'><strong>consu-</strong></span> 
     </span>
     <span class='ocr_line' id='line_1_35' title="bbox 375 1813 1676 1880; baseline -0.003 -23"><span class='ocrx_word' id='word_1_222' title='bbox 375 1816 448 1857; x_wconf 86' lang='lat' dir='ltr'><strong>lari</strong></span> <span class='ocrx_word' id='word_1_223' title='bbox 481 1816 700 1871; x_wconf 79' lang='lat' dir='ltr'><strong>potestate3</strong></span> <span class='ocrx_word' id='word_1_224' title='bbox 733 1817 879 1870; x_wconf 90' lang='lat' dir='ltr'><strong>quibus</strong></span> <span class='ocrx_word' id='word_1_225' title='bbox 915 1825 1097 1869; x_wconf 80' lang='lat' dir='ltr'><strong>aequatus</strong></span> <span class='ocrx_word' id='word_1_226' title='bbox 1123 1816 1383 1880; x_wconf 74' lang='lat' dir='ltr'><strong>patriciorum</strong></span> <span class='ocrx_word' id='word_1_227' title='bbox 1406 1813 1676 1868; x_wconf 87' lang='lat' dir='ltr'><strong>plebeiorum-</strong></span> 
     </span>
     <span class='ocr_line' id='line_1_36' title="bbox 378 1872 1673 1928; baseline -0.003 -13"><span class='ocrx_word' id='word_1_228' title='bbox 378 1889 456 1928; x_wconf 86' lang='lat' dir='ltr'><strong>que</strong></span> <span class='ocrx_word' id='word_1_229' title='bbox 476 1889 683 1915; x_wconf 86' lang='lat' dir='ltr'><strong>numerus.</strong></span> <span class='ocrx_word' id='word_1_230' title='bbox 745 1875 805 1914; x_wconf 85' lang='lat' dir='ltr'><strong>Ex</strong></span> <span class='ocrx_word' id='word_1_231' title='bbox 826 1873 1013 1914; x_wconf 88' lang='lat' dir='ltr'><strong>Patribus</strong></span> <span class='ocrx_word' id='word_1_232' title='bbox 1035 1873 1156 1914; x_wconf 83' lang='lat' dir='ltr'><strong>creati</strong></span> <span class='ocrx_word' id='word_1_233' title='bbox 1176 1874 1222 1912; x_wconf 91' lang='lat' dir='ltr'><strong>P.</strong></span> <span class='ocrx_word' id='word_1_234' title='bbox 1249 1875 1286 1912; x_wconf 87' lang='lat'>&amp;</span> <span class='ocrx_word' id='word_1_235' title='bbox 1311 1873 1360 1913; x_wconf 92' lang='lat' dir='ltr'><strong>C.</strong></span> <span class='ocrx_word' id='word_1_236' title='bbox 1380 1872 1546 1922; x_wconf 83' lang='lat' dir='ltr'><strong>Manlii,</strong></span> <span class='ocrx_word' id='word_1_237' title='bbox 1578 1885 1673 1912; x_wconf 89' lang='lat' dir='ltr'><strong>cum</strong></span> 
     </span>
     <span class='ocr_line' id='line_1_37' title="bbox 376 1929 1675 1986; baseline -0.003 -14"><span class='ocrx_word' id='word_1_238' title='bbox 376 1933 422 1972; x_wconf 88' lang='lat' dir='ltr'><strong>L.</strong></span> <span class='ocrx_word' id='word_1_239' title='bbox 449 1933 585 1985; x_wconf 87' lang='lat' dir='ltr'><strong>Julio:</strong></span> <span class='ocrx_word' id='word_1_240' title='bbox 615 1932 750 1986; x_wconf 82' lang='lat' dir='ltr'><strong>plebes</strong></span> <span class='ocrx_word' id='word_1_241' title='bbox 785 1933 834 1973; x_wconf 91' lang='lat' dir='ltr'><strong>C.</strong></span> <span class='ocrx_word' id='word_1_242' title='bbox 857 1932 1087 1982; x_wconf 84' lang='lat' dir='ltr'><strong>Sextilium,</strong></span> <span class='ocrx_word' id='word_1_243' title='bbox 1118 1931 1181 1971; x_wconf 91' lang='lat' dir='ltr'><strong>M.</strong></span> <span class='ocrx_word' id='word_1_244' title='bbox 1205 1930 1433 1979; x_wconf 80' lang='lat' dir='ltr'><strong>Albinium,</strong></span> <span class='ocrx_word' id='word_1_245' title='bbox 1464 1929 1513 1968; x_wconf 82' lang='lat' dir='ltr'><strong>L.</strong></span> <span class='ocrx_word' id='word_1_246' title='bbox 1538 1929 1675 1969; x_wconf 86' lang='lat' dir='ltr'><strong>Antis-</strong></span> 
     </span>
     <span class='ocr_line' id='line_1_38' title="bbox 376 1986 1676 2045; baseline -0.003 -15"><span class='ocrx_word' id='word_1_247' title='bbox 376 1991 479 2030; x_wconf 88' lang='lat' dir='ltr'><strong>tium</strong></span> <span class='ocrx_word' id='word_1_248' title='bbox 501 1990 623 2030; x_wconf 89' lang='lat' dir='ltr'><strong>dedit.</strong></span> <span class='ocrx_word' id='word_1_249' title='bbox 684 1990 868 2043; x_wconf 74' lang='lat' dir='ltr'><strong>Manffis,</strong></span> <span class='ocrx_word' id='word_1_250' title='bbox 898 1988 1010 2043; x_wconf 71' lang='lat' dir='ltr'><strong>quod</strong></span> <span class='ocrx_word' id='word_1_251' title='bbox 1044 2002 1190 2044; x_wconf 88' lang='lat' dir='ltr'><strong>genere</strong></span> <span class='ocrx_word' id='word_1_252' title='bbox 1225 1987 1418 2045; x_wconf 76' lang='lat' dir='ltr'><strong>plebeios,</strong></span> <span class='ocrx_word' id='word_1_253' title='bbox 1448 1986 1575 2042; x_wconf 63' lang='lat' dir='ltr'><strong>gratia</strong></span> <span class='ocrx_word' id='word_1_254' title='bbox 1602 1988 1676 2041; x_wconf 87' lang='lat' dir='ltr'><strong>Ju-</strong></span> 
     </span>
    </p>
   </div>
   <div class='ocr_carea' id='block_1_7' title="bbox 363 2120 1676 2701">
    <p class='ocr_par' dir='ltr' id='par_1_8' title="bbox 363 2120 1676 2660">
     <span class='ocr_line' id='line_1_39' title="bbox 365 2120 1674 2169; baseline -0.003 -13"><span class='ocrx_word' id='word_1_255' title='bbox 365 2129 421 2168; x_wconf 77' lang='lat' dir='ltr'><strong>fas</strong></span> <span class='ocrx_word' id='word_1_256' title='bbox 435 2126 560 2169; x_wconf 77' lang='lat' dir='ltr'><strong>acfidem</strong></span> <span class='ocrx_word' id='word_1_257' title='bbox 576 2127 685 2168; x_wconf 76' lang='lat' dir='ltr'><strong>deceptt’.</strong></span> <span class='ocrx_word' id='word_1_258' title='bbox 730 2125 786 2167; x_wconf 83' lang='lat'><strong>(3)</strong></span> <span class='ocrx_word' id='word_1_259' title='bbox 810 2127 921 2168; x_wconf 84' lang='lat' dir='ltr'><strong>Qum</strong></span> <span class='ocrx_word' id='word_1_260' title='bbox 933 2123 1073 2166; x_wconf 83' lang='lat' dir='ltr'><strong>diffipati</strong></span> <span class='ocrx_word' id='word_1_261' title='bbox 1090 2125 1149 2155; x_wconf 89' lang='lat' dir='ltr'><strong>hac</strong></span> <span class='ocrx_word' id='word_1_262' title='bbox 1167 2123 1239 2155; x_wconf 81' lang='lat' dir='ltr'><strong>illac</strong></span> <span class='ocrx_word' id='word_1_263' title='bbox 1257 2134 1294 2154; x_wconf 80' lang='lat' dir='ltr'><strong>ex</strong></span> <span class='ocrx_word' id='word_1_264' title='bbox 1311 2121 1384 2164; x_wconf 55' lang='lat' dir='ltr'><strong>fuga</strong></span> <span class='ocrx_word' id='word_1_265' title='bbox 1399 2121 1539 2160; x_wconf 85' lang='lat' dir='ltr'><strong>fuissent,</strong></span> <span class='ocrx_word' id='word_1_266' title='bbox 1559 2122 1622 2163; x_wconf 79' lang='lat' dir='ltr'><strong>jam</strong></span> <span class='ocrx_word' id='word_1_267' title='bbox 1640 2120 1674 2153; x_wconf 88' lang='lat' dir='ltr'><strong>in</strong></span> 
     </span>
     <span class='ocr_line' id='line_1_40' title="bbox 376 2167 1675 2212; baseline -0.004 -10"><span class='ocrx_word' id='word_1_268' title='bbox 376 2182 479 2203; x_wconf 88' lang='lat' dir='ltr'><strong>unum</strong></span> <span class='ocrx_word' id='word_1_269' title='bbox 505 2170 690 2212; x_wconf 84' lang='lat' dir='ltr'><strong>colligentes</strong></span> <span class='ocrx_word' id='word_1_270' title='bbox 716 2171 757 2208; x_wconf 85' lang='lat' dir='ltr'><strong>se,</strong></span> <span class='ocrx_word' id='word_1_271' title='bbox 779 2171 822 2201; x_wconf 88' lang='lat' dir='ltr'><strong>ibi</strong></span> <span class='ocrx_word' id='word_1_272' title='bbox 850 2172 957 2201; x_wconf 88' lang='lat' dir='ltr'><strong>locum</strong></span> <span class='ocrx_word' id='word_1_273' title='bbox 982 2169 1126 2211; x_wconf 84' lang='lat' dir='ltr'><strong>capiunt.</strong></span> <span class='ocrx_word' id='word_1_274' title='bbox 1170 2170 1225 2210; x_wconf 84' lang='lat'><strong>(4)</strong></span> <span class='ocrx_word' id='word_1_275' title='bbox 1250 2171 1371 2200; x_wconf 84' lang='lat' dir='ltr'><strong>Praetei</strong></span> <span class='ocrx_word' id='word_1_276' title='bbox 1395 2167 1499 2209; x_wconf 89' lang='lat' dir='ltr'><strong>ipsum</strong></span> <span class='ocrx_word' id='word_1_277' title='bbox 1518 2167 1675 2198; x_wconf 86' lang='lat' dir='ltr'><strong>Praeneste</strong></span> 
     </span>
     <span class='ocr_line' id='line_1_41' title="bbox 375 2211 1675 2257; baseline -0.004 -10"><span class='ocrx_word' id='word_1_278' title='bbox 375 2224 559 2247; x_wconf 82' lang='lat' dir='ltr'><strong>ceterorum</strong></span> <span class='ocrx_word' id='word_1_279' title='bbox 586 2223 697 2257; x_wconf 85' lang='lat' dir='ltr'><strong>caput</strong></span> <span class='ocrx_word' id='word_1_280' title='bbox 745 2216 798 2256; x_wconf 77' lang='lat'><strong>(5)</strong></span> <span class='ocrx_word' id='word_1_281' title='bbox 823 2215 937 2246; x_wconf 86' lang='lat' dir='ltr'><strong>Passim</strong></span> <span class='ocrx_word' id='word_1_282' title='bbox 958 2214 1072 2245; x_wconf 84' lang='lat' dir='ltr'><strong>Livius</strong></span> <span class='ocrx_word' id='word_1_283' title='bbox 1098 2214 1192 2255; x_wconf 84' lang='lat' dir='ltr'><strong>hujus</strong></span> <span class='ocrx_word' id='word_1_284' title='bbox 1218 2213 1309 2244; x_wconf 88' lang='lat' dir='ltr'><strong>verbi</strong></span> <span class='ocrx_word' id='word_1_285' title='bbox 1332 2214 1526 2254; x_wconf 61' lang='lat' dir='ltr'><strong>perfeetum,</strong></span> <span class='ocrx_word' id='word_1_286' title='bbox 1550 2213 1581 2242; x_wconf 69' lang='grc' dir='ltr'>ἃ</span> <span class='ocrx_word' id='word_1_287' title='bbox 1598 2211 1675 2243; x_wconf 88' lang='lat' dir='ltr'><strong>inde</strong></span> 
     </span>
     <span class='ocr_line' id='line_1_42' title="bbox 375 2256 1675 2300; baseline -0.004 -8"><span class='ocrx_word' id='word_1_288' title='bbox 375 2260 536 2292; x_wconf 78' lang='lat' dir='ltr'><strong>declinata</strong></span> <span class='ocrx_word' id='word_1_289' title='bbox 551 2260 624 2298; x_wconf 83' lang='lat' dir='ltr'><strong>alia,</strong></span> <span class='ocrx_word' id='word_1_290' title='bbox 646 2259 751 2291; x_wconf 84' lang='lat' dir='ltr'><strong>forma</strong></span> <span class='ocrx_word' id='word_1_291' title='bbox 767 2259 872 2291; x_wconf 66' lang='lat' dir='ltr'><strong>activa</strong></span> <span class='ocrx_word' id='word_1_292' title='bbox 889 2260 1012 2291; x_wconf 85' lang='lat' dir='ltr'><strong>extulit.</strong></span> <span class='ocrx_word' id='word_1_293' title='bbox 1057 2259 1113 2300; x_wconf 88' lang='lat'><strong>(6)</strong></span> <span class='ocrx_word' id='word_1_294' title='bbox 1136 2262 1169 2289; x_wconf 95' lang='lat' dir='ltr'>A</span> <span class='ocrx_word' id='word_1_295' title='bbox 1185 2258 1280 2289; x_wconf 91' lang='lat' dir='ltr'><strong>Livio</strong></span> <span class='ocrx_word' id='word_1_296' title='bbox 1297 2258 1331 2288; x_wconf 82' lang='lat' dir='ltr'><strong>in</strong></span> <span class='ocrx_word' id='word_1_297' title='bbox 1344 2257 1470 2289; x_wconf 82' lang='lat' dir='ltr'><strong>diversa</strong></span> <span class='ocrx_word' id='word_1_298' title='bbox 1482 2257 1572 2288; x_wconf 88' lang='lat' dir='ltr'><strong>abire</strong></span> <span class='ocrx_word' id='word_1_299' title='bbox 1584 2256 1675 2287; x_wconf 84' lang='lat' dir='ltr'><strong>vide-</strong></span> 
     </span>
     <span class='ocr_line' id='line_1_43' title="bbox 376 2301 1673 2349; baseline -0.004 -13"><span class='ocrx_word' id='word_1_300' title='bbox 376 2313 431 2336; x_wconf 81' lang='lat' dir='ltr'><strong>tur</strong></span> <span class='ocrx_word' id='word_1_301' title='bbox 449 2305 574 2343; x_wconf 85' lang='lat' dir='ltr'><strong>Cicero,</strong></span> <span class='ocrx_word' id='word_1_302' title='bbox 597 2305 651 2346; x_wconf 88' lang='lat' dir='ltr'><strong>qui</strong></span> <span class='ocrx_word' id='word_1_303' title='bbox 669 2305 759 2349; x_wconf 84' lang='lat' dir='ltr'><strong>Jovis</strong></span> <span class='ocrx_word' id='word_1_304' title='bbox 777 2304 982 2346; x_wconf 76' lang='lat' dir='ltr'><strong>Imperatoris</strong></span> <span class='ocrx_word' id='word_1_305' title='bbox 1000 2304 1122 2345; x_wconf 80' lang='lat' dir='ltr'><strong>signum</strong></span> <span class='ocrx_word' id='word_1_306' title='bbox 1139 2303 1220 2334; x_wconf 86' lang='lat' dir='ltr'><strong>illud</strong></span> <span class='ocrx_word' id='word_1_307' title='bbox 1236 2314 1303 2334; x_wconf 88' lang='lat' dir='ltr'><strong>non</strong></span> <span class='ocrx_word' id='word_1_308' title='bbox 1320 2314 1338 2333; x_wconf 84' lang='lat' dir='ltr'><strong>a</strong></span> <span class='ocrx_word' id='word_1_309' title='bbox 1361 2304 1401 2333; x_wconf 91' lang='lat' dir='ltr'><strong>T.</strong></span> <span class='ocrx_word' id='word_1_310' title='bbox 1419 2301 1577 2344; x_wconf 72' lang='lat' dir='ltr'><strong>Qimffio</strong></span> <span class='ocrx_word' id='word_1_311' title='bbox 1595 2301 1673 2333; x_wconf 87' lang='lat' dir='ltr'><strong>Cin-</strong></span> 
     </span>
     <span class='ocr_line' id='line_1_44' title="bbox 375 2346 1676 2392; baseline -0.002 -12"><span class='ocrx_word' id='word_1_312' title='bbox 375 2351 508 2381; x_wconf 86' lang='lat' dir='ltr'><strong>cinnato</strong></span> <span class='ocrx_word' id='word_1_313' title='bbox 520 2350 685 2387; x_wconf 79' lang='lat' dir='ltr'><strong>Praeneste,</strong></span> <span class='ocrx_word' id='word_1_314' title='bbox 701 2351 753 2381; x_wconf 85' lang='lat' dir='ltr'><strong>sed</strong></span> <span class='ocrx_word' id='word_1_315' title='bbox 770 2361 788 2380; x_wconf 86' lang='lat' dir='ltr'><strong>a</strong></span> <span class='ocrx_word' id='word_1_316' title='bbox 800 2351 839 2381; x_wconf 90' lang='lat' dir='ltr'><strong>T.</strong></span> <span class='ocrx_word' id='word_1_317' title='bbox 857 2349 1014 2392; x_wconf 70' lang='lat' dir='ltr'><strong>Qiinc&#39;tio</strong></span> <span class='ocrx_word' id='word_1_318' title='bbox 1033 2348 1212 2379; x_wconf 85' lang='lat' dir='ltr'><strong>Flaminino</strong></span> <span class='ocrx_word' id='word_1_319' title='bbox 1229 2360 1266 2379; x_wconf 86' lang='lat' dir='ltr'><strong>ex</strong></span> <span class='ocrx_word' id='word_1_320' title='bbox 1278 2346 1476 2380; x_wconf 88' lang='lat' dir='ltr'><strong>Macedonia</strong></span> <span class='ocrx_word' id='word_1_321' title='bbox 1492 2348 1676 2383; x_wconf 59' lang='lat' dir='ltr'><strong>devectum,</strong></span> 
     </span>
     <span class='ocr_line' id='line_1_45' title="bbox 375 2390 1672 2437; baseline -0.004 -10"><span class='ocrx_word' id='word_1_322' title='bbox 375 2395 432 2426; x_wconf 78' lang='grc' dir='ltr'><strong>δε</strong></span> <span class='ocrx_word' id='word_1_323' title='bbox 424 2406 457 2426; x_wconf 90' lang='lat' dir='ltr'><strong>1n</strong></span> <span class='ocrx_word' id='word_1_324' title='bbox 476 2395 639 2437; x_wconf 88' lang='lat' dir='ltr'><strong>Capitolio</strong></span> <span class='ocrx_word' id='word_1_325' title='bbox 655 2394 795 2436; x_wconf 79' lang='lat' dir='ltr'><strong>politum</strong></span> <span class='ocrx_word' id='word_1_326' title='bbox 812 2394 911 2431; x_wconf 82' lang='lat' dir='ltr'><strong>fuiffe,</strong></span> <span class='ocrx_word' id='word_1_327' title='bbox 924 2394 1058 2426; x_wconf 86' lang='lat' dir='ltr'><strong>refertl.</strong></span> <span class='ocrx_word' id='word_1_328' title='bbox 1076 2405 1106 2430; x_wconf 83' lang='lat'><strong>4.</strong></span> <span class='ocrx_word' id='word_1_329' title='bbox 1118 2394 1151 2424; x_wconf 93' lang='lat' dir='ltr'><strong>in</strong></span> <span class='ocrx_word' id='word_1_330' title='bbox 1162 2395 1254 2424; x_wconf 86' lang='lat' dir='ltr'><strong>Verr</strong></span> <span class='ocrx_word' id='word_1_331' title='bbox 1273 2404 1298 2424; x_wconf 88' lang='lat' dir='ltr'><strong>c.</strong></span> <span class='ocrx_word' id='word_1_332' title='bbox 1315 2393 1372 2431; x_wconf 83' lang='lat'><strong>58.</strong></span> <span class='ocrx_word' id='word_1_333' title='bbox 1420 2392 1474 2434; x_wconf 87' lang='lat'><strong>(7)</strong></span> <span class='ocrx_word' id='word_1_334' title='bbox 1497 2390 1672 2422; x_wconf 72' lang='lat' dir='ltr'><strong>Viridoffi</strong></span> 
     </span>
     <span class='ocr_line' id='line_1_46' title="bbox 374 2436 1673 2486; baseline -0.004 -15"><span class='ocrx_word' id='word_1_335' title='bbox 374 2448 573 2472; x_wconf 86' lang='lat' dir='ltr'><strong>monuerunt</strong></span> <span class='ocrx_word' id='word_1_336' title='bbox 599 2440 754 2480; x_wconf 87' lang='lat' dir='ltr'><strong>scriptum</strong></span> <span class='ocrx_word' id='word_1_337' title='bbox 779 2439 868 2471; x_wconf 87' lang='lat' dir='ltr'><strong>fuisle</strong></span> <span class='ocrx_word' id='word_1_338' title='bbox 896 2450 1014 2470; x_wconf 86' lang='lat' dir='ltr'><strong>novem</strong></span> <span class='ocrx_word' id='word_1_339' title='bbox 1040 2439 1162 2480; x_wconf 86' lang='lat' dir='ltr'><strong>oppida</strong></span> <span class='ocrx_word' id='word_1_340' title='bbox 1187 2438 1323 2469; x_wconf 84' lang='lat' dir='ltr'><strong>totidem</strong></span> <span class='ocrx_word' id='word_1_341' title='bbox 1349 2436 1462 2468; x_wconf 84' lang='lat' dir='ltr'><strong>diebus</strong></span> <span class='ocrx_word' id='word_1_342' title='bbox 1480 2436 1673 2486; x_wconf 69' lang='lat' dir='ltr'><strong>Qindh&#39;um</strong></span> 
     </span>
     <span class='ocr_line' id='line_1_47' title="bbox 375 2480 1672 2525; baseline -0.004 -9"><span class='ocrx_word' id='word_1_343' title='bbox 375 2485 500 2525; x_wconf 77' lang='lat' dir='ltr'><strong>cepiffe,</strong></span> <span class='ocrx_word' id='word_1_344' title='bbox 522 2484 713 2525; x_wconf 85' lang='lat' dir='ltr'><strong>decimoque</strong></span> <span class='ocrx_word' id='word_1_345' title='bbox 739 2484 895 2516; x_wconf 81' lang='lat' dir='ltr'><strong>Praeneste</strong></span> <span class='ocrx_word' id='word_1_346' title='bbox 926 2483 959 2514; x_wconf 89' lang='lat' dir='ltr'><strong>in</strong></span> <span class='ocrx_word' id='word_1_347' title='bbox 988 2484 1186 2515; x_wconf 88' lang='lat' dir='ltr'><strong>deditionem</strong></span> <span class='ocrx_word' id='word_1_348' title='bbox 1213 2482 1373 2525; x_wconf 81' lang='lat' dir='ltr'><strong>accepisse.</strong></span> <span class='ocrx_word' id='word_1_349' title='bbox 1397 2483 1452 2513; x_wconf 86' lang='lat' dir='ltr'><strong>sed</strong></span> <span class='ocrx_word' id='word_1_350' title='bbox 1480 2480 1672 2513; x_wconf 85' lang='lat' dir='ltr'><strong>adverbium</strong></span> 
     </span>
     <span class='ocr_line' id='line_1_48' title="bbox 363 2527 1672 2571; baseline -0.002 -11"><span class='ocrx_word' id='word_1_351' title='bbox 363 2534 439 2570; x_wconf 68' lang='lat' dir='ltr'><strong>jer»</strong></span> <span class='ocrx_word' id='word_1_352' title='bbox 437 2544 461 2560; x_wconf 77' lang='lat' dir='ltr'><strong>ze</strong></span> <span class='ocrx_word' id='word_1_353' title='bbox 477 2529 598 2561; x_wconf 86' lang='lat' dir='ltr'><strong>indicio</strong></span> <span class='ocrx_word' id='word_1_354' title='bbox 614 2529 657 2561; x_wconf 81' lang='lat' dir='ltr'><strong>est</strong></span> <span class='ocrx_word' id='word_1_355' title='bbox 672 2529 915 2571; x_wconf 86' lang='lat' dir='ltr'><strong>inscriptionem</strong></span> <span class='ocrx_word' id='word_1_356' title='bbox 941 2529 981 2560; x_wconf 83' lang='lat' dir='ltr'><strong>ab</strong></span> <span class='ocrx_word' id='word_1_357' title='bbox 998 2528 1095 2559; x_wconf 89' lang='lat' dir='ltr'><strong>Livio</strong></span> <span class='ocrx_word' id='word_1_358' title='bbox 1121 2528 1155 2559; x_wconf 89' lang='lat' dir='ltr'><strong>in</strong></span> <span class='ocrx_word' id='word_1_359' title='bbox 1182 2539 1286 2569; x_wconf 86' lang='lat' dir='ltr'><strong>pauca</strong></span> <span class='ocrx_word' id='word_1_360' title='bbox 1308 2528 1521 2558; x_wconf 71' lang='lat' dir='ltr'><strong>contraCtam.</strong></span> <span class='ocrx_word' id='word_1_361' title='bbox 1568 2527 1672 2557; x_wconf 82' lang='lat' dir='ltr'><strong>Porro</strong></span> 
     </span>
     <span class='ocr_line' id='line_1_49' title="bbox 375 2569 1673 2616; baseline -0.004 -12"><span class='ocrx_word' id='word_1_362' title='bbox 375 2577 418 2604; x_wconf 72' lang='lat' dir='ltr'><strong>Di</strong></span> <span class='ocrx_word' id='word_1_363' title='bbox 409 2588 449 2604; x_wconf 79' lang='lat' dir='ltr'><em>v</em></span> <span class='ocrx_word' id='word_1_364' title='bbox 441 2589 471 2606; x_wconf 65' lang='lat' dir='ltr'><strong>as</strong></span> <span class='ocrx_word' id='word_1_365' title='bbox 489 2576 519 2605; x_wconf 71' lang='grc' dir='ltr'><strong>δε</strong></span> <span class='ocrx_word' id='word_1_366' title='bbox 536 2577 628 2611; x_wconf 60' lang='lat' dir='ltr'><strong>Dim-‚a</strong></span> <span class='ocrx_word' id='word_1_367' title='bbox 650 2585 711 2616; x_wconf 87' lang='lat' dir='ltr'><strong>pro</strong></span> <span class='ocrx_word' id='word_1_368' title='bbox 728 2576 855 2605; x_wconf 79' lang='lat' dir='ltr'><strong>Deus&amp;</strong></span> <span class='ocrx_word' id='word_1_369' title='bbox 872 2577 917 2605; x_wconf 92' lang='lat' dir='ltr'><em>D</em></span> <span class='ocrx_word' id='word_1_370' title='bbox 918 2588 946 2611; x_wconf 84' lang='lat' dir='ltr'><strong>a,</strong></span> <span class='ocrx_word' id='word_1_371' title='bbox 968 2574 1002 2604; x_wconf 90' lang='lat' dir='ltr'><strong>in</strong></span> <span class='ocrx_word' id='word_1_372' title='bbox 1019 2574 1148 2605; x_wconf 82' lang='lat' dir='ltr'><strong>vetustis</strong></span> <span class='ocrx_word' id='word_1_373' title='bbox 1164 2572 1312 2604; x_wconf 85' lang='lat' dir='ltr'><strong>formulis</strong></span> <span class='ocrx_word' id='word_1_374' title='bbox 1328 2571 1440 2614; x_wconf 78' lang='lat' dir='ltr'><strong>passim</strong></span> <span class='ocrx_word' id='word_1_375' title='bbox 1456 2569 1673 2614; x_wconf 84' lang='lat' dir='ltr'><strong>reperiuntur</strong></span> 
     </span>
     <span class='ocr_line' id='line_1_50' title="bbox 373 2619 1109 2660; baseline 0 -9"><span class='ocrx_word' id='word_1_376' title='bbox 373 2619 1109 2660; x_wconf 46' lang='lat' dir='ltr'><strong>infralw7c261.2..5c12.1.29c.27.</strong></span> 
     </span>
    </p>

    <p class='ocr_par' dir='ltr' id='par_1_9' title="bbox 1571 2656 1672 2701">
     <span class='ocr_line' id='line_1_51' title="bbox 1571 2656 1672 2701; baseline 0.01 -5"><span class='ocrx_word' id='word_1_377' title='bbox 1571 2656 1672 2701; x_wconf 79' lang='lat' dir='ltr'><strong>lium</strong></span> 
     </span>
    </p>
   </div>
  </div>
 </body>
</html>
