1853 3158
308 277 342 318 L
374 278 390 317 1
423 277 454 317 Β
485 275 517 318 Ε
550 275 588 316 R
648 271 721 313 rx.
782 271 817 313 e
850 273 886 313 A
918 272 962 314 P.
1024 272 1174 314 XLm.
1516 282 1595 323 249

105 394 229 433 milit:
263 396 318 441 ὅτ,
350 405 474 446 quum
496 388 703 443 quaefitum
736 387 844 437 efl'et,
875 387 1049 436 delefitu,
1080 402 1130 426 an
1165 383 1378 426 voluntarii

103 466 175 503 pro
198 450 441 491 Samnitibus
459 444 646 487 adversus
661 446 868 485 Romanos
885 446 1101 495 bellassent,
1122 458 1192 498 per
1213 443 1379 483 Latinos

103 510 271 561 populos
292 504 536 547 custodiendi
557 504 713 543 dantur.
742 503 911 557 justique
927 517 1015 542 eam
1036 508 1060 553 †
1080 503 1274 556 integram
1294 514 1378 539 rem

105 567 195 604 novi
218 565 409 611 consules,
438 562 483 601 P.
509 560 720 600 Cornelius
746 561 909 608 Arvina,
931 560 1186 616 QMarcius
1205 559 1379 597 Tremu-
1398 562 1437 591 U-
1453 572 1478 592 c.
1496 571 1572 600 ⁴47·

104 624 180 672 lus,
212 623 255 675 (ii
288 622 394 661 enim
425 620 510 674 jam
545 617 666 658 creati
700 620 829 670 erant)
864 618 914 656 ad
933 617 1113 656 senatum
1143 615 1304 656 referre.
1337 615 1376 654 id
1398 609 1441 681 If}
1460 608 1495 636 C
1510 616 1593 669 ⁴3:15-

103 694 205 733 aegre
228 679 318 732 paffi
348 676 529 725 Hernici,
561 675 775 715 concilium
808 675 1056 727 populorum
1089 673 1273 712 omnium
1307 653 1594 738 1¹²¹*1;‹'›<C{iv¹i{}-

102 736 285 776 bentibus
308 733 532 788 Anagninis
566 733 607 771 in
642 732 764 781 circo,
795 745 915 783 quern
939 731 1194 769 Maritimum
1215 739 1375 781 vocant,
1396 720 1449 772 030³
1463 740 1549 772 coss'.

102 804 244 847 praeter
285 793 564 838 Alatrinatem‚
595 789 988 840 Ferentinatemque,
1029 790 1068 827 &
1107 788 1376 837 Verulanum,

102 865 242 890 omnes
277 849 447 890 Hernici
483 846 656 888 nominis
691 847 840 900 populo
866 846 1055 884 Romano
1075 843 1224 882 bellum
1247 845 1376 883 indix-

102 918 233 948 erunt.

156 964 309 1005 XLIII.
340 964 388 1003 In
419 962 583 1003 Samnio
616 974 791 1013 quoque,
822 959 915 1012 quia
948 958 1159 998 decefferat
1190 958 1281 997 inde
1303 959 1377 997 Fa-

98 1022 204 1074 bius,
236 1021 328 1061 novi
359 1030 492 1059 motus
511 1019 651 1059 exorti.
711 1017 864 1057 Calatia
886 1019 926 1057 ὃῑ
960 1016 1073 1064 Sora,
1104 1016 1376 1068 praesidiaque,

99 1094 189 1132 quae
211 1080 251 1118 in
272 1079 318 1117 iis
341 1078 526 1117 Romana
552 1085 681 1125 erant,
711 1083 961 1128 expugnata:
995 1076 1032 1113 81
1056 1073 1096 1111 in
1128 1073 1375 1125 captivorum

99 1150 264 1190 corpora
295 1135 469 1174 militum
505 1131 614 1173 foede
634 1133 836 1172 saevitum.
869 1131 1002 1184 itaque
1024 1127 1073 1169 eo
1094 1129 1140 1169 P.
1163 1130 1376 1169 Cornelius

98 1208 191 1233 curn
226 1192 403 1233 exercitu
436 1191 582 1230 missus.
643 1189 801 1229 Marcio
834 1188 927 1227 novi
959 1188 1090 1227 hostes
1132 1188 1229 1242 (jam
1268 1187 1376 1227 enirn
1396 1190 1593 1241 lfa-llwnHer*

102 1251 327 1305 Anagninis
354 1247 621 1300 Hernicisque
648 1247 733 1286 aliis
756 1248 815 1300 (1)
836 1246 986 1285 bellum
1004 1245 1151 1299 jussum
1179 1248 1281 1299 erat)
1309 1246 1378 1284 de·
1395 1247 1492 1264 msam·

95 1317 328 1347 cernuntur.
387 1304 526 1345 Primo
546 1305 599 1344 ita
621 1304 755 1343 omnia
775 1312 999 1357 opportuna
1016 1304 1102 1342 loca
1122 1302 1254 1342 hostes
1275 1303 1379 1342 inter

94 1365 303 1405 consulum
336 1363 460 1403 castra
500 1363 814 1415 interceperunt,
845 1371 888 1399 ut
920 1361 1133 1414 pervadere
1168 1360 1376 1413 expeditus

98 1423 270 1462 nuncius
300 1435 381 1460 non
413 1420 552 1474 posset,
586 1422 626 1459 <Sc
662 1433 732 1472 per
765 1418 916 1470 aliquot
947 1418 1029 1457 dies
1065 1417 1206 1456 incerti
1241 1431 1375 1456 rerum

96 1480 295 1527 omnium,
327 1477 575 1531 suspensique
607 1478 655 1515 de
692 1476 794 1515 statu
829 1476 1007 1526 alterius,
1038 1484 1204 1526 uterque
1240 1475 1376 1514 consul

99 1547 234 1591 ageret
253 1539 328 1589 (1),
351 1536 607 1587 Romamque
624 1534 656 1573 is
669 1543 800 1572 metus
815 1546 995 1572 manaret
1012 1549 1024 1580 ;
1056 1531 1156 1571 adeo
1175 1541 1218 1571 ut
1235 1546 1375 1571 omnes

92 1595 271 1649 juniores
292 1593 538 1632 sacramento
560 1591 828 1644 adigerentur,
859 1600 977 1642 atque
1000 1591 1048 1628 ad
1080 1593 1139 1641 (3)
1161 1589 1286 1628 subita
1315 1604 1375 1628 re-

96 1666 186 1690 rum
204 1652 284 1690 duo
305 1657 329 1702 †
345 1649 439 1704 justi
461 1648 724 1688 scriberentur
739 1649 948 1687 exercitus.
1011 1645 1204 1687 Ceterum
1226 1647 1377 1686 Herni-

96 1723 189 1748 cum
210 1708 359 1747 bellum
381 1720 633 1759 nequaquam
656 1719 727 1758 pro
750 1704 931 1758 praesenti
951 1713 1099 1743 terrore.
1111 1718 1154 1743 ac
1170 1706 1230 1757 (4)
1247 1704 1376 1743 vetus-

95 1776 175 1805 tate
193 1766 320 1820 gentis
338 1764 472 1819 gloriae
487 1763 578 1802 fuit.
595 1762 693 1801 nihil
709 1763 874 1815 usquam
889 1762 1001 1801 di&u
1019 1762 1185 1815 dignum
1200 1762 1293 1809 anfi,
1307 1762 1377 1800 tri-

97 1824 157 1863 nis
171 1823 304 1863 castris
323 1823 424 1860 intra
439 1834 587 1874 paucos
602 1820 684 1859 dies
700 1820 824 1868 exuti,
838 1819 998 1873 triginta
1013 1819 1167 1858 dierum
1181 1819 1375 1867 inducias,

97 1882 151 1920 ita
169 1892 212 1920 ut
234 1881 282 1920 ad
311 1879 490 1918 senatum
519 1878 696 1916 Romam
723 1879 873 1931 legatos
901 1877 1121 1926 mitterent,
1153 1876 1260 1929 pasti
1287 1875 1377 1916 sunt

97 1941 160 1991 (5)
180 1937 354 1977 bimestri
376 1936 570 1989 stipendio
587 1934 888 1987 frumentoque,
908 1938 948 1974 &
970 1935 1129 1987 lingulis
1149 1934 1188 1972 in
1206 1933 1376 1973 militem

97 1995 256 2035 tunicis.
321 1993 384 2034 Ab
411 1994 547 2032 senatu
573 1994 621 2031 ad
639 1992 844 2031 Marcium
865 1991 1019 2046 rejeffl,
1043 1992 1103 2045 (6)
1123 1991 1187 2030 cui
1205 1991 1378 2030 senatus-

99 2053 280 2092 consulto
308 2051 536 2105 permissum
558 2051 606 2089 de
627 2049 816 2088 Hernicis
837 2059 945 2088 erat:
977 2049 1085 2100 isque
1105 2062 1193 2101 earn
1215 2058 1378 2102 gentem

98 2111 139 2149 in
156 2109 399 2149 deditionem
416 2108 581 2160 accepit.
619 2107 669 2145 Et
691 2107 732 2145 in
751 2107 916 2146 Samnio
933 2107 1031 2145 alter
1047 2105 1184 2145 consul
1201 2105 1379 2160 superior

98 2167 260 2214 viribus,
283 2166 379 2205 locis
397 2165 625 2217 impeditior
641 2174 736 2203 erat.
800 2164 949 2203 Omnia
972 2164 1112 2202 itinera
1129 2162 1379 2216 obsepserant

95 2224 241 2274 hostes,
258 2222 454 2274 saltusque
470 2221 625 2275 pervios
642 2230 844 2275 ceperant,
864 2235 913 2261 ne
931 2222 1009 2274 qua
1024 2219 1186 2259 subvehi
1203 2235 1380 2260 comme-

1290 2287 1380 2318 atus

145 2400 180 2429 C.
200 2407 250 2436 43.
263 2397 317 2436 (1)
341 2396 556 2437 Bellumjubere
571 2397 664 2433 alicui,
687 2406 747 2437 pro
763 2396 874 2436 jubere
886 2394 953 2425 fieri
967 2394 1082 2431 alicui3
1108 2394 1380 2434 quemadmodum

99 2445 244 2483 imperium
256 2444 355 2482 juda-fe
370 2444 463 2477 alicui,
486 2451 545 2481 pro
560 2440 671 2480 jubere
684 2441 752 2471 dari
770 2440 874 2471 alicui.
920 2439 1070 2470 Similiter
1086 2439 1170 2469 infra
1188 2439 1207 2469 l.
1224 2448 1274 2477 37.
1287 2449 1312 2468 c.
1331 2447 1382 2477 37.

95 2489 358 2526 t7·aditofi*umcntz7,
375 2487 470 2526 quihus
491 2485 613 2526 jzff'rat
628 2487 733 2525 consul,-
760 2495 819 2525 pro
831 2483 947 2524 qulbus
964 2484 1047 2514 tradi
1062 2483 1203 2524 juffel'at.
1239 2484 1292 2523 (2)
1305 2482 1380 2513 Vid.

100 2539 158 2563 not
177 2541 202 2563 ς’..
218 2532 257 2561 ad
276 2541 303 2561 c.
324 2540 373 2569 25.
390 2529 494 2570 supra.
540 2529 595 2568 (3)
617 2528 691 2559 Vid.
711 2529 805 2570 supra
823 2536 889 2559 not.
904 2538 931 2567 3.
949 2529 988 2558 ad
1001 2540 1026 2558 c.
1045 2538 1095 2567 32.
1112 2528 1130 2558 l.
1149 2530 1181 2558 ὁ.
1228 2528 1281 2566 (4)
1307 2528 1382 2558 Ma-

97 2575 144 2616 gis
172 2576 310 2616 placeret
340 2576 427 2616 quod
445 2572 571 2613 subjicit
590 2573 796 2604 Gronovius:
818 2586 850 2603 ac
875 2574 976 2616 vetzfid
988 2576 1078 2614 gentis
1089 2571 1197 2614 glorid.
1243 2571 1382 2612 [Ceterum

100 2622 253 2650 Hernicum
270 2621 366 2649 bellum
386 2616 570 2650 CreVlCrius
585 2617 716 2658 exponit
734 2629 791 2659 per
809 2620 914 2658 reliqua
937 2618 1057 2648 Hi’rnici
1078 2619 1158 2651 belli5
1186 2616 1290 2646 nescio
1312 2615 1383 2656 qui-

100 2663 160 2694 bus
178 2663 355 2694 rationibus
373 2664 542 2695 induetus:
569 2673 673 2703 neque
691 2673 796 2703 operae
813 2662 856 2692 est
872 2661 1047 2701 exquirere.
1064 2661 1113 2702 E.]
1159 2661 1213 2701 (5)
1237 2660 1383 2691 Inducias

100 2707 159 2749 liic
176 2710 320 2740 mercede
338 2710 602 2751 impetraverunt.
649 2707 702 2747 (6)
727 2709 772 2738 lta
794 2706 978 2748 [impliciter
996 2709 1156 2748 permittere
1172 2708 1257 2736 alicui
1277 2708 1307 2736 de
1331 2707 1387 2734 ali-

1335 2759 1386 2790 quo
