1853 3158
179 246 259 284 282

183 2097 285 2138 Pugna
299 2106 358 2124 cum

184 2141 354 2172 Samnitibus

187 2188 228 2220 δ’
248 2186 292 2217 ‘I'u
306 2188 351 2216 ais.

863 241 916 283 T.
975 240 1229 282 LIVII

397 357 529 413 Appii,
547 358 619 413 st'd
647 374 723 413 qua
736 358 900 414 fortuna
921 358 1102 398 exercitas
1124 358 1263 415 fuerit.
1326 357 1487 397 Dimitti
1506 357 1550 397 ab
1571 356 1695 410 Appio'

397 433 494 465 eum,
525 418 597 472 sed
627 434 650 455 α
683 417 866 469 republica
905 416 957 458 ΕΘ*
986 417 1031 455 ab
1058 419 1216 455 exercitu
1251 417 1403 455 retineri
1415 437 1429 461 ;
1462 417 1691 469 experiretur

396 473 499 514 mod&
531 475 753 514 voluntatem
783 475 954 513 militmn.
1014 474 1116 514 Haec
1137 475 1339 514 monendo
1359 473 1690 526 obtestandoque,

396 532 522 588 prope
544 532 765 572 restitantes
787 532 969 572 consules
995 532 1036 571 in
1066 533 1301 572 concionem
1333 540 1602 586 petraxerunt.
1636 530 1690 570 ibi

397 591 600 630 orationes
626 591 827 645 longiores
847 589 994 629 habitae
1025 590 1067 630 in
1094 591 1261 629 eandem
1290 589 1417 629 ferme
1440 588 1693 637 sententiam,

399 648 442 687 in
477 663 600 702 quam
635 649 738 688 inter
774 662 922 702 paucos
954 651 1013 702 (2)
1048 657 1244 688 certatum
1273 647 1402 687 verbis
1434 647 1579 686 fuerat.
1638 646 1691 685 Et

398 721 527 759 quum
547 705 811 756 Volumnius,
825 706 943 746 caus&
959 706 1151 760 superior,
1183 719 1233 744 ne
1263 704 1504 745 infacundus
1526 704 1691 758 quidem

398 762 590 805 adversus
610 765 799 804 eximiam
818 764 1088 816 eloquentiam
1111 764 1274 817 collegae
1295 762 1400 802 visus
1421 763 1541 810 effet;
1572 761 1693 802 cavil-

398 821 562 876 lansque
584 822 761 876 Appius,
776 820 851 876 sthi
871 830 1053 874 acceptum
1075 821 1229 877 rrfirre,
1259 820 1423 869 diceret,
1444 821 1580 869 debere,
1596 817 1697 873 qubd

397 891 441 919 ex
456 889 552 920 muto
567 888 674 934 atque
689 881 826 933 elingui
837 879 1051 935 facundum
1068 881 1177 918 etiam
1194 879 1365 933 consulem
1381 878 1553 917 haberent
1568 895 1580 916 .·
1604 878 1691 930 pri-

397 954 458 977 ore
483 939 681 993 cotfitlatzc,
705 939 844 990 primis
877 939 1002 991 utique
1036 936 1223 992 meffbus,
1253 936 1386 990 hiscere
1414 952 1494 976 eum
1523 936 1690 1000 nequff,

397 1011 496 1036 nunc
510 998 598 1050 jam
612 996 805 1048 populares
821 996 995 1034 orationes
1008 996 1146 1049 serere.
1210 993 1347 1049 chlm
1368 995 1527 1042 mallem,
1559 993 1692 1046 inquit

398 1053 663 1101 Volumnius,
693 1061 734 1091 tu
762 1066 786 1090 a
811 1066 865 1090 me
875 1051 1033 1106 strenue
1044 1053 1194 1107 facere,
1225 1053 1339 1106 quam
1366 1068 1426 1107 ego
1445 1053 1509 1092 abs
1539 1060 1575 1091 te
1591 1049 1693 1106 scit}

397 1111 494 1164 loqui
522 1110 633 1150 didici
659 1125 726 1149 em.
788 1108 972 1174 Pistreinb
992 1109 1223 1149 conditionem
1243 1113 1373 1164 ferre,
1403 1126 1480 1163 quae
1499 1110 1692 1149 decretura

383 1168 454 1222 fit,
472 1183 540 1208 non
559 1177 682 1208 orator
685 1200 697 1218 ,
713 1166 852 1221 (neque
868 1168 963 1206 enim
985 1166 1026 1206 id
1041 1165 1110 1220 ds
1108 1167 1239 1205 derare
1253 1168 1508 1220 rempublicam
1514 1170 1537 1224 )
1537 1167 1634 1222 fid
1620 1182 1691 1206 zm-

392 1235 545 1280 perator
575 1234 658 1265 uter
673 1224 731 1280 fit
764 1226 900 1264 melior.
960 1224 1165 1264 Etrmiam
1197 1233 1232 1263 et
1263 1224 1454 1264 Samnium
1477 1226 1693 1278 provincias

398 1285 488 1340 eſje:
522 1292 646 1324 utram
675 1283 815 1335 mallet,
846 1284 1002 1336 eligeret.
1019 1284 1090 1337 suo
1109 1284 1270 1323 exercitu
1284 1282 1328 1336 fi’
1349 1282 1409 1321 vel
1437 1283 1475 1320 in
1506 1282 1693 1332 Etruric‘z',

401 1343 464 1381 vel
488 1343 527 1381 in
560 1343 708 1382 Samnio
734 1357 810 1381 rem
841 1341 1040 1397 gesturum.
1102 1340 1214 1379 Turn
1250 1340 1427 1379 militum
1448 1340 1599 1385 clamor
1629 1354 1694 1379 or-

399 1409 481 1448 tus,
513 1409 555 1441 ut
569 1399 692 1454 stmul
713 1401 815 1439 ambo
836 1400 965 1439 bellum
997 1398 1200 1453 Etrzfscum
1221 1399 1457 1452 figfi'iperent.
1494 1411 1575 1451 quo
1610 1398 1694 1437 ani-

398 1458 606 1498 madverso
628 1457 839 1510 consensu,
871 1457 1133 1505 Volumnius,
1168 1455 1360 1512 §Quoniam
1393 1457 1432 1494 in
1464 1456 1598 1509 collegae
1633 1471 1697 1495 vo-

399 1517 543 1555 luntate
572 1516 869 1569 interpretamini,
900 1514 1049 1568 inquit,
1080 1515 1211 1554 erravi
1223 1537 1238 1560 ,·
1271 1530 1339 1553 non
1367 1515 1604 1562 committam,
1638 1522 1696 1566 ut,

399 1575 495 1628 quod
521 1590 584 1614 vos
604 1575 740 1623 velitis,
771 1575 955 1628 olfi-urum
972 1572 1042 1628 stt.
1071 1588 1231 1621 manere,
1261 1588 1311 1611 an
1338 1573 1439 1612 abire
1468 1587 1524 1612 me
1558 1572 1696 1620 velitis,

400 1634 554 1672 clamore
566 1632 672 1687 figm'
701 1641 789 1671 cate.
848 1632 960 1671 Tum
988 1628 1084 1671 vero
1105 1640 1241 1670 tantus
1269 1630 1324 1670 est
1346 1631 1497 1670 clamor
1517 1638 1697 1680 exortus,

401 1701 446 1729 ut
466 1690 598 1730 hostes
617 1705 638 1730 e
656 1690 791 1730 castris
807 1690 968 1729 exciret.
993 1689 1112 1729 armis
1135 1689 1300 1742 arreptis
1322 1688 1363 1727 in
1385 1688 1512 1728 aciem
1534 1687 1698 1728 descen-

400 1749 515 1788 dunt.
551 1751 592 1789 δε
622 1748 870 1788 Volumnius
905 1748 1011 1802 figna
1046 1761 1203 1795 canere,
1235 1754 1280 1786 ae
1302 1749 1362 1801 (3)
1384 1746 1527 1785 vexilla
1563 1745 1696 1785 efferri

400 1820 421 1845 e
444 1806 579 1847 castris
602 1806 724 1861 juffit.
785 1806 968 1860 Appium
989 1804 1232 1844 addubitasse
1268 1803 1419 1855 ferunt,
1450 1812 1698 1853 cernentem,

401 1864 468 1904 seu
509 1873 732 1919 pugnante,
764 1864 830 1904 seu
864 1863 1000 1917 quieto
1042 1863 1094 1912 se,
1137 1861 1222 1902 fore
1256 1863 1419 1915 collegae
1459 1860 1698 1902 vidtoriam:

401 1923 545 1962 deinde
578 1922 751 1963 veritum
773 1937 823 1963 ne
844 1921 923 1964 suae
946 1935 1107 1974 quoque
1142 1920 1319 1975 legiones
1349 1919 1619 1959 Volumnium
1642 1918 1700 1959 se-

402 1990 637 2036 querentur,
682 1983 722 2021 &
759 1980 890 2033 ipsum
923 1977 1194 2034 flagitantibus
1227 1977 1306 2017 suis
1346 1977 1501 2032 {ignum
1536 1977 1695 2016 dediffe.

404 2038 470 2078 Ab
490 2037 632 2078 neutra
648 2048 758 2092 parte
781 2038 871 2077 satis
893 2035 1104 2077 commode
1126 2034 1310 2075 instruffi
1337 2034 1515 2075 fuerunt.
1538 2049 1631 2074 nam
1655 2037 1697 2076 &

402 2096 647 2136 Samnitium
683 2097 764 2135 dux
806 2095 966 2139 Gellius
1001 2094 1196 2149 Egnatius
1229 2092 1464 2146 pabulatum
1497 2107 1591 2133 cum
1628 2107 1697 2134 co-

402 2154 586 2194 hortibus
628 2153 767 2207 paucis
805 2153 932 2201 ierat·,
983 2152 1134 2205 suoque
1173 2151 1327 2204 impetu
1368 2151 1496 2206 magis
1537 2150 1699 2200 milites,

405 2227 529 2266 quam
563 2211 799 2266 cujusquam
835 2210 965 2250 duem
1000 2220 1069 2249 aut
1101 2209 1288 2274 imperio,
1318 2223 1497 2263 pugnam
1527 2209 1698 2262 capesse·-

404 2271 512 2311 bant
537 2272 578 2310 &
600 2269 778 2309 Romani
807 2268 1023 2308 exercitus
1041 2281 1114 2310 nec
1146 2266 1294 2322 pariter
1325 2265 1442 2306 ambo
1464 2266 1593 2315 ducti,
1623 2280 1699 2306 nec

406 2329 497 2369 satis
517 2327 709 2381 temporis
731 2328 780 2366 ad
802 2326 1080 2366 instruendum
1102 2324 1192 2365 fuit.
1254 2322 1373 2365 Prius
1390 2324 1593 2364 concurrit
1614 2324 1700 2364 Vo-

405 2386 601 2435 lumnius,
644 2384 766 2438 quhm
804 2384 962 2438 Appius
998 2385 1046 2422 ad
1089 2383 1244 2422 hostem
1292 2382 1527 2436 perveniret.
1566 2382 1701 2435 itaque

407 2447 470 2499 (4)
490 2443 624 2484 fronte
644 2442 832 2497 inaequali
868 2441 1107 2482 concursum
1135 2440 1216 2481 est:
1249 2443 1306 2490 δε,
1336 2441 1445 2480 velut
1472 2439 1575 2480 forte
1603 2440 1703 2493 quel„-

1607 2499 1701 2540 dam

409 2620 490 2660 saepe
529 2617 615 2649 alibi.
658 2618 715 2660 (2)
739 2619 858 2650 Coram
890 2616 1000 2659 paucis
1038 2615 1130 2649 brevi
1162 2614 1372 2647 altercatione
1398 2622 1556 2646 certatum
1585 2615 1703 2645 fuerat

408 2666 465 2704 (,)
489 2664 623 2705 Proprie
650 2666 758 2694 vexullr
784 2663 930 2703 equitum
959 2664 1043 2700 sunt,
1065 2662 1116 2693 vel
1143 2661 1417 2705 socioru1n;sgna
1441 2660 1596 2702 peditum.
1642 2647 1704 2689 Sed

409 2710 573 2743 interduxi
602 2708 664 2741 fine
689 2708 871 2741 diicriuine
893 2706 1060 2741 dicuntur.
1107 2707 1162 2751 (4)
1185 2706 1234 2739 Sic
1258 2708 1373 2739 contra
1398 2718 1474 2748 aequa
1490 2708 1593 2747 fronte
1616 2703 1704 2781 insi?

1653 2757 1670 2780 2
