1853 3158
403 274 438 314 L
468 275 487 315 1
519 275 552 315 B
583 274 615 314 E
647 273 687 312 R
747 272 866 313 vm.
929 272 964 313 c
997 274 1034 314 A
1067 275 1111 315 P.
1174 276 1247 316 rx.
1616 284 1697 325 141.

183 391 276 431 effet
296 400 535 446 pugnatum,
566 403 588 428 a
622 386 753 441 prima
783 388 867 429 acie
889 390 939 429 ad
961 389 1118 432 triarios
1152 391 1293 432 sensim
1329 391 1476 432 referes

182 449 341 489 bantur.
374 448 465 487 inde
486 461 562 485 rem
583 447 635 485 ad
649 448 801 486 triarios
816 447 954 503 redff’,
986 456 1114 501 quum
1135 448 1352 500 laboratur,
1383 464 1476 504 pro-

181 507 317 547 verbio
352 503 583 545 increbruit.
643 501 792 543 Triarii
826 505 1129 560 consurgentes,
1173 508 1241 548 ubi
1275 509 1317 548 in
1353 507 1476 548 inter-

184 566 286 604 valla
307 562 493 604 ordinum
514 561 679 601 suorum
711 562 912 616 principes
947 566 984 603 8<
1023 564 1196 606 hastatos
1227 566 1477 621 recepissent,

182 622 382 675 extemplo
424 620 652 673 compressis
691 620 900 661 ordinibus
941 622 1051 660 velut
1090 624 1331 664 claudebant
1369 625 1478 665 vias:

187 692 348 732 unoque
368 683 393 731 †
412 678 637 717 continenti
659 678 836 732 agmine,
863 680 949 733 jam
981 677 1091 718 nulla
1113 681 1178 734 spe
1200 683 1286 735 post
1322 682 1480 730 relicta,

186 736 415 776 in'hostem
452 738 541 789 (26)
577 736 831 776 incidebant:
874 736 914 775 id
953 746 1038 775 erat
1072 737 1480 780 formidolosissimum

186 794 304 843 hosti,
334 807 479 847 quum,
510 795 619 833 velut
639 794 768 834 νίἃοε
789 793 972 842 insecuti,
1004 809 1151 834 novam
1167 796 1331 849 repente
1353 798 1482 837 aciem

181 851 463 906 exsurgentem
499 852 663 892 auctam
696 866 868 892 numero
905 852 1134 893 cernebant.
1195 854 1485 895 Scribebantur

184 918 320 948 autern
343 920 517 962 quatuor
538 909 621 949 fere
643 910 820 965 legiones
838 912 929 964 (27)
943 909 1077 963 quinis
1094 911 1270 952 millibus
1287 913 1487 966 pediturn,

184 967 389 1020 equitibus
422 968 463 1006 in
501 969 671 1022 singulas
703 969 881 1023 legiones
920 969 1106 1009 trecenis.
1134 975 1159 1021 4,·
1191 971 1362 1009 alterum
1398 979 1487 1009 tan·
1507 972 1677 1024 Qinufne‘

185 1034 275 1064 tum
298 1028 388 1079 (28)
404 1039 453 1064 ex
484 1026 631 1065 Latino
665 1026 826 1066 delectu
848 1026 1126 1081 adjiciebatur,
1158 1028 1228 1080 qui
1249 1026 1296 1068 ea
1315 1027 1486 1082 tempes-
1506 1024 1705 1092 ZZJZ‘ZW

182 1091 265 1121 tate
307 1082 439 1122 hostes
479 1093 594 1122 erant
625 1084 839 1132 Romanis,
871 1085 1097 1137 eodemque
1133 1085 1274 1125 ordine
1313 1086 1614 1137 instrux-cftibu„

185 1149 300 1178 erant
321 1141 475 1181 aciem:
503 1155 577 1180 nee
608 1142 752 1181 vexilla
787 1156 881 1182 cum
918 1143 1071 1182 vexillis
1107 1140 1283 1193 tantum,
1317 1144 1487 1183 universi

184 1195 328 1237 hastati
349 1212 445 1238 cum
464 1198 641 1250 hastatis,
672 1200 873 1253 principes
889 1214 984 1239 curn
1001 1201 1277 1254 principibus;
1310 1201 1377 1241 sed
1394 1216 1489 1242 cen-

186 1255 293 1296 turio
327 1271 490 1310 quoque
527 1271 621 1296 cum
663 1258 915 1308 centurione,
960 1259 985 1297 fi
1025 1259 1186 1298 ordines
1222 1258 1370 1299 turbati
1405 1273 1490 1299 non

185 1313 326 1364 effent,
350 1315 675 1354 concurrendum
698 1315 766 1355 fibi
786 1316 860 1355 effe
882 1315 1069 1355 sciebant.
1119 1318 1207 1370 (29)
1229 1318 1327 1358 Duo
1349 1317 1490 1371 primi-

186 1371 257 1423 pili
278 1385 326 1410 ex
360 1370 530 1425 utraque
552 1372 636 1412 acie
659 1373 764 1413 inter
794 1373 952 1414 triarios
983 1383 1121 1414 erant:
1153 1375 1368 1416 Romanus
1400 1389 1489 1415 cor-

186 1442 284 1481 pore
317 1429 633 1483 haudquaquam
665 1431 755 1470 satis
788 1432 959 1479 validus,
997 1442 1177 1472 ceterum
1209 1433 1394 1473 strenuus
1429 1433 1491 1473 vir

186 1486 418 1540 peritusque
454 1488 631 1528 militiae:
682 1489 851 1529 Latinus
883 1489 1033 1529 viribus
1065 1491 1206 1545 ingens
1241 1490 1491 1544 bellatorque

187 1544 372 1596 primus3
405 1545 593 1585 notiflimi
634 1546 737 1586 inter
772 1547 826 1598 se,
859 1549 952 1600 quia
988 1562 1101 1600 pares
1144 1548 1297 1603 semper
1330 1549 1492 1588 ordines

189 1602 401 1642 duxerant.
464 1603 671 1652 Romano,
694 1604 802 1644 haud
826 1604 916 1644 satis
939 1605 1080 1645 fidenti
1103 1606 1269 1655 viribus,
1297 1608 1382 1661 jam
1405 1606 1495 1645 Ro-

188 1672 266 1698 mae
300 1660 531 1712 permissum
567 1671 650 1700 erat
687 1661 734 1701 ab
776 1663 1020 1711 consulibus,
1054 1673 1098 1702 ut
1139 1664 1493 1704 subcenturionem

189 1715 275 1764 fibi,
308 1731 430 1769 quern
472 1719 607 1770 vellet,
648 1720 813 1774 legeret,
858 1720 926 1773 qui
963 1730 1163 1760 tutaretur
1196 1737 1291 1761 eum
1327 1721 1376 1761 ab
1410 1736 1493 1761 uno

189 1774 386 1814 destinato
421 1774 547 1815 hoste.
587 1776 696 1828 isque
729 1778 904 1831 juvenis,
937 1778 978 1816 in
1015 1779 1100 1818 acie
1121 1779 1296 1831 oblatus,
1329 1794 1377 1818 ex
1400 1794 1494 1819 cen-

188 1832 349 1871 turione
372 1833 518 1872 Latino
538 1833 750 1873 victoriam
773 1836 876 1874 tulit.
937 1836 1170 1890 Pugnatum
1193 1838 1249 1877 est
1271 1838 1380 1877 haud
1402 1852 1495 1891 pro-
1514 1842 1616 1894 Pugsza
1631 1854 1691 1872 cum

188 1890 256 1928 cul
292 1889 494 1931 radicibus
515 1891 681 1931 Vesuvii
704 1893 870 1944 montis,
904 1892 983 1946 qua
1017 1894 1079 1935 via
1103 1895 1151 1934 ad
1176 1895 1359 1935 Veserim
1391 1895 1494 1935 fere·
1513 1888 1639 1917 Latum.

192 1945 275 1986 bat.

246 2005 322 2045 IX.
356 2005 535 2046 Romani
571 2007 754 2048 consules
784 2007 912 2062 prius,
944 2008 1067 2062 quam
1105 2013 1164 2065 (ι)
1198 2012 1417 2051 educerent
1453 2011 1494 2051 in

1351 2083 1496 2122 aciem,

193 2178 374 2219 promiscue
392 2190 567 2222 ponantur.
613 2182 692 2223 (26)
708 2183 775 2214 Alii
792 2183 953 2214 incedebant.
970 2184 1022 2216 sed
1044 2187 1160 2216 incidere
1181 2189 1209 2216 in
1221 2188 1351 2228 aliquem,
1374 2188 1426 2219 vel
1441 2190 1496 2218 ali·

195 2227 246 2259 cui,
268 2224 311 2254 est
327 2235 401 2255 eum
418 2237 491 2257 cum
509 2227 634 2267 impetu
647 2226 809 2259 invadere.
830 2228 917 2260 infra
936 2230 953 2259 l.
976 2231 1028 2261 28.
1047 2239 1072 2260 c.
1089 2241 1138 2270 13.
1186 2232 1263 2272 (27)
1287 2231 1413 2274 Lipsius
1426 2233 1495 2263 alii-

195 2278 258 2307 que
280 2268 451 2310 legendum
465 2271 593 2302 censent
609 2276 758 2312 quaternis.
804 2275 843 2304 Et
862 2274 993 2314 quidem
1014 2286 1051 2306 ex
1064 2275 1161 2317 supra
1178 2276 1273 2306 dics‘tis
1291 2288 1494 2318 unaquaeque

195 2311 278 2354 legio
289 2313 349 2343 erit
364 2315 509 2354 peditum
528 2326 627 2355 4340.
640 2327 756 2359 nempe
769 2317 802 2347 in
817 2318 920 2359 prima
938 2318 1004 2350 acie
1025 2329 1121 2358 1240.
1138 2321 1273 2352 totidem
1290 2321 1323 2352 in
1340 2322 1494 2354 secunda:

194 2356 229 2386 in
245 2355 341 2388 tertia
367 2358 463 2390 1860»
512 2360 616 2401 Suprfi.
634 2361 730 2392 etiam
748 2361 767 2392 i.
795 2373 822 2400 7.
839 2375 866 2394 c.
884 2374 934 2402 25.
959 2366 1120 2405 quatermim
1137 2368 1255 2396 millium
1282 2370 1319 2398 {5
1334 2370 1493 2397 ducenorum

191 2403 315 2443 peditum
339 2401 422 2443 legio
439 2403 529 2435 fuisse
547 2404 686 2443 dicitur3
711 2408 742 2436 δε
770 2406 856 2438 infra
873 2408 896 2439 l.
923 2419 977 2441 22.
994 2421 1019 2440 c.
1050 2410 1100 2449 36.
1126 2412 1222 2442 aufta
1240 2411 1299 2442 effe
1327 2411 1428 2451 usque
1452 2414 1493 2443 ad

194 2449 280 2486 quina
306 2449 407 2484 millia,
442 2456 588 2490 tempore
615 2450 744 2482 secundi
773 2452 850 2482 belli
879 2454 1002 2485 Punici.
1047 2455 1124 2495 (28)
1153 2456 1246 2486 Teste
1273 2455 1423 2498 Polybio,
1457 2466 1493 2488 ut

196 2490 374 2531 plurimum
386 2500 528 2532 quatuor
542 2494 721 2536 legionibus
735 2496 889 2528 Romanis
907 2509 965 2539 par
989 2510 1143 2530 numerus
1160 2501 1308 2541 peditum
1324 2512 1341 2531 e
1357 2501 1495 2539 Latinis,

194 2536 318 2576 duplex
333 2537 481 2577 equitum
498 2538 720 2578 adjiciebatur.
765 2542 842 2581 (29)
860 2544 973 2573 Sensus
996 2544 1082 2574 Livii
1100 2555 1167 2575 non
1184 2546 1236 2582 est,
1259 2546 1340 2576 duos
1365 2548 1495 2577 tantum

197 2580 379 2622 primipilus
395 2581 428 2611 in
453 2582 591 2622 utraque
614 2584 680 2614 acie
707 2584 808 2622 fuisse,
831 2587 865 2616 in
882 2587 1026 2627 qualibet
1060 2599 1180 2627 unum3
1205 2591 1258 2621 sed
1275 2591 1383 2631 potius
1412 2592 1494 2622 duos

196 2625 287 2662 tales,
309 2637 382 2656 cum
411 2627 495 2657 notis
523 2628 716 2659 valetudinis
740 2630 771 2660 ὅτ
797 2630 924 2662 roboris
940 2632 1120 2675 adscriptis,
1142 2635 1175 2665 in
1197 2635 1337 2676 utraque
1353 2635 1420 2666 acie
1437 2636 1495 2667 fibi

196 2669 361 2711 oppositos
378 2671 480 2702 fuisse.

243 2716 278 2745 C.
304 2725 331 2755 9.
355 2717 411 2757 (1)
439 2718 557 2747 Educet-f
581 2720 609 2748 in
632 2721 716 2749 acia-m
745 2719 901 2757 absolute,
927 2731 992 2753 non
1024 2724 1135 2756 addito
1161 2724 1247 2762 casu,
1270 2725 1383 2756 Livius
1411 2725 1494 2765 saepe

1402 2770 1495 2799 dixit„
