1832 3137
389 275 1026 321 LIBERII.CAP.
1086 280 1196 322 XLI.
1588 299 1659 340 ¹37

163 390 324 434 struere.
383 393 493 432 Tum
523 390 703 446 primum
724 393 786 431 lex
810 396 871 447 (3)
893 395 1042 449 agraria
1080 397 1330 451 promulgata
1361 397 1416 438 est
1433 415 1445 446 3
1464 408 1528 438 Lex
1541 408 1666 449 agraria.

163 464 371 504 nunquam
404 450 547 489 deinde
571 449 694 502 usque
716 451 765 489 ad
785 449 888 490 hane
910 454 1143 492 memoriam
1167 454 1242 493 fine
1265 455 1448 496 maximis

164 509 339 548 motibus
355 521 488 546 rerum
510 507 668 561 agitata.
729 506 879 547 Consul
900 510 996 548 alter
1017 511 1215 564 largitioni
1237 512 1449 563 refistebat,

165 564 396 605 auctoribus
409 564 609 612 Patribus,
631 578 704 604 nec
726 565 836 604 omni
853 566 966 619 plebe
986 568 1212 607 adversante
1231 584 1240 608 ε
1262 583 1349 621 quae
1371 570 1450 623 pri-

166 625 236 662 mo
264 632 441 675 coeperat
464 624 523 676 (4)
545 621 735 669 fastidire,
770 636 917 662 munus
945 624 1151 677 vulgatum
1173 641 1194 665 a
1216 625 1366 666 civibus
1389 630 1450 680 (ς)

164 681 232 720 iffe
268 680 308 718 in
344 678 482 718 socios.
520 679 620 732 saepe
657 679 800 718 deinde
839 682 879 720 &
912 680 1143 734 Virginium
1176 683 1377 722 consulem
1409 685 1450 722 in

167 736 428 777 concionibus
465 737 574 776 velut
608 736 891 776 vaticinantem
932 738 1130 787 audiebat,
1181 740 1352 794 Pssiletzs
1386 741 1453 780 col-

166 796 249 848 legae
269 809 401 833 munus
428 794 499 849 ff·
561 795 684 847 Agros
704 794 780 833 illos
799 795 1020 848 servitutem
1055 798 1116 847 iis,
1148 799 1210 849 qni
1241 800 1453 850 acceperint,

169 852 317 891 laturos.
348 867 455 905 regno
482 853 584 890 viam
603 850 710 905 fieri.
774 851 889 906 „Quid
917 854 969 890 ita
1000 854 1093 892 enim
1125 855 1253 908 affitmi
1270 856 1381 907 socios
1405 856 1456 896 ξε*

171 925 292 949 nomen
314 909 497 948 Latinum
512 912 532 947 ?
567 907 682 963 Quid
698 910 836 947 attinui
862 925 893 961 e,
926 909 1116 958 Hernicis,
1141 912 1263 962 paullo
1275 910 1361 950 cml&
1383 912 1456 966 hcfi

169 968 279 1016 tibus,
309 969 405 1019 capti
430 968 516 1020 agri
538 976 685 1018 partem
719 968 866 1005 tertiam
898 968 1013 1015 reddi,
1045 970 1084 1006 711⁶
1095 986 1106 1006 ι
1133 977 1174 1007 ut
1189 968 1240 1007 hae
1253 978 1376 1022 gentes
1389 979 1458 1021 pro

174 1025 359 1065 Coriolano
374 1024 460 1063 duce
478 1023 636 1077 Cqffium
651 1023 805 1063 habeant
819 1027 839 1062 .9
861 1024 1068 1078 Popularis
1086 1027 1170 1080 jam
1186 1026 1259 1064 effe
1274 1025 1458 1065 dissuasor

175 1084 213 1121 ὃς
238 1082 464 1121 intercessor
494 1081 592 1136 legis
614 1081 778 1135 agrariae
799 1092 989 1134 coeperat.
1013 1093 1179 1135 uterque
1201 1083 1342 1122 deinde
1364 1097 1460 1122 con-

173 1138 232 1179 sul
253 1139 434 1179 certatim
456 1139 560 1193 plebi
583 1139 801 1193 indulgere.
863 1140 1072 1194 Virginius
1094 1141 1238 1189 dicere,
1261 1141 1459 1193 pafl'urum

173 1197 212 1236 se
234 1196 412 1251 assignari
434 1211 565 1250 agros,
597 1197 694 1235 dum
727 1210 775 1235 ne
797 1197 876 1244 cui,
907 1197 976 1236 nisi
1013 1197 1088 1236 civi
1117 1197 1319 1246 Romano,
1350 1198 1461 1252 aflig-

173 1264 331 1294 nentur.
394 1253 561 1303 Caffius,
583 1254 675 1306 quia
698 1254 737 1291 in
758 1254 908 1308 agraria
928 1255 1136 1309 largitione
1157 1254 1386 1294 ambitiosus
1401 1257 1462 1309 (6)

174 1312 217 1351 in
238 1311 382 1362 socios,
413 1309 544 1364 eoque
567 1311 719 1350 civibus
740 1311 854 1350 vilior
881 1323 978 1360 erat,
1011 1322 1054 1351 ut
1089 1312 1165 1351 alio
1196 1326 1360 1351 munere
1393 1312 1460 1351 fibi

174 1370 451 1409 reconciliaret
465 1369 612 1408 civium
628 1369 798 1418 animos,
826 1369 982 1423 jubere,
1014 1383 1085 1422 pro
1099 1369 1234 1408 Siculo
1257 1369 1462 1408 frumento

177 1426 390 1480 pecuniam
410 1436 613 1478 acceptam
635 1426 799 1465 retribui
813 1427 975 1479 populo.
1036 1426 1082 1464 Id
1098 1423 1191 1465 vero
1213 1425 1321 1465 haud
1336 1426 1463 1475 secus,

177 1481 301 1537 quam
323 1483 557 1536 praesentem
575 1484 800 1523 mercedem
817 1483 944 1536 regni,
975 1483 1177 1536 aspernata
1194 1483 1340 1536 plebes.
1362 1480 1462 1522 adeo

179 1551 341 1595 propter
363 1540 623 1594 suspicionem
646 1540 799 1579 insitam
821 1541 948 1593 regni,
982 1542 1090 1580 velut
1111 1539 1357 1579 abundarent
1378 1555 1465 1579 om-

180 1599 261 1647 nia,
312 1612 478 1637 munera
518 1599 605 1652 ejus
646 1598 686 1636 in
728 1597 870 1636 animis
910 1597 1122 1636 hominum
1162 1597 1461 1650 respuebantur.

180 1657 335 1712 Qem,
366 1654 433 1694 ubi
467 1653 644 1707 primum
680 1653 910 1708 magistratu
950 1654 1062 1704 abiit,
1094 1656 1327 1693 damnatum
1349 1669 1466 1694 neca-

182 1724 350 1766 tumque
365 1711 529 1751 constat.
590 1712 710 1761 Sunt,
731 1711 800 1763 qui
818 1721 971 1763 patrem
994 1712 1200 1751 auctorem
1221 1712 1307 1766 ejus
1322 1711 1468 1765 suppli-

183 1771 234 1811 cii
256 1770 409 1810 ferant:
440 1783 548 1817 eum,
580 1769 739 1823 cognita
775 1768 883 1807 domi
917 1770 1048 1817 causa,
1080 1768 1292 1808 verberass'e
1326 1783 1370 1808 ac
1400 1783 1468 1807 ne-

184 1829 297 1877 caffe,
331 1830 389 1880 (7)
411 1827 695 1880 peculiumque
731 1825 802 1864 filii
822 1825 957 1865 Cereri
992 1825 1279 1865 consecravisse.
1315 1827 1467 1880 signum
1489 1838 1527 1867 ca
1549 1850 1589 1867 ms
1611 1846 1688 1867 um-

186 1886 277 1925 inde
298 1885 454 1925 factum
471 1884 561 1934 effe,
595 1888 633 1925 ἃ
654 1883 903 1935 inscriptum,
936 1897 987 1922 Ex
1010 1884 1160 1924 CAssm
1185 1896 1368 1922 FAMrLlA
1392 1897 1469 1923 DA·
1486 1890 1541 1913 tur-

186 1956 300 1985 TUM.
362 1942 526 1982 Invenio
549 1942 654 1995 apud
691 1940 898 1994 quosdam,
929 1941 1047 1994 idque
1070 1943 1131 1994 (8)
1152 1939 1316 1994 propius
1348 1939 1470 1980 fidem

1398 1998 1470 2046 est,

190 2128 250 2161 pro
261 2118 436 2161 republicss.
483 2117 539 2159 (3)
560 2118 610 2148 De
626 2126 713 2158 agro,
729 2115 783 2156 qui
801 2126 837 2146 ex
850 2114 990 2146 hostibus
1004 2123 1115 2156 captus
1128 2125 1163 2145 ac
1176 2114 1312 2156 proinde
1328 2114 1474 2156 publicus

190 2172 269 2201 erat,
291 2172 346 2195 aut
374 2163 546 2194 adimendo
563 2161 697 2202 privatis
721 2161 775 2201 qui
794 2172 867 2191 eum
884 2167 1129 2200 occupaverant,
1152 2168 1206 2190 aut
1231 2159 1379 2200 inopibus
1396 2159 1476 2190 divi-

191 2209 311 2239 dundo.
359 2208 414 2249 (4)
438 2206 648 2247 Contemptui
671 2206 787 2236 habere
803 2216 919 2235 munus
941 2205 1028 2244 quod
1045 2215 1110 2234 non
1127 2203 1296 2244 proprium
1312 2204 1384 2234 esset
1402 2203 1478 2235 civi·

192 2258 266 2290 urn3
290 2253 351 2288 sed,
377 2251 649 2283 communicatum
665 2249 754 2280 sociis
771 2260 910 2290 quoque,
932 2249 996 2290 jam
1018 2248 1080 2278 vile
1100 2249 1130 2278 ὃ(
1147 2248 1276 2289 vulgare
1303 2248 1475 2279 videretur.

191 2299 247 2337 (5)
270 2299 391 2328 Vocem
407 2297 451 2339 ff
464 2296 632 2326 delendam
649 2294 834 2325 Gronovius
846 2294 971 2330 censet3
987 2301 1018 2323 at
1029 2292 1137 2323 invitis
1154 2292 1325 2329 codicibus,
1341 2293 1395 2332 qui
1412 2303 1482 2323 om·

194 2354 248 2372 nes
275 2342 327 2372 vel
348 2342 402 2383 ''ff'’
424 2341 475 2372 vel
487 2341 545 2382 qffe,
567 2340 617 2370 vel
635 2338 772 2380 denique
787 2339 863 2380 egff
879 2340 1065 2379 praeferunt.
1113 2336 1201 2380 Qid
1214 2336 1245 2373 sl,
1268 2336 1479 2377 interpuncti-

194 2398 255 2417 one
272 2387 397 2416 tantum
412 2386 546 2421 mutaffi,
567 2384 706 2425 legamus
722 2384 856 2427 fastidire
870 2396 965 2412 munus
992 2384 1136 2423 vulgatum
1146 2397 1156 2415 ;
1182 2395 1199 2411 cz
1215 2383 1317 2411 civibus
1334 2381 1378 2423 {ffe
1398 2383 1480 2421 insa-

194 2436 256 2468 (ξω,
279 2431 318 2461 sc.
333 2429 494 2460 dictitans
520 2431 554 2459 E.
602 2428 656 2469 (6)
680 2427 871 2459 Ambiendae
898 2426 1056 2458 sociorum
1085 2425 1193 2467 gratiae
1220 2425 1378 2456 studiosus¹
1425 2427 1481 2466 (7)

196 2478 333 2510 Peculium
350 2473 481 2516 proprie
494 2473 536 2503 est
552 2472 585 2503 id
608 2473 696 2513 quod
708 2472 814 2503 servus
831 2472 1025 2502 concedente
1038 2470 1168 2501 domino
1180 2469 1319 2510 possidct.
1368 2469 1480 2500 Simili-

196 2529 245 2554 ter
262 2520 434 2560 usurpatur
462 2528 523 2558 pro
539 2528 578 2547 eo
603 2518 691 2557 quod
715 2517 798 2547 filius
815 2515 948 2557 possidet
966 2514 1109 2546 concessu
1134 2514 1252 2555 patri53
1276 2513 1350 2553 quia
1366 2524 1481 2556 nempe

197 2564 467 2605 quemadmodum
480 2561 560 2593 servi
573 2561 606 2591 in
623 2561 744 2592 domini
763 2561 925 2602 potestate,
950 2560 994 2590 ita
1013 2559 1145 2590 &liberi
1163 2559 1195 2588 in
1215 2558 1365 2599 potestate
1382 2557 1480 2599 patris

198 2622 226 2640 ez
235 2616 298 2640 ant.
345 2611 391 2638 At
404 2607 522 2638 laxiore
535 2606 623 2637 sensu
631 2608 765 2646 peculium
777 2606 857 2646 saepe
867 2604 1020 2635 dicuntur
1033 2614 1231 2644 quaecunque
1244 2602 1408 2633 facultates
1423 2601 1481 2634 eti·

199 2665 249 2685 :un
268 2651 533 2694 patrumfamiliae.
582 2650 638 2691 (8)
655 2649 856 2681 Credibilius.
908 2650 1067 2691 Vox-fidem
1084 2647 1204 2689 regitur
1226 2659 1243 2678 a
1260 2646 1480 2689 praepositione

1445 2692 1484 2721 ad
