1853 3158
147 328 206 361 22

832 309 883 351 T.
945 307 1200 350 LIVII

373 429 446 470 hac
475 427 610 468 dextrd
643 425 862 479 Capitolium
882 439 1071 478 arcemque
1083 422 1338 478 firvaverim,
1352 419 1395 475 si
1421 421 1538 460 civem
1570 435 1663 460 com-

373 487 637 538 militonemque
673 498 806 533 meum,
836 491 1014 536 tanquam
1048 481 1171 521 Gallis
1205 479 1403 519 vifforibus
1436 485 1596 530 captum,
1626 480 1665 516 in

360 545 585 600 servitutem
620 557 663 581 ac
698 540 848 580 vincula
883 540 967 579 duci
996 539 1153 578 videam.
1215 537 1313 576 Inde
1352 549 1438 575 rem
1479 534 1667 574 creditori

374 602 505 656 palam
523 599 673 654 populo
690 598 818 646 solvit,
850 599 912 651 (3)
931 595 1110 649 libraque
1129 598 1169 636 &
1186 609 1263 635 aere
1280 594 1492 634 liberatum
1506 591 1670 640 emittit,

375 659 489 700 Deos
518 667 637 711 atque
658 655 843 696 homines
872 654 1151 701 obtestantem,
1183 662 1224 691 ut
1245 652 1314 692 M.
1338 650 1508 702 Manlio,
1538 650 1670 688 libera-

374 717 538 771 tot-ism,
560 716 712 768 parenti
724 714 838 766 plebis
860 713 1049 760 Romame,
1076 711 1243 764 gratiam
1269 709 1447 765 referant.
1512 707 1670 759 Accep-

376 784 443 814 tus
472 773 674 826 externplo
701 772 741 810 in
765 769 1053 810 tumultuosam
1085 767 1244 807 turbam
1275 765 1415 820 &ipse
1448 765 1671 804 tumultum

374 831 563 886 augebat,
605 829 810 870 cicatrices
855 837 1036 880 acceptas
1083 824 1262 879 Vejenti,
1300 823 1476 870 Gallico,
1507 821 1671 873 aliisque

376 890 565 942 deinceps
598 887 712 927 bellis
745 886 959 926 ostentans.
1023 884 1067 922 Se
1101 883 1333 929 militantem,
1351 881 1396 936 se
1430 879 1671 934 rfstituertern

375 948 513 1002 everjfhs
526 953 692 999 penates,
724 946 786 997 (4)
808 943 999 996 multiplici
1005 943 1093 996 jam
1102 941 1203 995 sorte
1223 939 1397 994 exsoluta‘,
1428 942 1452 989 ’(-
1477 937 1672 989 mergenti-

376 1006 442 1044 bas
449 1005 596 1059 semper
602 1003 741 1056 sortem
770 1001 905 1055 usuris,
936 1000 1101 1038 obrutum
1109 998 1256 1054 foenore
1275 997 1336 1052 effi’
1350 1018 1363 1041 ;
1398 995 1524 1034 videre
1542 994 1673 1043 lucem,

364 1062 514 1118 fhrum,
545 1061 685 1099 civium
706 1073 786 1107 ora,
819 1057 887 1096 M.
918 1057 1068 1096 Manlii
1087 1056 1196 1109 operd
1210 1073 1222 1094 :
1253 1055 1374 1094 omnia
1396 1055 1457 1107 (5)
1471 1059 1673 1105 parentum

377 1118 544 1173 beneficia
576 1118 621 1156 ab
651 1116 709 1154 illo
726 1116 771 1169 st’
802 1114 956 1152 habere:
985 1114 1041 1152 illi
1072 1113 1247 1152 devovere
1277 1113 1434 1164 corporis
1459 1111 1611 1162 vitaeque
1630 1124 1673 1147 ac

366 1176 567 1230 sanguinis
587 1170 856 1227 quodfiJpeffit.
887 1170 1196 1224 quodcunquestbi
1215 1185 1296 1209 cum
1306 1168 1457 1222 patrici,
1482 1167 1676 1219 penatibus

371 1233 529 1287 publicis
549 1248 592 1270 ac
605 1231 774 1284 privatis
777 1229 886 1283 juris
892 1228 1037 1283 fiterit,
1059 1227 1100 1266 id
1116 1242 1198 1266 cum
1220 1243 1288 1266 uno
1308 1226 1447 1265 homine
1461 1225 1533 1279 effi’.
1594 1223 1673 1262 His

379 1290 545 1331 vocibus
566 1295 590 1341 †
610 1287 797 1327 instincta
813 1284 948 1339 plebes
968 1298 1095 1337 quum
1111 1285 1195 1339 jam
1213 1284 1331 1323 unius
1346 1274 1521 1323 hominis
1539 1283 1600 1335 (6)
1617 1280 1677 1320 es-

379 1349 451 1396 set,
484 1347 617 1386 addita
639 1346 713 1385 alia
737 1347 798 1398 (7)
820 1342 1097 1383 commotioris
1127 1342 1176 1380 ad
1208 1340 1343 1380 omnia
1363 1339 1559 1379 turbanda
1581 1352 1677 1378 con-

380 1406 452 1446 filii
493 1418 568 1445 res.
632 1403 822 1444 Fundum
864 1402 926 1455 (8)
963 1400 1005 1439 in
1046 1398 1226 1454 Vejenti‚
1270 1406 1390 1451 caput
1430 1395 1676 1449 patrimonii,

1429 1455 1491 1507 (9)
1512 1452 1677 1509 subjecit

382 1581 424 1611 tiz
437 1588 544 1611 autem
563 1577 707 1621 pecuniae
724 1576 857 1618 triginta
882 1574 949 1606 dies
967 1575 1140 1611 dabantur,
1163 1571 1392 1613 conquirendae
1414 1569 1559 1613 pecuniae
1585 1567 1680 1600 causi

383 1636 481 1666 quam
502 1625 718 1655 dissolverent.
766 1621 892 1664 Qibus
905 1620 1025 1662 elapfis,
1049 1619 1106 1650 nisi
1123 1617 1341 1654 dissolverant,
1362 1615 1597 1648 addicebantur
1613 1624 1681 1645 cre-v

382 1669 492 1701 ditori.
515 1669 571 1700 vid
584 1672 625 1699 A.
642 1667 783 1698 Gellium
799 1667 819 1696 l.
838 1675 888 1696 20.
904 1677 930 1696 c.
951 1677 976 1698 1.
1000 1666 1111 1709 Qum
1128 1663 1226 1705 igitur
1250 1662 1301 1693 hic
1319 1660 1467 1692 centurio
1484 1659 1586 1691 statim
1603 1657 1679 1689 duci

383 1714 522 1751 dicatur,
544 1712 789 1754 intelligendum
808 1710 851 1741 est
867 1721 941 1741 eum
957 1720 1023 1740 non
1040 1709 1139 1739 modo
1161 1707 1351 1749 judicatum,
1373 1706 1426 1736 sed
1454 1704 1550 1735 etiam
1571 1704 1681 1734 addic-

384 1767 455 1790 tum
478 1758 578 1789 fuisse.
623 1758 678 1798 (3)
702 1755 949 1796 IVIancipatione
975 1752 1114 1794 quadam
1138 1751 1233 1787 faeta,
1258 1750 1321 1792 qua
1345 1751 1437 1781 suum
1462 1749 1496 1780 in
1524 1746 1680 1779 debitoris

383 1815 503 1845 corpus
520 1802 701 1834 dominium
729 1800 869 1832 creditor
896 1799 930 1830 in
959 1797 1123 1829 Manlium
1151 1798 1351 1832 transferret,
1374 1794 1429 1835 qui
1462 1804 1536 1825 eum
1563 1793 1681 1824 deinde

383 1852 529 1885 emitteret,
552 1848 615 1878 five
631 1845 883 1877 manumitteret.
929 1843 1064 1885 Optimo
1089 1849 1198 1873 autern
1223 1841 1294 1884 jure
1322 1839 1503 1871 dominium
1528 1839 1681 1869 transfer-

383 1894 511 1929 ebatur,
526 1903 629 1933 quum
645 1902 703 1932 per
720 1902 760 1922 aes
778 1891 809 1920 &
827 1889 944 1920 libram
959 1886 1105 1919 venditio
1122 1886 1222 1923 fieret,
1244 1886 1305 1916 hoc
1322 1885 1476 1920 nimirum
1497 1882 1570 1913 ritu.
1594 1883 1683 1917 Ade-

384 1947 435 1970 rat
453 1938 620 1979 libripens,
642 1936 698 1976 qui
718 1936 837 1966 libram
861 1933 990 1965 tenebat
1012 1942 1129 1963 manui
1155 1932 1288 1962 aderant
1313 1930 1456 1970 quinque
1473 1928 1574 1965 testes,
1597 1926 1683 1959 cives

384 1982 536 2018 Romani,
561 1981 712 2023 puberes.
759 1982 895 2019 Emptor
910 1988 1078 2009 nummum
1095 1987 1214 2007 aereum
1227 1983 1339 2006 tenens
1353 1974 1397 2005 ita
1410 1973 1554 2004 dicebat:
1582 1972 1682 2003 Hune

385 2039 445 2069 ego
461 2026 626 2058 hominem
642 2037 679 2056 ex
697 2026 768 2066 jure
787 2022 966 2067 Qiritium
989 2032 1098 2053 meum
1117 2020 1176 2052 effe
1202 2020 1264 2057 aio,
1286 2019 1374 2060 isque
1391 2018 1470 2049 mihi
1494 2024 1622 2058 emptus
1639 2015 1683 2047 est

387 2074 450 2103 hoe
467 2083 529 2103 aere
549 2070 702 2110 aeneAque
718 2068 808 2100 libra.
857 2068 983 2099 Deinde
1003 2078 1087 2098 aereo
1103 2076 1236 2098 nummo
1258 2063 1460 2106 percutiebat
1485 2062 1612 2098 libram,
1634 2060 1683 2091 in-

388 2119 494 2157 deque
511 2127 553 2147 aes
563 2116 592 2146 ei
608 2116 717 2150 dabat,
740 2125 757 2145 a
769 2123 834 2154 quo
845 2112 1008 2154 mancipio
1024 2111 1213 2153 accipiebat,
1235 2108 1322 2150 quasi
1347 2107 1444 2150 pretii
1470 2107 1554 2137 loco.
1602 2106 1684 2136 Haec

385 2170 495 2195 autem
511 2160 710 2192 consuetudo
726 2159 802 2189 inde
823 2159 922 2188 dueta
943 2165 1023 2194 erat,
1045 2156 1135 2196 quod
1161 2162 1284 2185 veteres
1310 2151 1460 2189 Romani,
1483 2161 1586 2192 quum
1601 2161 1684 2181 non·

385 2209 466 2238 dum
476 2218 517 2237 aes
534 2205 690 2247 fignatum
701 2204 868 2239 haberent,
880 2202 1050 2243 posteaque
1066 2200 1163 2231 etiam
1179 2209 1281 2240 quum
1297 2197 1412 2229 astibus
1429 2196 1598 2227 libralibus
1611 2203 1681 2227 ute-

385 2259 512 2288 rentur,
534 2248 762 2291 appendebant
779 2258 831 2283 aeS‚
856 2257 921 2278 non
938 2245 1162 2277 numerabant.
1210 2245 1264 2286 (4)
1287 2242 1439 2274 Exsolutzi
1453 2242 1519 2284 jam
1535 2251 1593 2283 per
1610 2241 1684 2271 usu-

384 2308 437 2327 ras
453 2294 490 2327 ea
506 2293 650 2336 pecuniae
667 2291 800 2328 summa,
824 2302 896 2332 quae
912 2291 1021 2322 multis
1038 2290 1184 2332 partibus
1198 2289 1401 2330 exsuperaret
1419 2287 1547 2324 sortem,
1570 2285 1632 2321 five
1648 2284 1683 2316 id

386 2342 475 2382 quod
492 2339 593 2372 debiti
610 2345 706 2380 caput
724 2345 811 2374 erat;
835 2335 937 2367 usuris
961 2336 1023 2367 sese
1040 2336 1163 2376 semper
1186 2334 1282 2375 supra
1298 2333 1416 2363 sortem
1440 2330 1682 2372 quodammodo

384 2384 662 2420 coacervantibus,
684 2392 819 2422 eamque
844 2381 932 2422 quasi
958 2379 1223 2422 deprimentibus,
1245 2389 1281 2409 ac
1303 2376 1489 2409 vetantibus
1511 2385 1680 2417 emergere.

382 2433 457 2474 Juv.
474 2432 536 2461 Sat.
556 2439 605 2468 13.
621 2439 651 2459 V.
666 2437 693 2466 7.
716 2434 744 2458 ut
759 2428 900 2457 mediocris
919 2427 1050 2468 Jac‘Yurae
1066 2432 1092 2455 te
1107 2431 1215 2465 mergat
1230 2437 1303 2454 onus.
1347 2422 1404 2462 (5)
1426 2420 1545 2453 Omnia
1565 2419 1686 2451 benefi-

385 2476 434 2507 cia
446 2486 518 2516 quae
535 2485 554 2508 a
570 2471 759 2515 parentibus
775 2471 837 2502 suis
853 2471 974 2502 habent
991 2469 1056 2500 filii.
1081 2471 1115 2499 E.
1160 2468 1215 2510 (6)
1237 2469 1324 2498 Tota
1339 2466 1386 2497 illi
1402 2465 1520 2498 dedita.
1535 2465 1599 2495 vid.
1615 2470 1684 2496 not.

387 2530 418 2560 7.
435 2522 474 2552 ad
494 2520 548 2558 36.
566 2519 588 2549 l.
607 2527 636 2558 3ο
660 2517 716 2559 (7)
731 2517 835 2548 Aldus
852 2515 970 2556 aliique
988 2515 1056 2556 post
1073 2525 1146 2545 eum
1163 2513 1301 2547 editores
1317 2513 1497 2542 commodioris
1513 2511 1684 2545 dederunt,

385 2566 503 2606 quibus
522 2565 553 2595 δε
570 2574 652 2597 unus
679 2563 780 2593 codex
806 2560 1044 2601 manuscriptus
1069 2558 1271 2600 suffragatur.
1295 2556 1344 2587 Sic
1370 2557 1458 2597 apud
1485 2555 1580 2585 Ovid.
1603 2554 1684 2596 vfsh's

384 2612 518 2641 commoda
530 2612 569 2638 ad
581 2610 698 2649 cussum.
745 2608 880 2638 Necnon
893 2603 1164 2638 Drakenborchio
1177 2601 1324 2644 displicet
1337 2600 1459 2632 locutio
1471 2600 1602 2642 cotfilium
1613 2611 1683 2628 com-

384 2657 480 2685 morim-
495 2656 631 2684 adomnia
647 2653 792 2682 turbanda.
817 2650 872 2691 (8)
886 2650 916 2680 h.
932 2661 961 2687 eq
978 2649 1011 2680 in
1025 2659 1101 2690 agro
1118 2648 1307 2688 Vejentano.
1354 2646 1503 2677 Fundum
1513 2644 1574 2674 hoc
1587 2649 1683 2674 vocat

384 2706 467 2740 caput
476 2701 655 2739 patrimonii,
676 2697 694 2726 i.
711 2707 736 2726 e.
753 2695 952 2737 praecipuam
968 2701 1094 2735 partem
1111 2691 1311 2734 patrimonii,
1333 2691 1419 2721 unde
1436 2688 1616 2731 praecipuos
1634 2698 1683 2717 re-

384 2743 469 2784 ditus
488 2743 652 2785 percipere
677 2741 816 2773 solebat:
844 2750 910 2781 quo
933 2739 1036 2775 sensu,
1059 2738 1148 2779 quod
1165 2737 1197 2769 in
1222 2735 1350 2778 qufique
1367 2745 1402 2766 re
1420 2733 1610 2775 primarium
1630 2731 1684 2769 est,

1601 2784 1683 2818 caput
