1905 3168
164 291 237 328 108

166 978 206 1008 U.
217 987 242 1007 c.
259 983 298 1014 25
304 981 332 1012 3·

163 1026 205 1054 A.
219 1023 253 1052 C.
271 1027 349 1067 499..

167 1066 247 1098 Post.
261 1066 366 1095 Conu-

165 1111 231 1147 nio,
241 1111 279 1139 T.
288 1110 367 1139 Lar-

166 1155 212 1189 tio
227 1154 310 1187 Coss.

829 280 880 320 T.
940 280 1192 320 LIVII

381 394 519 448 spatio,
541 395 647 447 quod
664 392 892 432 vulneribus
914 393 1098 432 curandis
1136 390 1434 445 supplendoque
1468 388 1657 430 exercitui

380 452 471 491 satis
492 452 598 502 effet,
616 460 702 489 tum
722 451 778 489 ira
800 451 949 505 majore
968 449 1077 498 belli,
1098 458 1185 488 tum
1206 448 1353 488 viribus
1374 448 1494 487 etiam
1515 447 1658 495 auctis,

381 509 574 550 Pometiae
613 522 720 546 arma
761 508 879 547 illata.
914 510 954 547 ὃς
987 520 1129 560 quum,
1159 505 1283 546 vineis
1314 505 1475 546 refe&is
1507 505 1660 557 aliaque

381 567 487 605 mole
507 564 620 616 belli,
636 565 775 619 jamin
806 579 853 604 eo
872 565 978 613 efl'et,
1011 574 1053 603 ut
1083 564 1123 603 in
1155 577 1290 604 muros
1320 564 1502 603 evaderet
1532 561 1663 611 miles,

382 623 533 662 deditio
555 622 610 662 est
627 622 747 662 fat-[ta.
762 621 940 662 ceterum
959 621 1084 661 nihilo
1106 619 1240 660 minus
1262 618 1387 670 foede,
1401 620 1533 660 dedita
1551 617 1663 666 urbe,

381 682 506 734 quam
524 681 548 719 fi
567 690 680 733 capta
700 679 818 731 foret,
838 680 1021 719 Aurunci
1042 679 1176 733 passim
1194 678 1392 731 principes
1422 677 1546 717 securi
1575 690 1664 729 per-

383 738 494 787 cussi,
517 736 586 776 sub
608 740 670 792 (3)
691 734 838 777 coron&
866 738 1076 777 venierunt
1107 735 1238 776 coloni
1260 737 1321 788 (4)
1353 735 1437 783 alii;
1469 733 1663 788 oppidum

383 797 447 849 (5)
467 795 661 846 dirutum,
684 809 776 849 ager
793 795 930 834 veniit.
990 793 1203 844 Consules,
1224 792 1350 845 magis
1367 791 1418 831 ob
1441 792 1518 831 iras
1534 791 1663 845 gravi-

385 861 446 891 ter
475 854 591 902 uhas,
609 854 731 906 quarn
761 852 812 892 ob
843 851 1161 906 magnitudinem
1192 848 1362 903 perfeC’d
1387 848 1495 898 belli,
1526 848 1666 887 trium-

384 909 574 964 pharunt.

442 967 599 1007 XVIII.
631 965 847 1019 Insequens
869 980 996 1006 annus
1011 964 1247 1005 Postumum
1273 961 1509 1004 Cominium
1544 964 1584 1003 &
1610 962 1666 1004 T.

384 1024 568 1065 Lartium
598 1023 778 1064 consules
807 1023 958 1063 habuit.
1019 1023 1078 1062 Eo
1110 1036 1214 1061 anno
1245 1021 1409 1072 Romae,
1439 1034 1565 1073 quum
1596 1033 1666 1073 per

385 1083 500 1122 ludos
521 1081 569 1121 ab
590 1080 831 1121 Sabinorum
845 1082 1056 1135 juventute
1078 1093 1148 1133 per
1178 1078 1376 1119 lasciviam
1402 1077 1528 1117 scorta
1554 1091 1667 1130 rape-

384 1149 536 1188 rentur,
558 1137 754 1178 concursu
772 1137 984 1178 hominum
1018 1137 1103 1176 rixa
1125 1151 1169 1176 ac
1197 1134 1320 1190 prope
1348 1135 1538 1190 proelium
1564 1133 1666 1182 fuit;

383 1197 583 1251 parvaque
624 1209 673 1235 ex
703 1209 745 1234 re
776 1196 825 1235 ad
860 1195 1117 1235 rebellionem
1149 1193 1325 1247 spe&are
1356 1204 1417 1235 res
1447 1191 1668 1232 videbatur.

382 1255 514 1307 Supra
534 1252 626 1293 belli
644 1254 704 1307 (1)
726 1253 859 1292 Latini
881 1261 1034 1292 metum
1055 1252 1095 1291 id
1112 1266 1273 1304 quoque
1304 1250 1526 1299 accefferat‚
1556 1248 1668 1302 quod

387 1311 549 1365 triginta
567 1311 652 1365 jam
674 1310 890 1364 conjuraffe
912 1310 1097 1364 populos,
1134 1309 1359 1349 concitante
1400 1310 1462 1362 (2)
1496 1306 1670 1347 OE’tavio

386 1368 587 1415 Mamilio,
618 1366 708 1406 satis
729 1366 944 1406 constabat.
1005 1367 1053 1405 In
1077 1366 1152 1406 hac
1174 1375 1375 1405 tantarum
1391 1363 1668 1418 expectatione

383 1439 518 1465 rerum
537 1424 701 1464 sollicita
714 1424 889 1474 civitate,
910 1423 1118 1464 &Statoris
1139 1421 1316 1476 primum
1333 1422 1493 1462 creandi
1515 1421 1672 1460 mentior

386 1492 486 1523 orta.
510 1482 576 1522 sed
597 1495 670 1522 nec
685 1495 766 1535 quo
783 1495 903 1531 anno,
922 1495 995 1521 nec
1011 1482 1071 1535 (3)
1087 1479 1231 1533 quibus
1246 1479 1488 1529 consulibus,
1513 1478 1606 1531 quia
1622 1492 1669 1517 ex

1492 1535 1669 1576 faotione

384 1656 441 1697 (3)
456 1654 594 1687 Locutio
617 1661 689 1686 orta
705 1655 756 1686 vel
781 1664 819 1685 ex
845 1664 884 1685 eo
915 1655 1004 1694 quod
1035 1652 1155 1695 captivi
1178 1651 1324 1684 coronati
1356 1653 1594 1689 venderentur3
1616 1651 1670 1682 vel
1690 1687 1692 1690 y

389 1701 478 1741 qubd
494 1699 620 1736 milites,
635 1699 782 1730 custodiae
798 1698 900 1736 causa,
912 1698 1114 1740 captivorum
1125 1698 1286 1729 venalium
1308 1708 1416 1739 greges
1427 1696 1674 1727 circumstarent.

386 1745 469 1776 Gell.
488 1753 514 1783 7.
528 1754 556 1781 4.
604 1743 656 1785 (4)
681 1746 754 1781 Alii,
769 1754 884 1784 nempe
898 1746 981 1773 coloni
1005 1742 1183 1780 Pometini;
1207 1753 1281 1773 nam
1312 1745 1485 1772 Auruncos
1510 1740 1671 1782 principes

386 1788 482 1820 etiam
510 1789 640 1820 colonos
666 1787 848 1819 Pometinos
870 1786 969 1822 fuisse,
994 1787 1163 1818 verifimile
1186 1798 1252 1817 non
1283 1786 1420 1817 videtur.
1458 1786 1582 1817 Tamen
1606 1785 1673 1816 haec

386 1833 612 1874 interpretatio
630 1832 793 1863 Crevierio
810 1833 891 1863 dura
902 1831 1030 1863 videtur
1046 1843 1103 1863 nec
1120 1832 1249 1873 prorsus
1265 1830 1461 1862 admittenda
1475 1843 1481 1860 :
1508 1837 1539 1860 at
1564 1829 1673 1860 imme-

387 1878 460 1913 rito,
478 1877 510 1908 ni
529 1876 703 1919 plurimum
719 1877 823 1908 fallor.
837 1876 935 1907 immo
951 1877 1104 1907 auum&
1119 1876 1277 1907 affirmare
1290 1875 1387 1906 aufim
1403 1874 1673 1905 construetionem

388 1933 485 1963 quam
497 1923 626 1952 damnat
643 1920 702 1953 effe
718 1922 805 1962 apud
821 1921 960 1962 optimos
976 1922 1134 1958 auctores,
1147 1929 1213 1952 tam
1246 1923 1375 1951 Graecos
1405 1919 1502 1960 quam
1529 1917 1676 1956 Latinos,

389 1966 625 1998 usitatiffimam.
671 1965 719 1996 Sic
735 1965 839 1996 noster
855 1965 969 1996 infral.
984 1974 1033 2003 17.
1055 1977 1081 1996 c.
1103 1975 1152 2006 19.
1182 1979 1215 1995 ex
1242 1967 1342 2006 ingenti
1372 1967 1541 2006 captivorum
1566 1975 1675 1994 numero

387 2014 498 2042 trecenti
514 2013 707 2052 quinquaginta
723 2015 778 2041 od‘t'o
801 2012 894 2040 delesti
920 2011 1089 2052 nobilffmus
1119 2012 1236 2052 quisque,
1266 2012 1311 2050 qui
1332 2011 1446 2039 Romam
1477 2011 1674 2039 mitterentur.-

388 2058 483 2098 vulgus
501 2055 588 2086 aliud
604 2058 770 2085 trucidatum.
817 2054 897 2097 Qis
914 2065 1057 2094 unquam
1073 2054 1202 2096 putavit
1226 2053 1357 2084 Livium
1384 2064 1442 2094 per
1472 2055 1572 2094 vulgus
1599 2054 1679 2083 aliud

388 2100 562 2141 fignificare
578 2099 784 2130 nobiliffimos
796 2099 867 2130 illos
883 2098 916 2129 in
933 2109 1068 2130 numero
1084 2098 1172 2141 vulgi
1188 2098 1299 2130 fuiffe?
1323 2097 1372 2129 Sic
1389 2097 1485 2129 etiam
1513 2099 1675 2128 Homerus

390 2144 497 2188 Odyss.
517 2155 543 2175 1.
560 2155 588 2174 v.
602 2154 672 2184 132.
686 2157 745 2187 παρ
756 2143 781 2173 δ’
798 2157 883 2177 αυτ-ος
901 2151 1022 2183 nato-poor
1033 2146 1104 2174 Serra
1117 2151 1253 2178 ποικιλον,
1266 2144 1383 2173 amsa
1399 2145 1500 2173 ἀλλων
1515 2154 1673 2184 payns-nem:

388 2190 461 2220 licet
478 2200 536 2219 nec
553 2188 705 2220 Minerva
728 2187 812 2219 certe
827 2199 885 2219 nec
916 2189 1126 2219 Telemachus
1150 2187 1248 2218 fuerit
1272 2186 1305 2223 in
1331 2197 1505 2227 procorum
1528 2196 1674 2217 numero.

389 2234 439 2264 Sic
457 2233 594 2273 denique
605 2235 722 2274 Evang.
738 2235 816 2264 Luc.
833 2244 858 2263 c.
872 2242 921 2272 23.
932 2243 961 2262 V.
976 2242 1028 2271 32.
1047 2234 1149 2272 ἤγοντο
1165 2231 1191 2262 δε
1209 2233 1293 2274 ἕτεροι
1309 2230 1354 2262 ἶνα
1371 2244 1513 2273 κακεξγω
1530 2244 1577 2261 συν
1594 2233 1677 2261 ἀυτω

390 2280 578 2321 ἀναιρεθῆναι.
588 2278 618 2308 h.
631 2289 655 2308 e.
666 2281 712 2308 duo
722 2279 783 2314 alii,
792 2277 877 2318 iique
892 2278 1014 2320 malefici.
1059 2278 1194 2308 Temere
1210 2275 1317 2317 igitur,
1331 2286 1405 2306 cum
1421 2275 1585 2316 Doujaffio,
1600 2286 1677 2316 pro-

390 2321 521 2354 nunciat
553 2322 838 2353 Drakenborchius
869 2322 1035 2363 vulgatum
1062 2320 1181 2352 servari
1207 2332 1273 2352 non
1295 2320 1389 2362 poffe.
1413 2322 1448 2350 E.
1503 2320 1558 2361 (5)
1589 2321 1674 2351 Infra

389 2377 498 2398 {amen
515 2378 539 2397 c.
557 2376 607 2399 22.
623 2368 662 2398 de
676 2366 818 2397 Pometia
835 2367 866 2396 ὅτ
882 2366 966 2398 Cora
978 2366 1099 2397 mentio
1116 2366 1172 2402 fit3
1195 2373 1231 2396 ut
1264 2366 1294 2395 ὃς
1319 2366 1359 2396 de
1391 2363 1498 2395 Suessi
1531 2364 1675 2395 Pometia

390 2412 553 2443 obsidione
570 2410 662 2452 capta
679 2412 710 2441 δε
722 2410 849 2452 direpta
864 2422 888 2442 c.
907 2420 957 2449 25.
1002 2410 1179 2442 Verisimile
1211 2410 1339 2440 videtur
1361 2408 1501 2444 Livium,
1534 2409 1676 2440 diversos

391 2456 555 2487 annalium
571 2456 740 2497 scriptores
757 2455 909 2492 secutum,
924 2456 1044 2487 bellum
1054 2455 1139 2486 idem
1154 2454 1203 2486 bis
1215 2453 1311 2486 variis
1327 2452 1403 2485 locis
1416 2453 1562 2486 narrass'e.
1597 2453 1675 2485 Dio-

391 2501 495 2543 nysius
512 2502 551 2531 de
566 2501 651 2532 bello
668 2511 740 2531 cum
756 2500 919 2531 Auruncis
933 2500 1065 2531 omnino
1082 2499 1158 2531 filet.

437 2566 470 2595 C.
490 2563 538 2594 18.
561 2563 615 2603 (1)
627 2564 813 2604 Legendum
825 2564 888 2594 belli
903 2565 1020 2594 Sabini:
1033 2562 1165 2604 triginta
1180 2561 1266 2593 enim
1282 2561 1327 2593 illi
1344 2560 1468 2603 populi,
1482 2560 1537 2601 qui
1565 2561 1675 2602 conju-

392 2607 469 2639 rasse
479 2618 553 2637 mox
565 2607 729 2644 dicuntur,
749 2607 802 2638 alii
819 2608 890 2638 sunt
902 2611 999 2647 quam
1015 2607 1132 2638 Latini.
1178 2607 1374 2648 Etiamfhper
1395 2608 1555 2648 prostaepra
1582 2601 1674 2646 repo-⁴

393 2654 533 2683 nendum
550 2652 688 2689 videtur,
704 2663 779 2683 nam
794 2651 906 2683 Livius
923 2652 967 2683 ita
983 2651 1074 2692 loqui
1091 2652 1201 2683 solitus
1215 2651 1266 2682 est.
1282 2651 1346 2682 vid.
1358 2650 1442 2681 infra
1459 2661 1484 2681 c.
1502 2659 1552 2687 27.
1571 2651 1601 2680 ὃς
1618 2659 1672 2687 51„

393 2698 412 2726 1.
425 2706 474 2727 22.
493 2708 517 2727 c.
532 2697 582 2727 61.
599 2697 617 2726 l.
633 2706 681 2734 25.
694 2708 719 2727 c.
737 2707 786 2728 20.
832 2697 885 2737 (2)
912 2697 968 2727 Ad
996 2707 1092 2737 quem
1110 2695 1326 2737 Tarquinium
1348 2696 1377 2726 se
1392 2695 1568 2725 Tusculum
1599 2705 1675 2725 con-

396 2741 497 2773 tulisse
511 2742 575 2784 jam
588 2741 710 2773 <hastam
723 2741 775 2778 est,
793 2752 817 2774 c.
838 2751 885 2781 15.
902 2742 1005 2783 supra.
1051 2742 1105 2784 (3)
1123 2743 1183 2774 Nec
1199 2742 1289 2783 quibus
1303 2741 1445 2782 corfizls‘bus
1464 2747 1564 2782 parum
1590 2742 1676 2770 credi-

1622 2791 1677 2815 tvm
