1832 3137
385 274 758 320 LIBERI.
819 273 999 321 CAP'.
1059 278 1170 320 LIV.

160 391 221 444 (7)
241 390 341 431 nihil
356 387 620 439 morarentur,
635 388 811 430 infensus
833 390 888 429 ira
903 405 1021 444 porro
1036 391 1128 430 inde
1143 389 1319 430 abiturus
1333 386 1440 430 vide-

159 458 283 498 retur,
297 446 467 502 benigne
485 445 533 488 ab
549 447 720 488 Gabinis
741 447 950 500 excipitur.
964 459 1101 488 vetant
1115 448 1264 496 mirari,
1287 449 1326 496 fi,
1345 463 1443 501 qua-1

158 505 206 544 lis
228 506 268 544 in
289 506 407 554 cives,
438 506 565 558 qualis
587 506 627 544 in
649 505 789 554 socios,
820 506 908 544 talis
939 507 988 545 ad
1017 506 1204 545 ultimum
1227 506 1267 544 in
1299 505 1444 545 liberos

157 563 262 602 effet.
322 563 370 602 In
402 562 439 602 se
473 563 600 616 ipsum
633 562 834 616 postremo
868 562 1121 612 saeviturum,
1153 564 1179 602 fi
1212 563 1285 602 alia
1307 563 1443 602 desint.

158 620 242 660 Sibi
273 621 366 660 vero
390 630 549 675 gratum
586 621 802 660 adventurn
835 621 921 674 ejus
942 621 1043 660 effe:
1075 621 1338 672 futurumque
1361 634 1446 659 cre-

159 678 251 717 dere
267 677 390 726 brevi,
417 688 476 726 ut,
507 679 575 717 illo
595 678 822 732 adjuvante,
850 677 898 717 ab
918 679 1043 731 portis
1066 678 1235 718 Gabinis
1268 677 1337 717 sub
1360 678 1446 716 Ro-

160 749 277 774 mana
299 735 457 775 moenia
473 735 623 775 bellum
640 733 915 774 transferatur.

215 793 328 832 LIV.
361 794 459 832 Inde
481 793 521 831 in
541 793 709 833 concilia
740 793 897 846 publica
920 792 1110 832 adhiberi.
1134 792 1216 841 ubi,
1249 807 1374 845 quum
1396 793 1444 832 de

159 850 245 890 aliis
266 850 383 890 rebus
418 850 597 890 assentire
628 848 663 890 se
685 850 884 890 veteribus
907 850 1077 890 Gabinis
1105 850 1268 898 diceret,
1300 849 1448 903 quibus

159 907 234 947 hae
256 908 429 947 notiores
446 908 581 956 effent,
607 908 686 962 ipse
705 907 922 947 identidem
944 907 1037 947 belli
1059 908 1201 947 aqur
1222 908 1309 956 effe,
1342 908 1381 946 in
1398 919 1446 947 eo

161 965 228 1004 fibi
249 966 492 1019 praecipuam
514 968 576 1019 (1)
597 965 851 1019 prudentiam
873 966 1077 1014 assumere,
1110 963 1221 1018 quod
1244 965 1449 1018 utriusque

159 1024 297 1076 populi
321 1023 419 1062 vires
440 1024 578 1073 nosset,
608 1023 816 1076 sciretque,
843 1022 1005 1062 invisam
1020 1020 1205 1076 profecto
1227 1022 1446 1075 superbiam

159 1080 310 1134 regiam
332 1080 482 1120 civibus
504 1082 592 1129 effe,
625 1095 746 1134 quam
774 1079 877 1119 serre
899 1095 947 1120 ne
970 1080 1081 1119 liberi
1113 1080 1275 1132 quidem
1302 1080 1451 1134 potuis-

161 1137 256 1177 sent.
319 1138 378 1177 Ita
396 1152 522 1191 quum
544 1138 682 1177 sensim
704 1138 753 1177 ad
775 1141 837 1192 (2)
858 1138 1131 1177 rebellandum
1153 1138 1347 1191 primores
1366 1138 1450 1186 Ga-

159 1194 346 1235 binorum
362 1196 560 1245 incitaret,
592 1195 671 1249 ipse
703 1209 796 1235 cum
818 1195 1112 1248 promptiffmiis
1140 1196 1335 1250 juvenum
1353 1210 1451 1248 pras-

160 1254 298 1293 datum
321 1264 439 1306 atque
467 1255 506 1292 in
530 1253 802 1306 expeditiones
824 1254 914 1303 iret,
948 1256 987 1293 &
1010 1252 1129 1292 dietis
1150 1252 1344 1305 factisque
1366 1267 1451 1291 om-

161 1310 279 1350 nibus
295 1312 343 1350 ad
361 1311 582 1351 fallendum
604 1311 808 1351 instructis
830 1325 929 1350 vana
946 1310 1185 1350 accresceret
1210 1310 1306 1349 fides
1325 1327 1336 1357 ·,
1369 1311 1452 1348 dux

160 1370 210 1408 ad
233 1369 420 1408 ultimum
442 1369 534 1408 belli
560 1369 717 1423 legitur.
780 1368 839 1407 Ibi
871 1381 1012 1420 quum,
1045 1367 1164 1406 insci-21
1194 1367 1450 1405 multitudine

161 1428 224 1479 (3)
246 1426 342 1479 quid
362 1436 560 1480 ageretur,
593 1426 733 1479 proelia
760 1440 877 1478 parva
900 1426 1003 1464 inter
1025 1425 1201 1463 Romam
1220 1423 1450 1476 Gabiosque

162 1482 317 1531 fierent,
345 1483 489 1537 quibus
506 1484 742 1536 plerumque
761 1482 920 1522 Gabina
938 1496 998 1520 res
1013 1481 1188 1534 superior
1209 1482 1301 1520 efi'et
1319 1498 1330 1529 3
1362 1492 1450 1519 tuin

161 1541 342 1580 certatim
365 1541 508 1580 summi
537 1540 746 1593 infimique
770 1540 1024 1579 Gabinorum
1059 1538 1150 1578 Sex„
1180 1539 1450 1591 Tarquinium

162 1600 269 1638 dono
300 1597 438 1638 Defim
462 1598 529 1637 fibi
551 1598 706 1637 miffum
736 1599 880 1636 ducem
913 1598 1086 1635 credere.
1149 1597 1271 1648 Apud
1305 1596 1451 1634 milites

161 1654 256 1695 vero
274 1656 459 1695 obeundo
481 1656 656 1708 pericula
678 1669 723 1694 ac
745 1655 913 1703 labores,
945 1654 1090 1706 pariter
1117 1654 1291 1706 praedam
1320 1653 1452 1690 muni-

162 1711 236 1753 fice
258 1714 478 1767 largiendo,
509 1714 618 1751 tanta
653 1712 814 1752 caritate
850 1713 938 1761 effe,
972 1721 1013 1749 ut
1036 1725 1115 1749 non
1148 1722 1259 1763 pater
1279 1710 1453 1762 Tarqui-

161 1771 252 1811 nius
269 1771 469 1824 potentior
491 1770 653 1819 Romae,
686 1771 807 1822 quam
830 1768 936 1808 filius
969 1768 1111 1807 Gabiis
1131 1768 1235 1806 esset.
1296 1768 1452 1819 Itaque,

161 1830 372 1882 postquam
399 1828 488 1868 satis
510 1828 653 1867 virium
681 1823 896 1867 colleitum
919 1827 967 1865 ad
989 1840 1129 1865 omnes
1158 1835 1323 1864 conatus
1345 1825 1453 1863 vide-

159 1886 241 1935 bat,
274 1896 361 1925 tum
378 1900 399 1925 e
416 1885 493 1925 suis
515 1899 642 1925 unum
665 1885 902 1924 sciscitatum
921 1884 1096 1922 Romam
1120 1884 1168 1922 ad
1190 1892 1343 1935 patrem
1360 1882 1452 1920 mit-

160 1944 223 1991 tit,
255 1944 447 1998 quidnam
479 1943 516 1983 se
542 1943 672 1982 facere
701 1941 847 1981 vellet?
889 1941 1215 1994 quandoquidem
1245 1950 1288 1979 ut
1316 1941 1451 1979 omnia

163 2016 269 2041 unus
288 2002 428 2041 Gabiis
450 2002 586 2054 poffet,
608 2001 643 2040 ei
665 2000 735 2038 Dii
757 2000 960 2038 dediss‘ent.
1022 1999 1130 2037 Huic
1149 1998 1312 2045 nuncio,
1344 1998 1451 2049 quia,

161 2060 297 2108 credo,
329 2059 460 2098 dubiae
482 2059 574 2097 fidei
606 2057 827 2105 videbatur,
859 2056 957 2095 nihil
991 2070 1088 2095 voce
1119 2055 1348 2108 responsum
1382 2055 1449 2093 est.

163 2131 247 2165 rex,
277 2118 386 2156 velut
411 2115 759 2163 deliberabundus,
791 2115 831 2153 in
853 2114 1016 2153 hortum
1044 2114 1191 2153 aedium
1214 2113 1362 2161 transit,
1396 2112 1453 2151 se-

164 2184 311 2228 quente
329 2174 477 2213 nuncio
496 2173 565 2214 filii
582 2189 590 2212 :
622 2173 691 2222 ibi,
717 2173 967 2212 inambulans
986 2172 1142 2218 tacitus,
1167 2170 1318 2209 summa
1333 2185 1453 2223 papa-

163 2246 302 2272 verum
324 2232 451 2285 capita
474 2232 619 2271 dicitur
643 2231 786 2270 baculo
809 2229 1019 2269 decussiss'e.
1081 2229 1368 2281 Interrogando
1385 2241 1452 2266 ex-

163 2289 458 2344 spectandoque
473 2288 703 2344 responsum
725 2288 895 2329 nuncius
913 2286 1047 2338 fessus,
1079 2296 1122 2325 ut
1144 2300 1184 2325 re
1202 2283 1451 2338 imperfecff‘ra,

1351 2342 1455 2382 redit

164 2474 231 2496 non
241 2462 340 2493 modo
356 2461 410 2502 qui
435 2472 508 2492 eum
524 2467 665 2501 tegerent
683 2470 700 2490 a
717 2457 817 2500 patris
833 2456 1033 2494 crudelitate,
1056 2457 1107 2486 sed
1127 2457 1156 2486 8<
1174 2466 1252 2495 quos
1269 2455 1309 2485 ad
1333 2454 1453 2484 benum

162 2508 339 2550 gerendum
353 2506 500 2538 adversus
512 2504 729 2545 Tarquinium
746 2502 970 2542 Romanosque
987 2501 1124 2533 excitare
1141 2499 1247 2542 posset.
1272 2501 1305 2529 E.
1329 2499 1383 2540 (7)
1422 2497 1453 2527 Si

164 2564 239 2584 eum
256 2563 322 2583 non
338 2551 526 2582 detinerent.

211 2619 247 2648 C.
275 2626 326 2653 54.
350 2615 405 2656 (1)
444 2614 616 2654 Majorem,
638 2611 735 2652 quam
767 2609 862 2642 ceteri
890 2610 1056 2645 haberent,
1078 2607 1226 2639 notitiam
1258 2617 1372 2637 rerum.
1401 2606 1454 2646 (2)

166 2662 240 2692 Ideo
256 2661 316 2691 hoc
344 2659 468 2690 dictum
495 2665 587 2699 putat
615 2655 807 2692 Crevierius‚
829 2656 917 2695 quod
935 2653 1053 2686 Gabini
1080 2654 1136 2684 sub
1164 2652 1284 2682 ditione
1310 2650 1455 2680 Roman&

163 2707 228 2747 jam
249 2705 374 2747 pridem
390 2703 526 2734 fuiffent.
570 2705 617 2732 At
634 2701 744 2731 censeo
769 2701 857 2740 quod
884 2700 1014 2730 rebellare
1040 2697 1102 2735 hic,
1125 2706 1160 2728 ut
1178 2696 1252 2728 alibi
1270 2695 1390 2736 saepius5
1413 2694 1454 2742 est

165 2752 433 2794 bdlumiaegstaeurare,
459 2748 546 2786 quod
562 2747 648 2779 velut
667 2745 803 2788 positum
822 2743 1028 2785 aTarquinio
1054 2745 1165 2774 suerat.
1190 2744 1222 2773 E.
1268 2741 1322 2783 (⁴3)
1368 2738 1453 2779 Qid

1335 2782 1450 2813 anunm

1606 290 1655 328 77

1465 805 1528 834 Sex⁴
1541 805 1664 847 ‘Tarqui‘-

1464 853 1503 879 nii
1518 852 1579 881 doli.
