1905 3168
290 303 351 336 xvi

332 407 612 447 Superuantttrmn,
636 410 673 436 ut
700 416 749 444 ea,
772 416 856 445 quae
880 408 929 438 in-

288 454 383 489 tegra.
413 450 531 487 adhue,
562 450 602 480 ab
634 449 738 479 hostis
770 449 802 480 vi
830 452 929 482 tutari

288 497 411 532 posset,

332 553 519 585 Hiberones
535 556 568 583 et
584 551 789 583 Autalcones

332 614 364 643 A
402 613 520 652 quibus
560 611 703 653 qratiam
741 614 929 653 querebatur

286 655 468 696 infirmem:
490 665 567 687 cum
585 667 683 696 nuper·
699 665 931 695 oppugnaren-

289 705 344 730 tur
357 699 592 730 Celtiberorum
608 699 705 729 urbes
717 699 931 738 imploratam

287 752 357 773 esse
370 752 465 782 opem
479 743 518 771 ab
530 741 673 780 Metam),
686 742 862 781 missosque
875 743 931 782 qui

287 786 408 816 itinera
423 785 583 816 exercitui
600 786 752 816 Romano
767 791 930 817 monstra-

288 834 371 859 rent.
425 828 526 864 Quam
557 827 728 868 perfidiam
760 827 855 859 ultum
886 828 930 860 ire

288 871 410 903 valebat
429 870 600 909 Sertorius,
619 877 649 901 ut
666 870 930 912 ἱηειῖιχηίθῑραηῃῖυ

286 920 456 945 ceterorum
471 914 565 950 fldem
581 913 735 952 retineret,
768 912 850 945 Illos¹
866 927 931 945 vum

283 969 346 998 pro
378 957 505 998 flttsst'tt'i
543 956 704 997 ‘qrr‘tcitule
745 958 933 997 mulctasset,

288 1000 385 1032 variis
422 999 609 1031 (leka-ahina-
645 999 739 1039 ειη-ᾖς,
774 1001 934 1042 ‹mnlnfflms

286 1055 420 1085 quonam
447 1043 557 1074 bellum
583 1050 695 1079 vertat,
723 1050 823 1074 ulrum
839 1044 932 1082 siclus

288 1087 442 1118 Romanis
467 1086 603 1127 populos
635 1087 780 1125 incurset,
805 1086 933 1118 mariti-

288 1140 420 1161 mamnc
436 1140 539 1167 orani,

330 1276 611 1308 Casuantinorum

329 1336 375 1366 M.
394 1335 540 1366 Masium

329 1394 370 1425 In
386 1396 535 1425 Arvaeos

328 1454 366 1486 C.
384 1454 547 1485 Instelum

326 1515 368 1545 In
384 1514 591 1545 Vacreorum
608 1517 743 1553 gentem

324 1574 529 1613 Jussumque
544 1582 621 1604 cum
637 1572 804 1612 equitibus

323 1634 389 1664 Per
405 1633 596 1664 Umeonum
619 1642 737 1671 agrum
754 1633 854 1663 ducto
870 1642 926 1662 ex·-

654 286 757 336 Ti'ri
792 300 917 337 lell
954 303 1105 339 Linea
1137 304 1238 341 xci.

1020 411 1283 450 Superpositnm,
1301 417 1337 441 ut
1361 422 1398 442 ea
1423 422 1506 451 quac
1530 414 1614 444 inte-

974 462 1034 491 gra
1073 454 1181 484 adhuc
1216 456 1256 484 ab
1296 455 1389 485 hoste
1426 457 1492 486 sint
1529 457 1614 487 tueri

976 502 1097 534 posset,

998 555 1040 585 In
1057 556 1205 586 Berones
1220 560 1254 587 et
1271 557 1476 596 Autrigones

1020 616 1053 645 A
1083 616 1202 654 quibus
1235 626 1332 656 saepe
1366 626 1424 655 per
1460 617 1602 648 hiemem

977 668 1054 689 cum
1077 660 1118 689 ab
1142 669 1175 690 se
1198 664 1471 698 oppugnarentur
1488 660 1611 692 Celtib-

977 712 1051 732 eme
1071 702 1180 740 urbes,
1198 702 1408 741 imploratam
1431 712 1500 733 esse
1516 713 1609 742 opem

977 744 1128 784 Pompeii
1139 750 1355 784 compererat,
1367 746 1548 785 missosque
1558 748 1614 785 qui

976 788 1095 818 itinera
1111 788 1272 818 exercitui
1286 788 1434 819 Romano
1449 795 1613 820 monstra·

975 835 1067 866 rent;
1085 835 1118 861 et
1135 832 1173 861 ‹cl›
1191 831 1335 870 ipsorum
1352 832 1518 870 equitibus
1535 842 1613 863 vex-

976 879 1159 912 1110151101)Ἷ
1178 874 1298 904 milites
1316 884 1400 913 suoS,
1416 885 1614 914 quoeunque

978 927 997 947 a
1012 917 1129 947 castris
1147 926 1205 956 per
1227 919 1509 956 oppugnationem
1527 918 1615 949 Con-

979 960 1102 990 trebiae
1117 959 1297 999 pabulandi
1314 964 1372 991 aut
1386 961 1614 992 frumentandi

979 1012 1078 1033 causa
1099 1003 1378 1043 [weyt-ederentur.
1435 1004 1519 1034 Ausi
1540 1008 1613 1034 tum

978 1055 1107 1084 quoque
1130 1051 1227 1076 erant
1250 1047 1419 1077 Arevacos
1444 1047 1476 1076 in
1500 1053 1613 1086 partes

978 1087 1160 1120 sollicitare.
1214 1089 1317 1119 Edito
1348 1088 1442 1129 ulitur
1473 1089 1613 1130 exemplo

979 1131 1065 1169 belli,
1082 1131 1255 1162 consilium
1272 1141 1305 1162 se
1322 1133 1483 1163 initurum
1499 1137 1613 1163 utrum

976 1176 1067 1213 prius
1097 1175 1237 1211 hostem,
1266 1179 1377 1205 utram
1408 1176 1614 1214 provinciam

973 1224 1071 1257 petat,
1091 1218 1338 1249 maritimamne
1354 1228 1456 1255 oram,

1015 1277 1292 1308 Cascantinorum

1017 1336 1065 1366 M.
1084 1336 1230 1366 Marium

1018 1395 1058 1425 In
1080 1398 1245 1426 Arevacos

1015 1454 1051 1486 C.
1072 1455 1233 1486 lnsteium

1017 1514 1057 1544 In
1075 1515 1304 1546 Vaccaeorum
1322 1518 1456 1553 gentem

1013 1573 1036 1604 J
1040 1583 1152 1604 ussum
1169 1583 1245 1604 cum
1262 1574 1428 1613 equitibus

1017 1633 1081 1663 Per
1095 1633 1289 1664 Vasconum
1305 1643 1422 1672 agrum
1440 1633 1541 1664 ducto
1556 1643 1614 1664 ex-

278 1677 387 1708 ercitu
411 1676 445 1707 in
470 1676 613 1708 confinio
631 1676 797 1706 Vironum
812 1676 924 1715 posuit
969 1677 1077 1707 ercitu
1092 1676 1126 1706 in
1149 1677 1293 1707 confinio
1309 1677 1479 1707 Beronum
1503 1677 1613 1715 posuit

279 1723 398 1751 castra.

325 1779 427 1810 Haud
464 1778 713 1818 inopinantibus
750 1776 920 1808 Vni-einais

972 1724 1091 1750 castra.

1010 1778 1111 1809 Haud
1149 1779 1399 1818 inopinantibus
1437 1778 1477 1809 iis
1509 1782 1610 1810 noctu

281 1823 472 1854 advenerat.
967 1821 1157 1853 advenerat.

620 1914 957 1946 FRAGMENTUM
982 1913 1267 1946 OXONIENSE.

326 1985 377 2016 Ne
403 1993 508 2015 vacua
533 1987 683 2014 maneret
708 1983 841 2022 pagina,
873 1983 1060 2023 subjicitur,
1086 1983 1176 2013 intra
1206 1982 1354 2013 stellulas
1386 1981 1522 2018 inclusa,
1549 1980 1604 2011 illa

283 2027 455 2068 particula,
489 2026 561 2057 Lib.
587 2026 704 2056 XXII.
737 2035 807 2065 cap.
836 2027 885 2064 18,
916 2025 1031 2056 addita
1063 2035 1163 2064 quam
1197 2026 1388 2056 HEARmus
1419 2025 1452 2054 in
1487 2024 1610 2055 Codice

282 2071 455 2102 Laudiano
485 2069 658 2100 inventam
693 2069 782 2099 inter
818 2069 927 2100 Lectt.
965 2078 1034 2099 var.
1066 2078 1145 2099 suae
1180 2068 1346 2099 Editionis
1383 2067 1481 2098 Omna.
1518 2068 1609 2102 1708,

282 2114 436 2153 seposuit.
479 2113 564 2143 Eam
581 2112 675 2151 quasi
691 2121 841 2151 pannum
857 2112 966 2142 textui
988 2112 1149 2150 insutum,
1171 2116 1204 2142 et
1221 2112 1348 2142 auctori
1365 2114 1460 2141 tanto
1476 2119 1610 2150 prorsus

280 2157 467 2196 indignum,
484 2156 582 2186 Livio
599 2155 770 2195 abjudicat
787 2155 920 2186 doctiss.
938 2155 1042 2186 Henr.
1060 2154 1253 2186 Dodwellus
1274 2154 1511 2185 Dubliniensis

336 2226 479 2262 Fabius
500 2238 652 2274 quoque
672 2225 791 2260 movit
812 2230 958 2260 castra:
981 2231 1314 2272 transgressusque
1337 2223 1475 2258 saltum
1498 2235 1611 2270 super

282 2280 423 2315 Allifas
439 2280 520 2315 1000
537 2279 614 2315 alto
630 2292 673 2315 ac
688 2279 837 2314 munito
854 2278 1035 2314 consedit.
1083 2279 1100 2297 ’¹‘
1114 2278 1164 2313 Et
1177 2277 1388 2326 reparando
1405 2277 1611 2324 subgressu

282 2346 400 2369 manu
428 2333 534 2369 haud
561 2345 712 2381 magna,
734 2332 881 2367 Alisfae
904 2332 1055 2367 moenia
1083 2332 1193 2380 quasi
1221 2331 1355 2379 palans
1384 2330 1610 2379 perveniens

282 2401 331 2423 ex
352 2387 464 2435 opido
484 2387 615 2422 bellua
635 2392 829 2422 constrata
848 2386 1094 2421 armamentis
1111 2385 1259 2433 erupit3
1282 2397 1397 2433 quani
1418 2383 1549 2419 consul
1573 2383 1611 2418 vi

281 2447 445 2489 capt-am,
467 2439 667 2476 trucidatis
689 2440 755 2488 qui
774 2439 813 2474 in
833 2452 878 2475 ea
897 2439 1147 2475 constiterant
1168 2444 1338 2474 reservat
1359 2437 1407 2473 ad
1426 2449 1607 2485 pugnam.

283 2495 358 2531 Sed
384 2494 537 2542 opidani
558 2493 655 2529 sicut
676 2494 816 2541 quibus
837 2506 951 2529 curae
974 2493 1158 2541 pusillum
1178 2493 1314 2538 inerat,
1336 2491 1374 2527 in
1396 2491 1495 2527 diem
1516 2490 1608 2525 alte-

281 2562 362 2584 ram
389 2548 622 2583 umbonibus
648 2547 828 2582 belluatis
852 2559 994 2594 paucos
1020 2546 1176 2594 fugaces
1200 2546 1403 2591 invadunt,
1429 2543 1608 2591 elephan-

281 2609 435 2649 temque
456 2601 580 2636 omine
600 2601 748 2636 meliori
767 2606 977 2648 receptant,
1003 2606 1039 2635 et
1069 2599 1195 2635 Alifas
1225 2599 1395 2636 Ruffiuni
1417 2596 1608 2646 quondam

280 2656 479 2701 vocitatas,
510 2655 558 2690 ab
588 2654 723 2690 dextro
751 2660 933 2702 sequente
960 2654 1155 2689 sinistrum
1184 2653 1345 2702 augurio
1374 2663 1511 2687 nomen
1540 2650 1589 2685 im

281 2715 430 2758 ponunt
451 2708 611 2747 accolae.
671 2708 687 2725 *
702 2708 800 2744 Tum
823 2720 891 2756 per
911 2707 1121 2753 Samnium,
1143 2713 1203 2744 ete.
