1853 3158
370 243 650 297 LIBER
709 244 1214 290 111.CAP.XL11.
1563 263 1641 306 217

152 360 321 406 >lentiam
341 360 533 414 aptiorem
567 358 641 398 rati
663 359 712 397 ad
737 360 1057 412 comprimendos
1085 363 1256 404 urbanos
1278 373 1433 406 motus:

156 421 219 472 (8)
241 419 280 456 in
301 418 422 461 Fabio
443 413 578 455 minus
600 416 639 454 in
656 415 763 455 bono
795 418 992 468 constans,
1025 420 1146 472 quam
1185 436 1357 475 gnavum
1392 424 1434 462 in

158 474 323 523 malitia,
360 475 565 528 ingenium
593 473 680 512 effe.
740 473 864 513 Hunc
905 478 965 529 (9)
1006 477 1112 516 enim
1146 478 1292 529 virum,
1324 494 1436 534 egre-

159 533 272 586 gium
295 532 387 571 olim
405 531 514 570 dorni
536 530 783 583 militiaeque,
809 533 1096 574 decemviratus
1114 536 1354 591 collegaeque
1381 538 1436 585 ita

159 597 424 637 mutaverant,
446 596 490 627 ut
513 588 650 641 Appii,
674 591 794 641 quarn
817 589 891 640 sui,
912 590 1045 630 similis
1067 594 1200 632 mallet
1220 594 1306 633 effe.
1341 594 1436 635 huic

158 646 308 685 bellum
330 646 369 683 in
390 645 562 693 Sabinis,
591 647 707 684 Man.
729 645 928 686 Rabuleio
951 650 991 687 &
1008 648 1080 704 Q
1097 649 1266 690 Poetelio
1295 652 1437 692 additis

159 703 336 755 collegis,
353 704 602 741 mandatum.
626 703 686 742 M.
705 702 915 743 Cornelius
929 704 970 742 in
989 705 1181 759 Algidum
1196 708 1327 748 miffus
1345 723 1438 748 cum

159 760 207 799 L.
231 760 414 799 Minucio
438 763 476 800 &
499 760 549 798 T.
574 760 755 799 Antonio
771 763 811 800 ὃ(
833 761 885 800 Κ.
915 762 1055 801 Duilio
1099 767 1138 803 δε
1177 764 1239 803 Μ.
1274 765 1438 820 Sergio:

157 817 227 870 Sp.
269 816 451 870 Oppium
489 818 568 869 Ap.
603 817 773 856 Claudio
808 818 1033 872 adjutorem
1067 821 1115 859 ad
1150 820 1288 860 urbem
1323 831 1436 861 tuen-

159 875 504 927 dam,(10)aequo
525 875 707 913 omnium
738 875 1056 915 decemvirorum
1092 877 1274 931 imperio,
1306 879 1440 921 decer-f·

160 940 276 970 nune

215 987 347 1026 XLII.
379 986 519 1026 Nihilo
546 988 711 1036 militiae,
743 988 864 1041 quarn
901 990 1026 1041 domi,
1058 989 1202 1032 melius
1222 992 1440 1046 respublica
1458 1001 1617 1031 Decemviri

158 1044 427 1084 administrata
448 1044 516 1084 est.
577 1045 648 1084 Illa
669 1044 790 1085 modo
814 1047 853 1085 in
885 1047 1052 1087 ducibus
1077 1050 1209 1103 culpa,
1241 1049 1365 1102 quod,
1397 1061 1441 1090 ut
1458 1046 1527 1075 mal&
1543 1059 1598 1077 '⁶⁷⁷¹
1611 1058 1662 1087 gc·

158 1101 251 1141 odio
265 1103 385 1140 ess'ent
407 1101 572 1151 civibus,
594 1102 782 1143 fecerant.
805 1104 879 1143 alia
893 1106 1023 1145 omnis
1040 1120 1159 1159 penes
1180 1107 1324 1148 milites
1338 1122 1442 1148 noxa
1459 1096 1531 1121 ’Μ’

159 1168 267 1198 erat:
299 1159 382 1211 qui,
413 1173 462 1198 ne
483 1161 579 1212 quid
613 1161 741 1200 ἀιιᾶιι
775 1171 892 1214 atque
925 1162 1098 1216 auspicio
1127 1165 1444 1206 decemvirorum

159 1215 343 1269 prospere
375 1216 540 1269 usquam
562 1227 779 1272 gereretur,
809 1219 913 1259 vinci
933 1220 970 1259 se
991 1235 1061 1273 per
1085 1221 1198 1260 suum
1220 1231 1338 1274 atque
1358 1225 1445 1262 illo-

159 1287 250 1312 rum
271 1274 442 1313 dedecus
464 1274 727 1327 patiebantur.
787 1277 875 1315 Fufi
897 1279 933 1316 δε
952 1277 999 1316 ab
1016 1277 1172 1318 Sabinis
1193 1280 1242 1318 ad
1263 1280 1445 1329 Eretum,

161 1332 203 1369 δε
224 1330 265 1368 in
284 1331 431 1384 Algido
447 1332 495 1371 ab
514 1332 675 1384 AEquis‚
691 1334 887 1372 exercitus
908 1343 1030 1373 erant.
1055 1335 1102 1374 ab
1115 1336 1235 1375 Ereto
1247 1351 1317 1389 per
1334 1338 1446 1376 filen-

161 1386 263 1426 tium
289 1387 420 1427 noctis
437 1389 614 1443 profugi,
643 1388 808 1443 propius
831 1390 985 1439 urbem,
1016 1391 1118 1431 inter
1135 1394 1303 1434 Fidenas
1325 1394 1445 1435 Crus-

160 1444 470 1495 tumeriamque,
506 1446 594 1484 loco
621 1447 728 1485 edito
756 1447 878 1486 castra
907 1450 1238 1489 communierant.
1273 1453 1332 1505 (1)
1354 1466 1445 1505 per-

160 1500 303 1540 secutis
334 1500 513 1541 hostibus
542 1502 737 1554 nusquam
760 1503 796 1543 se
816 1519 931 1557 aequo
954 1507 1167 1546 certamine
1189 1509 1444 1548 committen-

159 1566 234 1606 tes,
270 1557 410 1608 natur&
442 1559 519 1598 loci
552 1574 595 1598 ac
631 1561 748 1608 vallo,
780 1576 860 1600 non
891 1563 1036 1601 virtute
1072 1574 1140 1602 aut
1174 1565 1308 1613 armis,
1340 1575 1445 1605 tuta-2

160 1613 317 1653 bantur.
378 1615 514 1668 Majus
547 1616 740 1669 flagitium
768 1618 808 1655 in
833 1619 995 1672 Algido,
1026 1622 1153 1675 major
1173 1622 1292 1660 etiam
1313 1624 1445 1663 clades

160 1681 346 1723 accepta:
377 1671 499 1710 castra
516 1687 676 1725 quoque
697 1675 827 1713 amissa
849 1686 985 1724 erant3
1017 1677 1237 1730 exutusque
1257 1679 1445 1719 omnibus

160 1730 222 1780 (2)
244 1728 472 1767 utensilibus
500 1730 629 1779 miles,
659 1730 882 1770 Tusculum
903 1732 954 1781 se,
987 1732 1065 1773 fide
1098 1734 1443 1789 misericordiaque

159 1785 339 1824 victurus
367 1784 584 1840 hospitum,
616 1789 723 1840 (quae
743 1798 876 1828 tamen
903 1803 984 1828 non
998 1789 1243 1846 fefellerunt)
1264 1795 1444 1833 contule-

159 1850 232 1880 rat.
294 1842 469 1890 Romam
503 1843 602 1882 tanti
637 1854 749 1883 erant
770 1856 938 1886 terrores
974 1848 1094 1895 allati,
1127 1858 1184 1898 ut,
1215 1850 1338 1902 pofito
1358 1852 1443 1905 jam

160 1899 411 1938 decemvirali
431 1899 538 1949 odio,
568 1900 704 1941 Patres
724 1903 876 1957 vigilias
897 1903 937 1942 in
958 1904 1054 1947 urbe
1090 1905 1290 1947 habendas
1311 1908 1444 1947 cense-²

159 1964 275 1995 rent:
305 1969 461 2009 omnes,
492 1957 560 2010 qui
588 1973 658 2011 per
679 1968 836 1999 aetatem
858 1975 966 2000 arma
988 1961 1090 2001 ferre
1118 1963 1282 2015 poffent,
1314 1965 1443 2015 custo-3

159 2012 244 2052 dire
264 2013 430 2066 moenia,
461 2029 505 2054 ac
527 2029 600 2068 pro
614 2017 738 2069 portis
755 2017 940 2058 stationes
961 2033 1075 2073 agere
1091 2019 1303 2074 juberent:
1334 2036 1444 2062 arma

1218 2078 1442 2132 Tusculum

160 2183 250 2225 saepe.
297 2185 416 2216 Tribus
427 2193 533 2219 autem
547 2186 650 2218 modis
662 2187 837 2229 provinciae
849 2189 1095 2232 affignabantur‚
1106 2200 1161 2224 aut
1171 2195 1258 2233 fine,
1287 2202 1343 2225 aut
1373 2207 1441 2225 com-

156 2232 314 2270 paratione,
329 2237 384 2261 aut
393 2239 475 2261 extra
491 2234 617 2262 ordinem.
633 2232 689 2263 vid
704 2233 789 2264 infr}⁴
801 2234 821 2264 l.
838 2233 907 2266 6.'c.
928 2245 980 2274 30.
1026 2237 1081 2277 (8)
1097 2239 1132 2267 In
1147 2237 1242 2268 Fabio
1265 2238 1362 2280 magis
1379 2239 1440 2271 effe

163 2272 326 2313 ingenium
340 2273 517 2306 inconstans
533 2275 567 2307 in
579 2277 676 2314 bono,
691 2277 788 2317 quam
803 2290 943 2320 gnavum
958 2280 991 2310 in
1003 2281 1133 2318 malitia,
1148 2283 1199 2313 seu
1216 2282 1376 2314 strenuum
1404 2283 1439 2315 in

163 2316 332 2348 sceleribus
345 2320 536 2350 exercendis.
582 2323 688 2351 Minus
701 2322 781 2363 saepe
798 2324 1021 2355 resolvendum
1036 2325 1164 2357 videtur
1176 2326 1209 2357 in
1232 2338 1325 2358 voces
1351 2331 1440 2369 magis

162 2374 225 2392 mm.
271 2363 325 2402 (9)
338 2364 410 2393 Vox
430 2367 497 2394 enim
514 2364 669 2396 rationem
686 2366 790 2398 reddit
807 2368 872 2408 ejus
889 2370 976 2408 quod
987 2370 1051 2409 jam
1075 2370 1198 2401 dierum
1211 2371 1263 2408 est,
1289 2371 1376 2402 Fabii
1389 2372 1438 2402 in-

163 2405 295 2446 genium
308 2405 365 2436 ess‘e
378 2406 554 2439 inconstans
567 2409 600 2439 in
616 2410 715 2442 bono.
740 2413 778 2442 E.
825 2412 901 2453 (10)
918 2414 964 2444 Ita
980 2421 1015 2444 ut
1028 2425 1086 2455 par
1103 2414 1275 2456 imperium
1286 2415 1388 2457 Appii
1406 2416 1439 2447 δε

163 2449 263 2491 Oppii
281 2450 365 2488 esset,
375 2462 410 2481 ac
423 2452 678 2486 decemvirorum
689 2455 832 2486 omnium
845 2458 939 2494 foret,
961 2457 983 2488 fi
999 2457 1033 2488 in
1049 2459 1129 2491 urbe
1145 2461 1253 2492 effent.

207 2512 242 2542 C.
259 2520 309 2549 42.
324 2512 379 2553 (1)
404 2515 552 2554 Perftcutis
576 2517 685 2558 haefiibus
709 2518 806 2548 dandi
823 2519 894 2550 casu
921 2519 1107 2561 accipienda
1122 2522 1202 2553 sunt.
1218 2522 1257 2553 fic
1274 2522 1359 2554 infra
1375 2523 1395 2553 l.
1409 2532 1440 2562 5.

161 2566 187 2586 c.
206 2556 254 2587 18.
269 2569 314 2586 nec
315 2559 349 2597 fi>
364 2565 452 2588 tamen
467 2571 537 2599 aequo
549 2561 599 2589 loco
615 2562 679 2603 besti
692 2564 825 2604 commffit.
857 2564 912 2604 (λ)
935 2566 1022 2595 Voce
1037 2568 1159 2609 uteafilia
1174 2566 1356 2598 indicantur
1373 2578 1439 2599 om-

162 2599 214 2632 nia
231 2611 302 2643 quae
329 2601 402 2635 sunt
418 2605 506 2636 vicluc'
529 2603 706 2646 necessaria,
727 2607 834 2652 edulia
860 2608 1039 2652 praecipue:
1065 2618 1099 2644 ut
1127 2612 1214 2654 apud
1229 2612 1305 2644 Tae.
1320 2613 1439 2644 Annal.

1369 2656 1390 2687 1.
1411 2665 1437 2690 2-
