<?xml version="1.0" encoding="UTF-8"?>
<!DOCTYPE html PUBLIC "-//W3C//DTD XHTML 1.0 Transitional//EN"
    "http://www.w3.org/TR/xhtml1/DTD/xhtml1-transitional.dtd">
<html xmlns="http://www.w3.org/1999/xhtml" xml:lang="en" lang="en">
 <head>
  <title>
</title>
<meta http-equiv="Content-Type" content="text/html;charset=utf-8" />
  <meta name='ocr-system' content='tesseract 3.04.00' />
  <meta name='ocr-capabilities' content='ocr_page ocr_carea ocr_par ocr_line ocrx_word'/>
</head>
<body>
  <div class='ocr_page' id='page_1' title='image "./historiaeromanae01livyuoft_0086.png"; bbox 0 0 1905 3168; ppageno 0'>
   <div class='ocr_carea' id='block_1_1' title="bbox 178 298 237 348">
    <p class='ocr_par' dir='ltr' id='par_1_1' title="bbox 178 298 237 348">
     <span class='ocr_line' id='line_1_1' title="bbox 178 298 237 348; baseline 0 -8"><span class='ocrx_word' id='word_1_1' title='bbox 178 298 237 348; x_wconf 75' lang='lat'>60</span> 
     </span>
    </p>
   </div>
   <div class='ocr_carea' id='block_1_2' title="bbox 179 902 351 982">
    <p class='ocr_par' dir='ltr' id='par_1_2' title="bbox 179 902 351 982">
     <span class='ocr_line' id='line_1_2' title="bbox 182 902 351 944; baseline -0.006 -9"><span class='ocrx_word' id='word_1_2' title='bbox 182 902 351 944; x_wconf 65' lang='lat' dir='ltr'>‘Tarquinius</span> 
     </span>
     <span class='ocr_line' id='line_1_3' title="bbox 179 951 312 982; baseline -0.023 0"><span class='ocrx_word' id='word_1_3' title='bbox 179 951 312 982; x_wconf 47' lang='lat' dir='ltr'>tenditur.</span> 
     </span>
    </p>
   </div>
   <div class='ocr_carea' id='block_1_3' title="bbox 182 1452 357 1482">
    <p class='ocr_par' dir='ltr' id='par_1_3' title="bbox 182 1452 357 1482">
     <span class='ocr_line' id='line_1_4' title="bbox 182 1452 357 1482; baseline -0.006 -1"><span class='ocrx_word' id='word_1_4' title='bbox 182 1452 296 1482; x_wconf 58' lang='lat' dir='ltr'>Servius</span> <span class='ocrx_word' id='word_1_5' title='bbox 311 1462 357 1480; x_wconf 82' lang='lat' dir='ltr'>cu-</span> 
     </span>
    </p>
   </div>
   <div class='ocr_carea' id='block_1_4' title="bbox 180 1507 348 1528">
    <p class='ocr_par' dir='ltr' id='par_1_4' title="bbox 180 1507 348 1528">
     <span class='ocr_line' id='line_1_5' title="bbox 180 1507 348 1528; baseline 0 -3"><span class='ocrx_word' id='word_1_6' title='bbox 180 1509 242 1528; x_wconf 76' lang='lat' dir='ltr'>ram</span> <span class='ocrx_word' id='word_1_7' title='bbox 258 1507 348 1526; x_wconf 70' lang='lat' dir='ltr'>rerum</span> 
     </span>
    </p>
   </div>
   <div class='ocr_carea' id='block_1_5' title="bbox 179 1542 291 1584">
    <p class='ocr_par' dir='ltr' id='par_1_5' title="bbox 179 1542 291 1584">
     <span class='ocr_line' id='line_1_6' title="bbox 179 1542 291 1584; baseline 0 -12"><span class='ocrx_word' id='word_1_8' title='bbox 179 1542 291 1584; x_wconf 66' lang='lat' dir='ltr'>capeffit.</span> 
     </span>
    </p>
   </div>
   <div class='ocr_carea' id='block_1_6' title="bbox 854 294 1220 338">
    <p class='ocr_par' dir='ltr' id='par_1_6' title="bbox 854 294 1220 338">
     <span class='ocr_line' id='line_1_7' title="bbox 854 294 1220 338; baseline 0.003 -1"><span class='ocrx_word' id='word_1_9' title='bbox 854 294 906 337; x_wconf 85' lang='lat' dir='ltr'>T.</span> <span class='ocrx_word' id='word_1_10' title='bbox 965 295 1220 338; x_wconf 85' lang='lat' dir='ltr'>LIVII</span> 
     </span>
    </p>
   </div>
   <div class='ocr_carea' id='block_1_7' title="bbox 388 405 1699 2469">
    <p class='ocr_par' dir='ltr' id='par_1_7' title="bbox 395 405 1684 1041">
     <span class='ocr_line' id='line_1_8' title="bbox 399 405 1682 472; baseline 0.001 -25"><span class='ocrx_word' id='word_1_11' title='bbox 399 407 570 472; x_wconf 78' lang='lat' dir='ltr'>facinus,</span> <span class='ocrx_word' id='word_1_12' title='bbox 602 405 746 460; x_wconf 86' lang='lat' dir='ltr'>quibus</span> <span class='ocrx_word' id='word_1_13' title='bbox 768 406 947 447; x_wconf 82' lang='lat' dir='ltr'>consueti</span> <span class='ocrx_word' id='word_1_14' title='bbox 975 417 1089 448; x_wconf 85' lang='lat' dir='ltr'>erant</span> <span class='ocrx_word' id='word_1_15' title='bbox 1114 417 1281 462; x_wconf 85' lang='lat' dir='ltr'>uterque</span> <span class='ocrx_word' id='word_1_16' title='bbox 1309 407 1526 464; x_wconf 82' lang='lat' dir='ltr'>agrestibus</span> <span class='ocrx_word' id='word_1_17' title='bbox 1556 406 1682 449; x_wconf 82' lang='lat' dir='ltr'>ferra-</span> 
     </span>
     <span class='ocr_line' id='line_1_9' title="bbox 399 464 1682 531; baseline 0.001 -26"><span class='ocrx_word' id='word_1_18' title='bbox 399 464 560 515; x_wconf 82' lang='lat' dir='ltr'>mentis,</span> <span class='ocrx_word' id='word_1_19' title='bbox 584 464 625 504; x_wconf 90' lang='lat' dir='ltr'>in</span> <span class='ocrx_word' id='word_1_20' title='bbox 640 464 833 505; x_wconf 87' lang='lat' dir='ltr'>vestibulo</span> <span class='ocrx_word' id='word_1_21' title='bbox 848 465 982 520; x_wconf 69' lang='lat' dir='ltr'>regiae,</span> <span class='ocrx_word' id='word_1_22' title='bbox 1003 480 1125 531; x_wconf 77' lang='lat' dir='ltr'>quam</span> <span class='ocrx_word' id='word_1_23' title='bbox 1141 476 1305 521; x_wconf 89' lang='lat' dir='ltr'>potuere</span> <span class='ocrx_word' id='word_1_24' title='bbox 1322 466 1682 515; x_wconf 76' lang='lat' dir='ltr'>tumultuofiffime,</span> 
     </span>
     <span class='ocr_line' id='line_1_10' title="bbox 397 522 1682 580; baseline 0.002 -18"><span class='ocrx_word' id='word_1_25' title='bbox 397 522 526 575; x_wconf 79' lang='lat' dir='ltr'>specie</span> <span class='ocrx_word' id='word_1_26' title='bbox 557 522 654 562; x_wconf 84' lang='lat' dir='ltr'>rixae</span> <span class='ocrx_word' id='word_1_27' title='bbox 683 523 723 562; x_wconf 90' lang='lat' dir='ltr'>in</span> <span class='ocrx_word' id='word_1_28' title='bbox 745 523 782 562; x_wconf 87' lang='lat' dir='ltr'>se</span> <span class='ocrx_word' id='word_1_29' title='bbox 815 537 954 563; x_wconf 88' lang='lat' dir='ltr'>omnes</span> <span class='ocrx_word' id='word_1_30' title='bbox 984 524 1227 578; x_wconf 81' lang='lat' dir='ltr'>apparitores</span> <span class='ocrx_word' id='word_1_31' title='bbox 1257 524 1386 580; x_wconf 88' lang='lat' dir='ltr'>regios</span> <span class='ocrx_word' id='word_1_32' title='bbox 1413 532 1682 571; x_wconf 86' lang='lat' dir='ltr'>convertunt,</span> 
     </span>
     <span class='ocr_line' id='line_1_11' title="bbox 397 579 1683 644; baseline 0.003 -25"><span class='ocrx_word' id='word_1_33' title='bbox 397 579 509 644; x_wconf 80' lang='lat' dir='ltr'>inde,</span> <span class='ocrx_word' id='word_1_34' title='bbox 540 594 665 633; x_wconf 90' lang='lat' dir='ltr'>quum</span> <span class='ocrx_word' id='word_1_35' title='bbox 687 580 805 620; x_wconf 91' lang='lat' dir='ltr'>ambo</span> <span class='ocrx_word' id='word_1_36' title='bbox 834 595 970 635; x_wconf 87' lang='lat' dir='ltr'>regem</span> <span class='ocrx_word' id='word_1_37' title='bbox 992 582 1249 635; x_wconf 81' lang='lat' dir='ltr'>appellarent,</span> <span class='ocrx_word' id='word_1_38' title='bbox 1280 584 1510 636; x_wconf 88' lang='lat' dir='ltr'>clamorque</span> <span class='ocrx_word' id='word_1_39' title='bbox 1539 594 1683 623; x_wconf 84' lang='lat' dir='ltr'>eorum</span> 
     </span>
     <span class='ocr_line' id='line_1_12' title="bbox 397 637 1680 696; baseline 0.002 -20"><span class='ocrx_word' id='word_1_40' title='bbox 397 637 556 690; x_wconf 86' lang='lat' dir='ltr'>penitus</span> <span class='ocrx_word' id='word_1_41' title='bbox 586 638 627 677; x_wconf 92' lang='lat' dir='ltr'>in</span> <span class='ocrx_word' id='word_1_42' title='bbox 648 638 798 694; x_wconf 88' lang='lat' dir='ltr'>regiam</span> <span class='ocrx_word' id='word_1_43' title='bbox 826 639 1072 693; x_wconf 71' lang='lat' dir='ltr'>pervenisset,</span> <span class='ocrx_word' id='word_1_44' title='bbox 1100 641 1230 681; x_wconf 85' lang='lat' dir='ltr'>vocati</span> <span class='ocrx_word' id='word_1_45' title='bbox 1251 641 1300 680; x_wconf 89' lang='lat' dir='ltr'>ad</span> <span class='ocrx_word' id='word_1_46' title='bbox 1332 654 1467 696; x_wconf 86' lang='lat' dir='ltr'>regem</span> <span class='ocrx_word' id='word_1_47' title='bbox 1495 647 1680 695; x_wconf 85' lang='lat' dir='ltr'>pergunt.</span> 
     </span>
     <span class='ocr_line' id='line_1_13' title="bbox 398 692 1684 762; baseline 0.002 -28"><span class='ocrx_word' id='word_1_48' title='bbox 398 692 535 735; x_wconf 73' lang='lat' dir='ltr'>Primo</span> <span class='ocrx_word' id='word_1_49' title='bbox 558 704 726 762; x_wconf 83' lang='lat' dir='ltr'>uterque</span> <span class='ocrx_word' id='word_1_50' title='bbox 747 696 969 747; x_wconf 84' lang='lat' dir='ltr'>vociferari,</span> <span class='ocrx_word' id='word_1_51' title='bbox 1003 700 1041 738; x_wconf 88' lang='lat'>&amp;</span> <span class='ocrx_word' id='word_1_52' title='bbox 1066 698 1246 737; x_wconf 83' lang='lat' dir='ltr'><strong>certatim</strong></span> <span class='ocrx_word' id='word_1_53' title='bbox 1268 698 1365 738; x_wconf 85' lang='lat' dir='ltr'>alter</span> <span class='ocrx_word' id='word_1_54' title='bbox 1395 698 1507 739; x_wconf 85' lang='lat' dir='ltr'>alteri</span> <span class='ocrx_word' id='word_1_55' title='bbox 1534 697 1684 738; x_wconf 84' lang='lat' dir='ltr'>obstre-</span> 
     </span>
     <span class='ocr_line' id='line_1_14' title="bbox 397 754 1683 809; baseline 0.001 -16"><span class='ocrx_word' id='word_1_56' title='bbox 397 767 505 806; x_wconf 89' lang='lat' dir='ltr'>pere.</span> <span class='ocrx_word' id='word_1_57' title='bbox 537 755 700 794; x_wconf 66' lang='lat' dir='ltr'>coerciti</span> <span class='ocrx_word' id='word_1_58' title='bbox 733 754 781 794; x_wconf 89' lang='lat' dir='ltr'>ab</span> <span class='ocrx_word' id='word_1_59' title='bbox 814 755 970 804; x_wconf 57' lang='lat' dir='ltr'>liotore,</span> <span class='ocrx_word' id='word_1_60' title='bbox 1014 758 1054 796; x_wconf 84' lang='lat'>&amp;</span> <span class='ocrx_word' id='word_1_61' title='bbox 1083 755 1173 809; x_wconf 87' lang='lat' dir='ltr'>J&#39;ufli</span> <span class='ocrx_word' id='word_1_62' title='bbox 1204 756 1245 794; x_wconf 90' lang='lat' dir='ltr'>in</span> <span class='ocrx_word' id='word_1_63' title='bbox 1277 757 1340 809; x_wconf 83' lang='lat'>(5)</span> <span class='ocrx_word' id='word_1_64' title='bbox 1373 755 1503 795; x_wconf 88' lang='lat' dir='ltr'>vicem</span> <span class='ocrx_word' id='word_1_65' title='bbox 1534 755 1683 802; x_wconf 79' lang='lat' dir='ltr'>dicere,</span> 
     </span>
     <span class='ocr_line' id='line_1_15' title="bbox 397 811 1684 877; baseline 0.001 -27"><span class='ocrx_word' id='word_1_66' title='bbox 397 812 560 851; x_wconf 85' lang='lat' dir='ltr'>tandem</span> <span class='ocrx_word' id='word_1_67' title='bbox 593 811 757 877; x_wconf 86' lang='lat' dir='ltr'>obloqui</span> <span class='ocrx_word' id='word_1_68' title='bbox 788 813 986 853; x_wconf 83' lang='lat' dir='ltr'>desistunt.</span> <span class='ocrx_word' id='word_1_69' title='bbox 1047 814 1171 853; x_wconf 89' lang='lat' dir='ltr'>Unus</span> <span class='ocrx_word' id='word_1_70' title='bbox 1192 826 1276 852; x_wconf 87' lang='lat' dir='ltr'>rem</span> <span class='ocrx_word' id='word_1_71' title='bbox 1302 827 1351 851; x_wconf 84' lang='lat' dir='ltr'>ex</span> <span class='ocrx_word' id='word_1_72' title='bbox 1382 811 1599 867; x_wconf 78' lang='lat' dir='ltr'>composito</span> <span class='ocrx_word' id='word_1_73' title='bbox 1619 826 1684 852; x_wconf 86' lang='lat' dir='ltr'>or·-</span> 
     </span>
     <span class='ocr_line' id='line_1_16' title="bbox 395 868 1684 924; baseline 0.001 -16"><span class='ocrx_word' id='word_1_74' title='bbox 395 868 518 909; x_wconf 89' lang='lat' dir='ltr'>ditur.</span> <span class='ocrx_word' id='word_1_75' title='bbox 579 869 686 910; x_wconf 90' lang='lat' dir='ltr'>Cum</span> <span class='ocrx_word' id='word_1_76' title='bbox 708 870 884 911; x_wconf 85' lang='lat' dir='ltr'>intentus</span> <span class='ocrx_word' id='word_1_77' title='bbox 915 871 956 912; x_wconf 89' lang='lat' dir='ltr'>in</span> <span class='ocrx_word' id='word_1_78' title='bbox 977 885 1071 911; x_wconf 87' lang='lat' dir='ltr'>eum</span> <span class='ocrx_word' id='word_1_79' title='bbox 1093 870 1130 910; x_wconf 90' lang='lat' dir='ltr'>se</span> <span class='ocrx_word' id='word_1_80' title='bbox 1152 885 1220 910; x_wconf 83' lang='lat' dir='ltr'>rex</span> <span class='ocrx_word' id='word_1_81' title='bbox 1243 879 1351 910; x_wconf 85' lang='lat' dir='ltr'>totus</span> <span class='ocrx_word' id='word_1_82' title='bbox 1383 871 1446 924; x_wconf 91' lang='lat'>(6)</span> <span class='ocrx_word' id='word_1_83' title='bbox 1475 877 1684 917; x_wconf 84' lang='lat' dir='ltr'>averteret,</span> 
     </span>
     <span class='ocr_line' id='line_1_17' title="bbox 397 926 1686 995; baseline 0 -29"><span class='ocrx_word' id='word_1_84' title='bbox 397 927 496 967; x_wconf 84' lang='lat' dir='ltr'>alter</span> <span class='ocrx_word' id='word_1_85' title='bbox 514 928 660 968; x_wconf 84' lang='lat' dir='ltr'>elatam</span> <span class='ocrx_word' id='word_1_86' title='bbox 681 927 879 968; x_wconf 82' lang='lat' dir='ltr'>securim</span> <span class='ocrx_word' id='word_1_87' title='bbox 870 943 911 968; x_wconf 84' lang='lat' dir='ltr'>in</span> <span class='ocrx_word' id='word_1_88' title='bbox 932 938 1052 995; x_wconf 85' lang='lat' dir='ltr'>caput</span> <span class='ocrx_word' id='word_1_89' title='bbox 1073 929 1245 983; x_wconf 88' lang='lat' dir='ltr'>dejecit:</span> <span class='ocrx_word' id='word_1_90' title='bbox 1275 926 1498 982; x_wconf 62' lang='lat' dir='ltr'>relictoque</span> <span class='ocrx_word' id='word_1_91' title='bbox 1527 927 1569 967; x_wconf 88' lang='lat' dir='ltr'>in</span> <span class='ocrx_word' id='word_1_92' title='bbox 1597 927 1686 966; x_wconf 84' lang='lat' dir='ltr'>vul-·</span> 
     </span>
     <span class='ocr_line' id='line_1_18' title="bbox 397 985 1144 1041; baseline 0.001 -17"><span class='ocrx_word' id='word_1_93' title='bbox 397 998 492 1024; x_wconf 84' lang='lat' dir='ltr'>nere</span> <span class='ocrx_word' id='word_1_94' title='bbox 513 986 608 1035; x_wconf 87' lang='lat' dir='ltr'>telo,</span> <span class='ocrx_word' id='word_1_95' title='bbox 639 985 756 1025; x_wconf 88' lang='lat' dir='ltr'>ambo</span> <span class='ocrx_word' id='word_1_96' title='bbox 780 986 816 1025; x_wconf 88' lang='lat' dir='ltr'>se</span> <span class='ocrx_word' id='word_1_97' title='bbox 836 985 942 1026; x_wconf 84' lang='lat' dir='ltr'>foras</span> <span class='ocrx_word' id='word_1_98' title='bbox 964 986 1144 1041; x_wconf 86' lang='lat' dir='ltr'>ejiciunt.</span> 
     </span>
    </p>

    <p class='ocr_par' dir='ltr' id='par_1_8' title="bbox 388 1042 1699 2428">
     <span class='ocr_line' id='line_1_19' title="bbox 455 1042 1687 1098; baseline -0.001 -15"><span class='ocrx_word' id='word_1_99' title='bbox 455 1043 565 1083; x_wconf 89' lang='lat' dir='ltr'><strong>XLI.</strong></span> <span class='ocrx_word' id='word_1_100' title='bbox 610 1043 881 1096; x_wconf 84' lang='lat' dir='ltr'>Tarquinium</span> <span class='ocrx_word' id='word_1_101' title='bbox 902 1044 1189 1084; x_wconf 86' lang='lat' dir='ltr'>moribundum</span> <span class='ocrx_word' id='word_1_102' title='bbox 1212 1058 1338 1097; x_wconf 89' lang='lat' dir='ltr'>quum</span> <span class='ocrx_word' id='word_1_103' title='bbox 1360 1043 1429 1098; x_wconf 87' lang='lat' dir='ltr'>qui</span> <span class='ocrx_word' id='word_1_104' title='bbox 1450 1042 1558 1084; x_wconf 78' lang='lat' dir='ltr'>circa.</span> <span class='ocrx_word' id='word_1_105' title='bbox 1572 1049 1687 1084; x_wconf 83' lang='lat' dir='ltr'>erant</span> 
     </span>
     <span class='ocr_line' id='line_1_20' title="bbox 395 1100 1688 1156; baseline 0 -16"><span class='ocrx_word' id='word_1_106' title='bbox 395 1100 649 1154; x_wconf 72' lang='lat' dir='ltr'>excepiss‘ent‚</span> <span class='ocrx_word' id='word_1_107' title='bbox 680 1101 768 1141; x_wconf 84' lang='lat' dir='ltr'>illos</span> <span class='ocrx_word' id='word_1_108' title='bbox 789 1101 989 1156; x_wconf 85' lang='lat' dir='ltr'>fugientes</span> <span class='ocrx_word' id='word_1_109' title='bbox 1021 1102 1183 1143; x_wconf 59' lang='lat' dir='ltr'>nitores</span> <span class='ocrx_word' id='word_1_110' title='bbox 1214 1101 1575 1155; x_wconf 86' lang='lat' dir='ltr'>comprehendunt.</span> <span class='ocrx_word' id='word_1_111' title='bbox 1606 1101 1688 1142; x_wconf 89' lang='lat' dir='ltr'>cla-</span> 
     </span>
     <span class='ocr_line' id='line_1_21' title="bbox 397 1157 1685 1224; baseline 0.001 -27"><span class='ocrx_word' id='word_1_112' title='bbox 397 1171 487 1197; x_wconf 85' lang='lat' dir='ltr'>mor</span> <span class='ocrx_word' id='word_1_113' title='bbox 508 1159 599 1198; x_wconf 90' lang='lat' dir='ltr'>inde</span> <span class='ocrx_word' id='word_1_114' title='bbox 622 1159 913 1224; x_wconf 85' lang='lat' dir='ltr'>concursusque</span> <span class='ocrx_word' id='word_1_115' title='bbox 936 1160 1089 1213; x_wconf 80' lang='lat' dir='ltr'>populi,</span> <span class='ocrx_word' id='word_1_116' title='bbox 1121 1160 1353 1199; x_wconf 87' lang='lat' dir='ltr'>mirantium</span> <span class='ocrx_word' id='word_1_117' title='bbox 1375 1158 1472 1212; x_wconf 88' lang='lat' dir='ltr'>quid</span> <span class='ocrx_word' id='word_1_118' title='bbox 1492 1157 1550 1198; x_wconf 85' lang='lat' dir='ltr'>rei</span> <span class='ocrx_word' id='word_1_119' title='bbox 1579 1159 1685 1198; x_wconf 77' lang='lat' dir='ltr'>esset.</span> 
     </span>
     <span class='ocr_line' id='line_1_22' title="bbox 398 1215 1688 1273; baseline 0 -18"><span class='ocrx_word' id='word_1_120' title='bbox 398 1216 599 1269; x_wconf 86' lang='lat' dir='ltr'>Tanaquil</span> <span class='ocrx_word' id='word_1_121' title='bbox 628 1217 731 1256; x_wconf 87' lang='lat' dir='ltr'>inter</span> <span class='ocrx_word' id='word_1_122' title='bbox 763 1218 984 1273; x_wconf 82' lang='lat' dir='ltr'>tumultum</span> <span class='ocrx_word' id='word_1_123' title='bbox 1014 1218 1145 1257; x_wconf 90' lang='lat' dir='ltr'>claudi</span> <span class='ocrx_word' id='word_1_124' title='bbox 1174 1217 1324 1272; x_wconf 85' lang='lat' dir='ltr'>regiam</span> <span class='ocrx_word' id='word_1_125' title='bbox 1349 1216 1482 1272; x_wconf 85' lang='lat' dir='ltr'>jubet,</span> <span class='ocrx_word' id='word_1_126' title='bbox 1517 1215 1688 1256; x_wconf 79' lang='lat' dir='ltr'>arbitros</span> 
     </span>
     <span class='ocr_line' id='line_1_23' title="bbox 395 1273 1687 1329; baseline 0.001 -17"><span class='ocrx_word' id='word_1_127' title='bbox 395 1273 538 1327; x_wconf 84' lang='lat' dir='ltr'>ejecit:</span> <span class='ocrx_word' id='word_1_128' title='bbox 569 1274 700 1324; x_wconf 88' lang='lat' dir='ltr'>fimul,</span> <span class='ocrx_word' id='word_1_129' title='bbox 732 1289 821 1327; x_wconf 88' lang='lat' dir='ltr'>quae</span> <span class='ocrx_word' id='word_1_130' title='bbox 847 1276 1024 1315; x_wconf 90' lang='lat' dir='ltr'>curando</span> <span class='ocrx_word' id='word_1_131' title='bbox 1054 1275 1209 1315; x_wconf 88' lang='lat' dir='ltr'>vulneri</span> <span class='ocrx_word' id='word_1_132' title='bbox 1239 1288 1340 1329; x_wconf 88' lang='lat' dir='ltr'>opus</span> <span class='ocrx_word' id='word_1_133' title='bbox 1361 1274 1466 1323; x_wconf 90' lang='lat' dir='ltr'>sunt,</span> <span class='ocrx_word' id='word_1_134' title='bbox 1495 1281 1687 1327; x_wconf 86' lang='lat' dir='ltr'>tanquam</span> 
     </span>
     <span class='ocr_line' id='line_1_24' title="bbox 398 1305 1690 1386; baseline 0.001 -16"><span class='ocrx_word' id='word_1_135' title='bbox 398 1329 485 1383; x_wconf 86' lang='lat' dir='ltr'>spes</span> <span class='ocrx_word' id='word_1_136' title='bbox 505 1330 683 1380; x_wconf 84' lang='lat' dir='ltr'>subesset,</span> <span class='ocrx_word' id='word_1_137' title='bbox 714 1330 851 1372; x_wconf 71' lang='lat' dir='ltr'>sedulo</span> <span class='ocrx_word' id='word_1_138' title='bbox 883 1342 1110 1386; x_wconf 87' lang='lat' dir='ltr'>comparat:</span> <span class='ocrx_word' id='word_1_139' title='bbox 1152 1333 1280 1381; x_wconf 89' lang='lat' dir='ltr'>fimul,</span> <span class='ocrx_word' id='word_1_140' title='bbox 1312 1332 1338 1371; x_wconf 81' lang='lat' dir='ltr'>si</span> <span class='ocrx_word' id='word_1_141' title='bbox 1367 1305 1555 1372; x_wconf 84' lang='lat' dir='ltr'>destituat</span> <span class='ocrx_word' id='word_1_142' title='bbox 1585 1331 1690 1386; x_wconf 87' lang='lat' dir='ltr'>spes,</span> 
     </span>
     <span class='ocr_line' id='line_1_25' title="bbox 398 1388 1689 1444; baseline 0.001 -17"><span class='ocrx_word' id='word_1_143' title='bbox 398 1388 474 1428; x_wconf 88' lang='lat' dir='ltr'>alia</span> <span class='ocrx_word' id='word_1_144' title='bbox 505 1389 682 1442; x_wconf 85' lang='lat' dir='ltr'>praefidia</span> <span class='ocrx_word' id='word_1_145' title='bbox 716 1390 893 1429; x_wconf 84' lang='lat' dir='ltr'>molitur.</span> <span class='ocrx_word' id='word_1_146' title='bbox 943 1389 1082 1430; x_wconf 87' lang='lat' dir='ltr'>Servio</span> <span class='ocrx_word' id='word_1_147' title='bbox 1102 1404 1271 1444; x_wconf 82' lang='lat' dir='ltr'>propere</span> <span class='ocrx_word' id='word_1_148' title='bbox 1290 1389 1418 1430; x_wconf 84' lang='lat' dir='ltr'>accito</span> <span class='ocrx_word' id='word_1_149' title='bbox 1437 1402 1565 1442; x_wconf 91' lang='lat' dir='ltr'>quum</span> <span class='ocrx_word' id='word_1_150' title='bbox 1584 1391 1689 1443; x_wconf 62' lang='lat' dir='ltr'>pen&amp;</span> 
     </span>
     <span class='ocr_line' id='line_1_26' title="bbox 397 1445 1688 1501; baseline 0 -16"><span class='ocrx_word' id='word_1_151' title='bbox 397 1445 639 1501; x_wconf 86' lang='lat' dir='ltr'>exsanguem</span> <span class='ocrx_word' id='word_1_152' title='bbox 669 1447 801 1486; x_wconf 86' lang='lat' dir='ltr'>virum</span> <span class='ocrx_word' id='word_1_153' title='bbox 830 1446 1079 1495; x_wconf 78' lang='lat' dir='ltr'>ostendifl&#39;et3</span> <span class='ocrx_word' id='word_1_154' title='bbox 1122 1448 1302 1487; x_wconf 84' lang='lat' dir='ltr'>dextram</span> <span class='ocrx_word' id='word_1_155' title='bbox 1331 1454 1472 1486; x_wconf 89' lang='lat' dir='ltr'>tenens</span> <span class='ocrx_word' id='word_1_156' title='bbox 1500 1455 1602 1495; x_wconf 86' lang='lat' dir='ltr'>orat,</span> <span class='ocrx_word' id='word_1_157' title='bbox 1636 1459 1688 1486; x_wconf 85' lang='lat' dir='ltr'>ne</span> 
     </span>
     <span class='ocr_line' id='line_1_27' title="bbox 398 1502 1689 1555; baseline 0.001 -12"><span class='ocrx_word' id='word_1_158' title='bbox 398 1502 569 1544; x_wconf 87' lang='lat' dir='ltr'>inultam</span> <span class='ocrx_word' id='word_1_159' title='bbox 588 1513 760 1545; x_wconf 88' lang='lat' dir='ltr'>mortem</span> <span class='ocrx_word' id='word_1_160' title='bbox 782 1504 921 1555; x_wconf 88' lang='lat' dir='ltr'>soceri,</span> <span class='ocrx_word' id='word_1_161' title='bbox 952 1519 1001 1545; x_wconf 92' lang='lat' dir='ltr'>ne</span> <span class='ocrx_word' id='word_1_162' title='bbox 1022 1503 1179 1545; x_wconf 88' lang='lat' dir='ltr'>socrum</span> <span class='ocrx_word' id='word_1_163' title='bbox 1208 1504 1382 1545; x_wconf 85' lang='lat' dir='ltr'>inimicis</span> <span class='ocrx_word' id='word_1_164' title='bbox 1411 1503 1584 1545; x_wconf 88' lang='lat' dir='ltr'>ludibrio</span> <span class='ocrx_word' id='word_1_165' title='bbox 1612 1503 1689 1544; x_wconf 82' lang='lat' dir='ltr'>effe</span> 
     </span>
     <span class='ocr_line' id='line_1_28' title="bbox 400 1561 1688 1619; baseline 0.001 -18"><span class='ocrx_word' id='word_1_166' title='bbox 400 1562 510 1602; x_wconf 85' lang='lat' dir='ltr'>sinat.</span> <span class='ocrx_word' id='word_1_167' title='bbox 573 1562 698 1603; x_wconf 79' lang='lat' dir='ltr'>‘Tuum</span> <span class='ocrx_word' id='word_1_168' title='bbox 720 1563 780 1618; x_wconf 68' lang='lat' dir='ltr'>est,</span> <span class='ocrx_word' id='word_1_169' title='bbox 813 1563 958 1616; x_wconf 85' lang='lat' dir='ltr'>inquit,</span> <span class='ocrx_word' id='word_1_170' title='bbox 992 1562 1115 1611; x_wconf 80' lang='lat' dir='ltr'>Servi,</span> <span class='ocrx_word' id='word_1_171' title='bbox 1140 1561 1183 1619; x_wconf 81' lang='lat' dir='ltr'><em>st</em></span> <span class='ocrx_word' id='word_1_172' title='bbox 1210 1564 1276 1602; x_wconf 85' lang='lat' dir='ltr'>vir</span> <span class='ocrx_word' id='word_1_173' title='bbox 1303 1577 1356 1614; x_wconf 86' lang='lat' dir='ltr'>es,</span> <span class='ocrx_word' id='word_1_174' title='bbox 1391 1576 1574 1616; x_wconf 82' lang='lat' dir='ltr'>regnum‚·</span> <span class='ocrx_word' id='word_1_175' title='bbox 1618 1576 1688 1602; x_wconf 85' lang='lat' dir='ltr'>non</span> 
     </span>
     <span class='ocr_line' id='line_1_29' title="bbox 397 1618 1689 1676; baseline -0.001 -17"><span class='ocrx_word' id='word_1_176' title='bbox 397 1635 538 1671; x_wconf 82' lang='lat' dir='ltr'>eorum,</span> <span class='ocrx_word' id='word_1_177' title='bbox 569 1622 634 1674; x_wconf 83' lang='lat' dir='ltr'>qui</span> <span class='ocrx_word' id='word_1_178' title='bbox 663 1621 792 1659; x_wconf 79' lang='lat' dir='ltr'>alienis</span> <span class='ocrx_word' id='word_1_179' title='bbox 813 1622 979 1661; x_wconf 77' lang='lat' dir='ltr'>manibus</span> <span class='ocrx_word' id='word_1_180' title='bbox 994 1630 1022 1673; x_wconf 91' lang='lat' dir='ltr'>p</span> <span class='ocrx_word' id='word_1_181' title='bbox 1024 1619 1081 1675; x_wconf 81' lang='lat' dir='ltr'><em>ff</em></span> <span class='ocrx_word' id='word_1_182' title='bbox 1082 1636 1181 1660; x_wconf 87' lang='lat' dir='ltr'>mum</span> <span class='ocrx_word' id='word_1_183' title='bbox 1190 1620 1350 1675; x_wconf 86' lang='lat' dir='ltr'>facinus</span> <span class='ocrx_word' id='word_1_184' title='bbox 1366 1619 1506 1676; x_wconf 77' lang='lat' dir='ltr'>ficere.</span> <span class='ocrx_word' id='word_1_185' title='bbox 1566 1618 1689 1673; x_wconf 87' lang='lat' dir='ltr'>Erige</span> 
     </span>
     <span class='ocr_line' id='line_1_30' title="bbox 399 1677 1699 1734; baseline 0 -17"><span class='ocrx_word' id='word_1_186' title='bbox 399 1686 447 1726; x_wconf 85' lang='lat' dir='ltr'>te,</span> <span class='ocrx_word' id='word_1_187' title='bbox 484 1678 647 1732; x_wconf 66' lang='lat' dir='ltr'>Deqfque</span> <span class='ocrx_word' id='word_1_188' title='bbox 666 1679 771 1722; x_wconf 73' lang='lat' dir='ltr'>duces</span> <span class='ocrx_word' id='word_1_189' title='bbox 785 1679 909 1732; x_wconf 71' lang='lat' dir='ltr'>ſs’quer</span> <span class='ocrx_word' id='word_1_190' title='bbox 911 1694 950 1727; x_wconf 88' lang='lat' dir='ltr'>e,</span> <span class='ocrx_word' id='word_1_191' title='bbox 981 1680 1045 1731; x_wconf 79' lang='lat' dir='ltr'>qui</span> <span class='ocrx_word' id='word_1_192' title='bbox 1070 1679 1214 1718; x_wconf 80' lang='lat' dir='ltr'>clarum</span> <span class='ocrx_word' id='word_1_193' title='bbox 1237 1677 1300 1718; x_wconf 79' lang='lat' dir='ltr'>boc</span> <span class='ocrx_word' id='word_1_194' title='bbox 1313 1677 1405 1734; x_wconf 80' lang='lat' dir='ltr'>fhre</span> <span class='ocrx_word' id='word_1_195' title='bbox 1423 1686 1533 1730; x_wconf 85' lang='lat' dir='ltr'>caput</span> <span class='ocrx_word' id='word_1_196' title='bbox 1561 1678 1699 1717; x_wconf 82' lang='lat' dir='ltr'>divino-</span> 
     </span>
     <span class='ocr_line' id='line_1_31' title="bbox 400 1735 1689 1791; baseline 0 -17"><span class='ocrx_word' id='word_1_197' title='bbox 400 1736 578 1790; x_wconf 78' lang='lat' dir='ltr'>quondam</span> <span class='ocrx_word' id='word_1_198' title='bbox 597 1736 845 1791; x_wconf 64' lang='lat' dir='ltr'>circungficfh</span> <span class='ocrx_word' id='word_1_199' title='bbox 832 1752 908 1789; x_wconf 69' lang='lat' dir='ltr'>lgm</span> <span class='ocrx_word' id='word_1_200' title='bbox 904 1736 1199 1788; x_wconf 0' lang='lat' dir='ltr'>mportenderunt</span> <span class='ocrx_word' id='word_1_201' title='bbox 1262 1735 1378 1779; x_wconf 82' lang='lat' dir='ltr'>Nunc</span> <span class='ocrx_word' id='word_1_202' title='bbox 1397 1744 1432 1775; x_wconf 83' lang='lat' dir='ltr'>te</span> <span class='ocrx_word' id='word_1_203' title='bbox 1454 1735 1518 1775; x_wconf 77' lang='lat' dir='ltr'>illa</span> <span class='ocrx_word' id='word_1_204' title='bbox 1545 1735 1689 1791; x_wconf 65' lang='lat' dir='ltr'>coe&#39;lestis</span> 
     </span>
     <span class='ocr_line' id='line_1_32' title="bbox 395 1791 1687 1852; baseline 0 -20"><span class='ocrx_word' id='word_1_205' title='bbox 395 1795 528 1833; x_wconf 81' lang='lat' dir='ltr'>excitet</span> <span class='ocrx_word' id='word_1_206' title='bbox 553 1793 636 1852; x_wconf 85' lang='lat'>(1)</span> <span class='ocrx_word' id='word_1_207' title='bbox 652 1794 840 1848; x_wconf 78' lang='lat' dir='ltr'>flamma:</span> <span class='ocrx_word' id='word_1_208' title='bbox 879 1809 975 1834; x_wconf 75' lang='lat' dir='ltr'>711th</span> <span class='ocrx_word' id='word_1_209' title='bbox 993 1794 1230 1849; x_wconf 79' lang='lat' dir='ltr'>expergiscere</span> <span class='ocrx_word' id='word_1_210' title='bbox 1249 1791 1353 1833; x_wconf 67' lang='lat' dir='ltr'>vere.</span> <span class='ocrx_word' id='word_1_211' title='bbox 1413 1793 1471 1833; x_wconf 87' lang='lat' dir='ltr'>Et</span> <span class='ocrx_word' id='word_1_212' title='bbox 1500 1807 1562 1832; x_wconf 85' lang='lat' dir='ltr'>nos</span> <span class='ocrx_word' id='word_1_213' title='bbox 1579 1802 1687 1847; x_wconf 88' lang='lat' dir='ltr'>pere-</span> 
     </span>
     <span class='ocr_line' id='line_1_33' title="bbox 395 1850 1688 1906; baseline 0.001 -16"><span class='ocrx_word' id='word_1_214' title='bbox 395 1852 503 1904; x_wconf 83' lang='lat' dir='ltr'>grini</span> <span class='ocrx_word' id='word_1_215' title='bbox 524 1854 774 1906; x_wconf 77' lang='lat' dir='ltr'>regnavimus.</span> <span class='ocrx_word' id='word_1_216' title='bbox 838 1851 1006 1906; x_wconf 64' lang='lat' dir='ltr'>insts‚</span> <span class='ocrx_word' id='word_1_217' title='bbox 1038 1867 1105 1891; x_wconf 83' lang='lat' dir='ltr'>non</span> <span class='ocrx_word' id='word_1_218' title='bbox 1127 1852 1221 1893; x_wconf 83' lang='lat' dir='ltr'>unde</span> <span class='ocrx_word' id='word_1_219' title='bbox 1244 1860 1353 1891; x_wconf 78' lang='lat' dir='ltr'>natus</span> <span class='ocrx_word' id='word_1_220' title='bbox 1357 1850 1430 1905; x_wconf 86' lang='lat' dir='ltr'>ss,</span> <span class='ocrx_word' id='word_1_221' title='bbox 1460 1858 1602 1905; x_wconf 85' lang='lat' dir='ltr'>reputa.</span> <span class='ocrx_word' id='word_1_222' title='bbox 1646 1850 1688 1891; x_wconf 83' lang='lat' dir='ltr'>Si</span> 
     </span>
     <span class='ocr_line' id='line_1_34' title="bbox 394 1908 1688 1966; baseline 0 -18"><span class='ocrx_word' id='word_1_223' title='bbox 394 1920 465 1948; x_wconf 82' lang='lat' dir='ltr'>tua</span> <span class='ocrx_word' id='word_1_224' title='bbox 500 1925 539 1950; x_wconf 87' lang='lat' dir='ltr'>re</span> <span class='ocrx_word' id='word_1_225' title='bbox 558 1910 689 1964; x_wconf 61' lang='lat' dir='ltr'>subita*</span> <span class='ocrx_word' id='word_1_226' title='bbox 718 1909 856 1963; x_wconf 72' lang='lat' dir='ltr'>cotfilia</span> <span class='ocrx_word' id='word_1_227' title='bbox 887 1918 1044 1962; x_wconf 84' lang='lat' dir='ltr'>torpent,</span> <span class='ocrx_word' id='word_1_228' title='bbox 1083 1918 1123 1948; x_wconf 85' lang='lat' dir='ltr'>at</span> <span class='ocrx_word' id='word_1_229' title='bbox 1151 1918 1192 1948; x_wconf 77' lang='lat' dir='ltr'>tu</span> <span class='ocrx_word' id='word_1_230' title='bbox 1222 1924 1300 1949; x_wconf 80' lang='lat' dir='ltr'>mea</span> <span class='ocrx_word' id='word_1_231' title='bbox 1315 1909 1478 1963; x_wconf 82' lang='lat' dir='ltr'>sequere.</span> <span class='ocrx_word' id='word_1_232' title='bbox 1543 1908 1688 1966; x_wconf 83' lang='lat' dir='ltr'>Qum</span> 
     </span>
     <span class='ocr_line' id='line_1_35' title="bbox 399 1966 1689 2022; baseline 0 -16"><span class='ocrx_word' id='word_1_233' title='bbox 399 1967 552 2006; x_wconf 89' lang='lat' dir='ltr'>clamor</span> <span class='ocrx_word' id='word_1_234' title='bbox 578 1967 829 2021; x_wconf 86' lang='lat' dir='ltr'>impetusque</span> <span class='ocrx_word' id='word_1_235' title='bbox 862 1967 1132 2006; x_wconf 82' lang='lat' dir='ltr'>multitudinis</span> <span class='ocrx_word' id='word_1_236' title='bbox 1160 1967 1226 2006; x_wconf 87' lang='lat' dir='ltr'>vix</span> <span class='ocrx_word' id='word_1_237' title='bbox 1255 1966 1435 2007; x_wconf 88' lang='lat' dir='ltr'>sustineri</span> <span class='ocrx_word' id='word_1_238' title='bbox 1465 1966 1602 2022; x_wconf 68' lang='lat' dir='ltr'>postet,</span> <span class='ocrx_word' id='word_1_239' title='bbox 1638 1980 1689 2007; x_wconf 80' lang='lat' dir='ltr'>ex</span> 
     </span>
     <span class='ocr_line' id='line_1_36' title="bbox 400 2023 1691 2079; baseline -0.001 -15"><span class='ocrx_word' id='word_1_240' title='bbox 400 2023 600 2078; x_wconf 86' lang='lat' dir='ltr'>superiore</span> <span class='ocrx_word' id='word_1_241' title='bbox 621 2035 731 2079; x_wconf 83' lang='lat' dir='ltr'>parte</span> <span class='ocrx_word' id='word_1_242' title='bbox 751 2025 898 2064; x_wconf 74' lang='lat' dir='ltr'>aedium</span> <span class='ocrx_word' id='word_1_243' title='bbox 918 2038 989 2078; x_wconf 88' lang='lat' dir='ltr'>per</span> <span class='ocrx_word' id='word_1_244' title='bbox 1009 2024 1216 2076; x_wconf 83' lang='lat' dir='ltr'>fenestras,</span> <span class='ocrx_word' id='word_1_245' title='bbox 1247 2024 1288 2064; x_wconf 88' lang='lat' dir='ltr'>in</span> <span class='ocrx_word' id='word_1_246' title='bbox 1307 2038 1452 2065; x_wconf 89' lang='lat' dir='ltr'>novam</span> <span class='ocrx_word' id='word_1_247' title='bbox 1471 2025 1577 2066; x_wconf 88' lang='lat' dir='ltr'>viam</span> <span class='ocrx_word' id='word_1_248' title='bbox 1602 2039 1691 2065; x_wconf 52' lang='lat' dir='ltr'>ver&lt;-</span> 
     </span>
     <span class='ocr_line' id='line_1_37' title="bbox 400 2081 1690 2137; baseline 0.001 -16"><span class='ocrx_word' id='word_1_249' title='bbox 400 2081 476 2133; x_wconf 86' lang='lat' dir='ltr'>sas,</span> <span class='ocrx_word' id='word_1_250' title='bbox 510 2082 728 2134; x_wconf 83' lang='lat' dir='ltr'>(habitabat</span> <span class='ocrx_word' id='word_1_251' title='bbox 747 2083 855 2123; x_wconf 88' lang='lat' dir='ltr'>enim</span> <span class='ocrx_word' id='word_1_252' title='bbox 876 2097 944 2122; x_wconf 83' lang='lat' dir='ltr'>rex</span> <span class='ocrx_word' id='word_1_253' title='bbox 965 2083 1014 2122; x_wconf 90' lang='lat' dir='ltr'>ad</span> <span class='ocrx_word' id='word_1_254' title='bbox 1038 2082 1148 2135; x_wconf 85' lang='lat' dir='ltr'>Jovis</span> <span class='ocrx_word' id='word_1_255' title='bbox 1169 2082 1357 2136; x_wconf 85' lang='lat' dir='ltr'>Statoris)</span> <span class='ocrx_word' id='word_1_256' title='bbox 1386 2083 1583 2137; x_wconf 90' lang='lat' dir='ltr'>populum</span> <span class='ocrx_word' id='word_1_257' title='bbox 1606 2083 1690 2122; x_wconf 91' lang='lat' dir='ltr'>Ta-</span> 
     </span>
     <span class='ocr_line' id='line_1_38' title="bbox 400 2139 1691 2197; baseline 0.002 -19"><span class='ocrx_word' id='word_1_258' title='bbox 400 2139 537 2192; x_wconf 86' lang='lat' dir='ltr'>naquil</span> <span class='ocrx_word' id='word_1_259' title='bbox 558 2140 796 2193; x_wconf 86' lang='lat' dir='ltr'>alloquitur.</span> <span class='ocrx_word' id='word_1_260' title='bbox 826 2141 949 2193; x_wconf 86' lang='lat' dir='ltr'>Jubet</span> <span class='ocrx_word' id='word_1_261' title='bbox 968 2141 1050 2180; x_wconf 82' lang='lat' dir='ltr'>bono</span> <span class='ocrx_word' id='word_1_262' title='bbox 1067 2142 1187 2179; x_wconf 84' lang='lat' dir='ltr'>animo</span> <span class='ocrx_word' id='word_1_263' title='bbox 1205 2141 1279 2196; x_wconf 72' lang='lat' dir='ltr'>ff,</span> <span class='ocrx_word' id='word_1_264' title='bbox 1297 2141 1458 2195; x_wconf 62' lang='lat' dir='ltr'>sepitum</span> <span class='ocrx_word' id='word_1_265' title='bbox 1478 2139 1561 2197; x_wconf 84' lang='lat'>(2)</span> <span class='ocrx_word' id='word_1_266' title='bbox 1574 2140 1646 2196; x_wconf 87' lang='lat' dir='ltr'>fui</span> <span class='ocrx_word' id='word_1_267' title='bbox 1672 2156 1691 2180; x_wconf 87' lang='lat' dir='ltr'>e</span> 
     </span>
     <span class='ocr_line' id='line_1_39' title="bbox 401 2196 1690 2254; baseline 0.002 -19"><span class='ocrx_word' id='word_1_268' title='bbox 401 2213 520 2250; x_wconf 84' lang='lat' dir='ltr'>regem</span> <span class='ocrx_word' id='word_1_269' title='bbox 529 2198 648 2251; x_wconf 79' lang='lat' dir='ltr'>subito</span> <span class='ocrx_word' id='word_1_270' title='bbox 669 2200 755 2237; x_wconf 66' lang='lat' dir='ltr'>ic‘z‘u.</span> <span class='ocrx_word' id='word_1_271' title='bbox 773 2198 846 2254; x_wconf 64' lang='lat' dir='ltr'>ft}</span> <span class='ocrx_word' id='word_1_272' title='bbox 848 2214 931 2238; x_wconf 86' lang='lat' dir='ltr'>rum</span> <span class='ocrx_word' id='word_1_273' title='bbox 950 2198 1053 2240; x_wconf 70' lang='lat' dir='ltr'>haud</span> <span class='ocrx_word' id='word_1_274' title='bbox 1066 2196 1177 2237; x_wconf 82' lang='lat' dir='ltr'>alte</span> <span class='ocrx_word' id='word_1_275' title='bbox 1163 2214 1202 2237; x_wconf 86' lang='lat' dir='ltr'>m</span> <span class='ocrx_word' id='word_1_276' title='bbox 1221 2209 1348 2252; x_wconf 82' lang='lat' dir='ltr'>corpus</span> <span class='ocrx_word' id='word_1_277' title='bbox 1367 2197 1579 2253; x_wconf 61' lang='grc' dir='ltr'>ἅψεηιέἱβὶ).</span> <span class='ocrx_word' id='word_1_278' title='bbox 1598 2199 1690 2252; x_wconf 79' lang='lat' dir='ltr'>jam</span> 
     </span>
     <span class='ocr_line' id='line_1_40' title="bbox 400 2254 1690 2314; baseline -0.001 -20"><span class='ocrx_word' id='word_1_279' title='bbox 400 2255 452 2294; x_wconf 79' lang='lat' dir='ltr'>ad</span> <span class='ocrx_word' id='word_1_280' title='bbox 459 2256 503 2309; x_wconf 89' lang='lat' dir='ltr'>se</span> <span class='ocrx_word' id='word_1_281' title='bbox 522 2256 597 2294; x_wconf 86' lang='lat' dir='ltr'>red</span> <span class='ocrx_word' id='word_1_282' title='bbox 586 2256 654 2311; x_wconf 68' lang='lat' dir='ltr'>sp}</span> <span class='ocrx_word' id='word_1_283' title='bbox 716 2257 920 2310; x_wconf 58' lang='lat' dir='ltr'>[typeffum</span> <span class='ocrx_word' id='word_1_284' title='bbox 941 2257 1093 2307; x_wconf 79' lang='lat' dir='ltr'>vulnus,</span> <span class='ocrx_word' id='word_1_285' title='bbox 1119 2255 1262 2312; x_wconf 52' lang='lat' dir='ltr'>absterso</span> <span class='ocrx_word' id='word_1_286' title='bbox 1280 2271 1433 2296; x_wconf 79' lang='lat' dir='ltr'>cruore.-</span> <span class='ocrx_word' id='word_1_287' title='bbox 1464 2271 1583 2295; x_wconf 84' lang='lat' dir='ltr'>omma</span> <span class='ocrx_word' id='word_1_288' title='bbox 1604 2254 1654 2310; x_wconf 83' lang='lat'>(3</span> <span class='ocrx_word' id='word_1_289' title='bbox 1661 2258 1690 2314; x_wconf 82' lang='lat'><em>)</em></span> 
     </span>
     <span class='ocr_line' id='line_1_41' title="bbox 388 2313 1690 2369; baseline 0.002 -18"><span class='ocrx_word' id='word_1_290' title='bbox 388 2313 558 2367; x_wconf 79' lang='lat' dir='ltr'>salubria</span> <span class='ocrx_word' id='word_1_291' title='bbox 578 2314 650 2369; x_wconf 75' lang='lat' dir='ltr'>effi‘.</span> <span class='ocrx_word' id='word_1_292' title='bbox 682 2313 871 2368; x_wconf 70' lang='lat' dir='ltr'>corfidere,</span> <span class='ocrx_word' id='word_1_293' title='bbox 894 2314 1098 2367; x_wconf 81' lang='lat' dir='ltr'>propediem</span> <span class='ocrx_word' id='word_1_294' title='bbox 1119 2315 1231 2368; x_wconf 80' lang='lat' dir='ltr'>ipsum</span> <span class='ocrx_word' id='word_1_295' title='bbox 1250 2329 1304 2353; x_wconf 84' lang='lat' dir='ltr'>eos</span> <span class='ocrx_word' id='word_1_296' title='bbox 1323 2331 1350 2353; x_wconf 84' lang='lat' dir='ltr'><em>v</em></span> <span class='ocrx_word' id='word_1_297' title='bbox 1352 2314 1477 2368; x_wconf 83' lang='lat' dir='ltr'>suros</span> <span class='ocrx_word' id='word_1_298' title='bbox 1531 2313 1690 2354; x_wconf 87' lang='lat' dir='ltr'>Interim</span> 
     </span>
     <span class='ocr_line' id='line_1_42' title="bbox 404 2362 1690 2428; baseline 0.002 -18"><span class='ocrx_word' id='word_1_299' title='bbox 404 2370 483 2411; x_wconf 84' lang='lat' dir='ltr'>Ser.</span> <span class='ocrx_word' id='word_1_300' title='bbox 516 2362 637 2411; x_wconf 76' lang='lat' dir='ltr'>Tullio</span> <span class='ocrx_word' id='word_1_301' title='bbox 655 2372 788 2426; x_wconf 68' lang='lat' dir='ltr'>jubere</span> <span class='ocrx_word' id='word_1_302' title='bbox 810 2373 982 2426; x_wconf 81' lang='lat' dir='ltr'>populum</span> <span class='ocrx_word' id='word_1_303' title='bbox 1002 2371 1094 2413; x_wconf 60' lang='lat' dir='ltr'><em>dic&#39;io</em></span> <span class='ocrx_word' id='word_1_304' title='bbox 1112 2371 1315 2412; x_wconf 83' lang='lat' dir='ltr'>audientem</span> <span class='ocrx_word' id='word_1_305' title='bbox 1333 2372 1405 2428; x_wconf 70' lang='lat' dir='ltr'>effi‘.</span> <span class='ocrx_word' id='word_1_306' title='bbox 1466 2371 1570 2411; x_wconf 80' lang='lat' dir='ltr'>Eum</span> <span class='ocrx_word' id='word_1_307' title='bbox 1587 2372 1690 2425; x_wconf 80' lang='lat' dir='ltr'>jura</span> 
     </span>
    </p>

    <p class='ocr_par' dir='ltr' id='par_1_9' title="bbox 1456 2429 1688 2469">
     <span class='ocr_line' id='line_1_43' title="bbox 1456 2429 1688 2469; baseline 0.004 -1"><span class='ocrx_word' id='word_1_308' title='bbox 1456 2429 1688 2469; x_wconf 79' lang='lat' dir='ltr'>redditurum</span> 
     </span>
    </p>
   </div>
   <div class='ocr_carea' id='block_1_8' title="bbox 390 2544 1691 2804">
    <p class='ocr_par' dir='ltr' id='par_1_10' title="bbox 402 2544 1690 2634">
     <span class='ocr_line' id='line_1_44' title="bbox 402 2544 1687 2589; baseline 0.001 -13"><span class='ocrx_word' id='word_1_309' title='bbox 402 2544 576 2577; x_wconf 86' lang='lat' dir='ltr'>reclamant</span> <span class='ocrx_word' id='word_1_310' title='bbox 590 2557 598 2583; x_wconf 90' lang='lat'>;</span> <span class='ocrx_word' id='word_1_311' title='bbox 623 2544 654 2577; x_wconf 74' lang='grc' dir='ltr'>δε</span> <span class='ocrx_word' id='word_1_312' title='bbox 669 2545 748 2577; x_wconf 88' lang='lat' dir='ltr'>mihi</span> <span class='ocrx_word' id='word_1_313' title='bbox 765 2545 894 2578; x_wconf 84' lang='lat' dir='ltr'>videtur</span> <span class='ocrx_word' id='word_1_314' title='bbox 906 2546 1021 2588; x_wconf 79' lang='lat' dir='ltr'>ellipsis</span> <span class='ocrx_word' id='word_1_315' title='bbox 1034 2557 1092 2578; x_wconf 88' lang='lat' dir='ltr'>nec</span> <span class='ocrx_word' id='word_1_316' title='bbox 1108 2545 1267 2589; x_wconf 84' lang='lat' dir='ltr'>inelegans</span> <span class='ocrx_word' id='word_1_317' title='bbox 1283 2558 1341 2579; x_wconf 88' lang='lat' dir='ltr'>nec</span> <span class='ocrx_word' id='word_1_318' title='bbox 1357 2545 1525 2580; x_wconf 81' lang='lat' dir='ltr'>inufitata:</span> <span class='ocrx_word' id='word_1_319' title='bbox 1554 2546 1593 2578; x_wconf 67' lang='lat'>{3&#39;</span> <span class='ocrx_word' id='word_1_320' title='bbox 1609 2544 1687 2588; x_wconf 81' lang='lat' dir='ltr'>[regi</span> 
     </span>
     <span class='ocr_line' id='line_1_45' title="bbox 402 2589 1690 2634; baseline 0 -12"><span class='ocrx_word' id='word_1_321' title='bbox 402 2589 460 2631; x_wconf 77' lang='lat' dir='ltr'>ipsi</span> <span class='ocrx_word' id='word_1_322' title='bbox 477 2591 634 2631; x_wconf 83' lang='lat' dir='ltr'>parabant</span> <span class='ocrx_word' id='word_1_323' title='bbox 650 2591 788 2634; x_wconf 75' lang='lat' dir='ltr'>insidias]</span> <span class='ocrx_word' id='word_1_324' title='bbox 804 2596 867 2633; x_wconf 76' lang='lat' dir='ltr'>quia</span> <span class='ocrx_word' id='word_1_325' title='bbox 885 2590 943 2623; x_wconf 65' lang='lat' dir='ltr'>Sec.</span> <span class='ocrx_word' id='word_1_326' title='bbox 967 2595 1001 2622; x_wconf 87' lang='lat' dir='ltr'>E.</span> <span class='ocrx_word' id='word_1_327' title='bbox 1047 2592 1101 2633; x_wconf 86' lang='lat'>(5)</span> <span class='ocrx_word' id='word_1_328' title='bbox 1124 2592 1142 2622; x_wconf 89' lang='lat' dir='ltr'>i.</span> <span class='ocrx_word' id='word_1_329' title='bbox 1159 2604 1183 2624; x_wconf 85' lang='lat' dir='ltr'>c.</span> <span class='ocrx_word' id='word_1_330' title='bbox 1208 2603 1265 2634; x_wconf 86' lang='lat' dir='ltr'>per</span> <span class='ocrx_word' id='word_1_331' title='bbox 1281 2593 1374 2624; x_wconf 90' lang='lat' dir='ltr'>vices.</span> <span class='ocrx_word' id='word_1_332' title='bbox 1419 2591 1474 2633; x_wconf 92' lang='lat'>(6)</span> <span class='ocrx_word' id='word_1_333' title='bbox 1497 2593 1690 2633; x_wconf 66' lang='lat' dir='ltr'>Averteretstr</span> 
     </span>
    </p>

    <p class='ocr_par' dir='ltr' id='par_1_11' title="bbox 390 2636 1691 2804">
     <span class='ocr_line' id='line_1_46' title="bbox 390 2636 1519 2678; baseline 0.004 -14"><span class='ocrx_word' id='word_1_334' title='bbox 390 2636 436 2667; x_wconf 79' lang='lat' dir='ltr'>&#39;ab</span> <span class='ocrx_word' id='word_1_335' title='bbox 451 2637 548 2672; x_wconf 80' lang='lat' dir='ltr'>altero,</span> <span class='ocrx_word' id='word_1_336' title='bbox 571 2647 644 2666; x_wconf 86' lang='lat' dir='ltr'>cum</span> <span class='ocrx_word' id='word_1_337' title='bbox 661 2647 725 2676; x_wconf 89' lang='lat' dir='ltr'>quo</span> <span class='ocrx_word' id='word_1_338' title='bbox 742 2637 956 2668; x_wconf 81' lang='lat' dir='ltr'>contendebat</span> <span class='ocrx_word' id='word_1_339' title='bbox 973 2637 1008 2674; x_wconf 87' lang='lat' dir='ltr'>is,</span> <span class='ocrx_word' id='word_1_340' title='bbox 1030 2636 1063 2668; x_wconf 91' lang='lat' dir='ltr'>in</span> <span class='ocrx_word' id='word_1_341' title='bbox 1076 2648 1172 2678; x_wconf 89' lang='lat' dir='ltr'>quem</span> <span class='ocrx_word' id='word_1_342' title='bbox 1185 2638 1214 2668; x_wconf 90' lang='lat' dir='ltr'>se</span> <span class='ocrx_word' id='word_1_343' title='bbox 1231 2649 1286 2668; x_wconf 85' lang='lat' dir='ltr'>rex</span> <span class='ocrx_word' id='word_1_344' title='bbox 1302 2637 1519 2668; x_wconf 84' lang='lat' dir='ltr'>convertebat.</span> 
     </span>
     <span class='ocr_line' id='line_1_47' title="bbox 447 2680 1690 2723; baseline 0.002 -13"><span class='ocrx_word' id='word_1_345' title='bbox 447 2681 482 2711; x_wconf 91' lang='lat' dir='ltr'>C.</span> <span class='ocrx_word' id='word_1_346' title='bbox 495 2690 546 2717; x_wconf 83' lang='lat'>41.</span> <span class='ocrx_word' id='word_1_347' title='bbox 568 2681 622 2722; x_wconf 93' lang='lat'>(1)</span> <span class='ocrx_word' id='word_1_348' title='bbox 644 2681 813 2723; x_wconf 81' lang='lat' dir='ltr'>Eleganter</span> <span class='ocrx_word' id='word_1_349' title='bbox 836 2682 949 2713; x_wconf 82' lang='lat' dir='ltr'>alludit</span> <span class='ocrx_word' id='word_1_350' title='bbox 966 2683 1006 2713; x_wconf 87' lang='lat' dir='ltr'>ad</span> <span class='ocrx_word' id='word_1_351' title='bbox 1031 2683 1177 2713; x_wconf 87' lang='lat' dir='ltr'>somnum</span> <span class='ocrx_word' id='word_1_352' title='bbox 1193 2682 1283 2714; x_wconf 89' lang='lat' dir='ltr'>illum</span> <span class='ocrx_word' id='word_1_353' title='bbox 1308 2682 1447 2723; x_wconf 85' lang='lat' dir='ltr'>ejusdem</span> <span class='ocrx_word' id='word_1_354' title='bbox 1462 2680 1563 2717; x_wconf 82' lang='lat' dir='ltr'>Servii</span> <span class='ocrx_word' id='word_1_355' title='bbox 1587 2680 1690 2722; x_wconf 85' lang='lat' dir='ltr'>pueri,</span> 
     </span>
     <span class='ocr_line' id='line_1_48' title="bbox 402 2725 1690 2803; baseline 0.004 -47"><span class='ocrx_word' id='word_1_356' title='bbox 402 2725 443 2756; x_wconf 82' lang='lat' dir='ltr'>de</span> <span class='ocrx_word' id='word_1_357' title='bbox 459 2735 525 2769; x_wconf 88' lang='lat' dir='ltr'>quo</span> <span class='ocrx_word' id='word_1_358' title='bbox 546 2725 642 2769; x_wconf 86' lang='lat' dir='ltr'>supra</span> <span class='ocrx_word' id='word_1_359' title='bbox 658 2737 682 2758; x_wconf 73' lang='lat' dir='ltr'>c·</span> <span class='ocrx_word' id='word_1_360' title='bbox 697 2735 747 2769; x_wconf 80' lang='lat'>39.</span> <span class='ocrx_word' id='word_1_361' title='bbox 790 2727 847 2770; x_wconf 85' lang='lat'>(2)</span> <span class='ocrx_word' id='word_1_362' title='bbox 871 2727 1024 2763; x_wconf 86' lang='lat' dir='ltr'>Sensuum</span> <span class='ocrx_word' id='word_1_363' title='bbox 1040 2726 1168 2772; x_wconf 87' lang='lat' dir='ltr'>stupore</span> <span class='ocrx_word' id='word_1_364' title='bbox 1184 2727 1337 2763; x_wconf 65' lang='lat' dir='ltr'>affectum</span> <span class='ocrx_word' id='word_1_365' title='bbox 1357 2727 1456 2763; x_wconf 79' lang='lat' dir='ltr'>fuiss&#39;e.</span> <span class='ocrx_word' id='word_1_366' title='bbox 1499 2727 1556 2771; x_wconf 86' lang='lat'>(3)</span> <span class='ocrx_word' id='word_1_367' title='bbox 1571 2726 1690 2803; x_wconf 44' lang='lat' dir='ltr'>Omni?</span> 
     </span>
     <span class='ocr_line' id='line_1_49' title="bbox 1628 2781 1691 2804; baseline 0 0"><span class='ocrx_word' id='word_1_368' title='bbox 1628 2781 1646 2804; x_wconf 70' lang='lat' dir='ltr'><strong>C</strong></span> <span class='ocrx_word' id='word_1_369' title='bbox 1672 2782 1691 2804; x_wconf 72' lang='lat'>0</span> 
     </span>
    </p>
   </div>
   <div class='ocr_carea' id='block_1_9' title="bbox 1856 1171 1905 3168">
    <p class='ocr_par' dir='ltr' id='par_1_12' title="bbox 1856 1171 1905 3168">
     <span class='ocr_line' id='line_1_50' title="bbox 1856 1171 1905 3168; baseline 0 0"><span class='ocrx_word' id='word_1_370' title='bbox 1856 1171 1905 3168; x_wconf 95' lang='lat' dir='ltr'> </span> 
     </span>
    </p>
   </div>
  </div>
 </body>
</html>
