1832 3137
438 277 722 321 LIBER
781 277 835 318 ΙΙ.
897 276 1078 320 CAP.
1140 278 1297 320 XXVI.

212 393 337 434 virtus
357 400 475 444 atque
497 404 617 444 opera
638 389 794 429 enituit.
856 388 1005 429 Consul
1027 391 1160 444 copias
1181 400 1319 431 contra
1347 389 1501 430 hostem

213 451 361 492 educit.
393 462 514 503 parvo
536 448 748 487 dirimente
769 447 975 487 intervallo
998 447 1120 487 castra
1143 450 1268 502 ponit.

269 507 405 548 XXV.
451 505 638 546 Proxima
664 505 756 544 inde
778 504 898 543 ῃοᾶε
918 505 1070 555 Volsci,
1102 506 1294 546 discordi&
1316 507 1503 547 Romana

211 565 317 614 freti,
349 565 374 603 sl
397 578 476 617 qua
496 563 697 603 noeturna
718 562 894 601 tranfitio
921 564 982 615 (1)
1008 563 1228 615 proditiove
1258 564 1343 604 fieri
1374 565 1502 617 possit,

213 631 368 662 tentant
408 621 544 661 castra.
624 620 788 660 Sensere
827 619 994 673 vigiles:
1044 621 1239 661 excitatus
1277 623 1503 666 exercstusz

212 681 319 734 {igno
340 680 432 718 dato
455 677 694 719 concursum
716 677 771 716 est
794 678 842 716 ad
864 691 986 716 arma.
1048 678 1108 717 Ita
1129 678 1273 718 frustra
1300 681 1339 719 id
1368 681 1504 733 incep-

211 747 299 777 tum
316 736 474 776 Volscis
495 735 586 775 fuit.
618 736 819 788 reliquum
841 734 973 774 noctis
995 735 1183 788 utrinque
1205 737 1329 789 quieti
1350 737 1502 776 datum.

213 795 376 836 Postero
398 794 461 834 die
483 792 612 848 prima
632 794 722 833 luce
737 791 890 841 Volsci,
912 791 1018 832 foffis
1035 793 1210 846 repletis,
1229 795 1377 833 vallum
1394 795 1505 834 inva-

210 853 324 892 dunt.
385 853 557 905 Jamque
591 851 639 890 ab
672 851 783 891 omni
815 859 926 904 parte
960 850 1211 890 munimenta
1243 851 1506 901 vellebantur,

212 924 341 963 quum
367 909 519 957 consul,
556 923 788 962 quanquam
820 908 957 948 cunCti
991 908 1187 961 undique,
1225 911 1265 949 δε
1294 909 1385 948 nexi
1414 918 1505 955 ante

211 982 369 1019 omnes,
402 977 446 1008 ut
475 967 629 1022 signum
658 967 785 1017 daret,
817 965 1054 1014 clamabant,
1089 966 1319 1019 experiendi
1352 967 1506 1006 animos

210 1026 386 1065 militum
408 1039 527 1065 causa
557 1038 773 1078 parumper
801 1033 996 1073 moratus,
1031 1023 1242 1077 postquam
1275 1024 1365 1063 satis
1387 1039 1508 1078 appa-

208 1083 322 1123 rebat
353 1083 494 1138 ingens
515 1085 647 1132 ardor,
679 1083 771 1122 dato
800 1082 963 1121 tandem
986 1082 1034 1120 ad
1062 1083 1356 1135 erumpendum
1387 1083 1509 1147 signo,

210 1141 382 1180 militem
416 1141 577 1180 avidum
612 1139 839 1180 certaminis
870 1139 1029 1178 emittit.
1101 1139 1239 1179 Primo
1273 1139 1403 1179 statim
1447 1140 1508 1179 in-

209 1199 329 1239 cursu
351 1199 449 1253 pulfi
471 1198 627 1240 hostes.
659 1196 922 1253 fugientibus,
955 1198 1087 1250 quoad
1108 1196 1261 1250 insequi
1287 1199 1407 1251 pedes
1436 1213 1508 1251 po-

210 1257 302 1305 tuit,
346 1266 455 1311 terga
489 1256 610 1296 caesa:
653 1270 775 1309 eques
812 1254 934 1307 usque
967 1255 1016 1294 ad
1052 1254 1175 1295 castra
1212 1255 1374 1308 pavidos
1411 1256 1505 1309 egit.

209 1324 304 1353 mox
339 1314 419 1367 ipsa
450 1314 588 1362 castra,
623 1312 847 1368 legionibus
879 1312 1152 1364 circumdatis,
1190 1327 1315 1365 quum
1337 1313 1506 1353 Volscos

210 1371 304 1411 inde
339 1373 459 1410 etiam
492 1385 615 1425 pavor
648 1371 867 1424 expulisset,
900 1379 1014 1423 capta
1037 1370 1282 1423 direptaque.
1344 1370 1506 1410 Postero

209 1429 275 1469 die
298 1430 347 1468 ad
368 1429 546 1469 Sueffam
569 1429 809 1478 Pometiam,
841 1425 923 1480 quo
947 1426 1212 1481 confugerant
1232 1427 1380 1477 hostes,
1410 1429 1507 1483 legi-

209 1486 359 1527 onibus
384 1486 534 1537 ductis,
571 1486 674 1525 intra
705 1499 854 1538 paucos
876 1485 959 1524 dies
981 1485 1176 1538 oppidum
1198 1485 1378 1538 capitur:
1415 1501 1507 1539 cap-

211 1553 300 1583 tum
326 1544 471 1598 praedae
492 1545 644 1583 datum.
677 1543 769 1583 inde
801 1543 982 1596 paullum
1003 1551 1204 1582 recreatus
1236 1556 1357 1596 egens
1378 1543 1505 1584 miles.

210 1601 363 1642 Consul
394 1615 488 1641 cum
520 1599 695 1640 maxima
726 1600 851 1654 gloria
872 1600 941 1639 sua
960 1599 1156 1639 victorem
1177 1600 1398 1639 exercitum
1422 1600 1508 1639 Ro-

212 1673 323 1698 mam
361 1659 530 1699 reducit,
581 1659 842 1698 decedentem
889 1657 1066 1696 Romam
1112 1657 1401 1700 Ecetranorum
1446 1661 1508 1712 (2)

211 1716 453 1757 Volscorum
490 1716 624 1770 legati,
669 1715 787 1754 rebus
823 1714 902 1754 suis
942 1715 1127 1754 timentes
1163 1714 1248 1767 post
1285 1715 1508 1755 Pometiam

209 1783 385 1828 captam,
416 1775 577 1814 adeunt.
638 1773 716 1813 His
737 1787 786 1812 ex
817 1771 1153 1812 senatusconsulto
1175 1773 1264 1812 data
1293 1786 1384 1827 pax,
1416 1787 1510 1827 ager

209 1833 438 1885 ademptus.

272 1889 430 1929 XXVI.
483 1888 707 1929 Confestim
751 1889 791 1929 ὃς
827 1887 964 1928 Sabini
1002 1888 1211 1927 Romanos
1252 1887 1508 1928 territavere:

210 1948 410 1987 tumultus
439 1949 501 2011 (J)
529 1947 637 1986 enim
659 1946 737 1985 fuit
755 1943 903 1994 verius,
935 1943 1058 1998 quam
1079 1945 1242 1985 bellum.
1303 1946 1438 1986 Nocte
1467 1947 1507 1985 in

212 2005 310 2045 urbe
344 2005 581 2045 nunciatum
612 2004 684 2054 est,
719 2004 939 2045 exercitum
961 2003 1156 2043 Sabinum
1190 2003 1506 2056 praedabundum

212 2064 264 2102 ad
296 2063 499 2102 Anienem
534 2075 694 2101 amnem
723 2062 952 2116 pervenisse.
991 2061 1044 2100 ibi
1076 2060 1211 2114 paffim
1240 2061 1357 2114 diripi
1389 2072 1508 2114 atque

212 2121 374 2160 incendi
396 2121 520 2160 villas.
582 2120 724 2159 Miffus
746 2121 947 2173 extemplo
970 2120 1019 2158 eo
1049 2133 1142 2158 cum
1165 2118 1352 2158 omnibus
1384 2119 1509 2172 copiis

211 2179 398 2231 equitum
432 2179 483 2218 A.
507 2177 754 2227 Postumius,
786 2178 854 2231 qui
877 2177 1049 2217 dictator
1069 2176 1174 2216 bello
1197 2177 1342 2215 Latino
1364 2176 1507 2216 fuerat.

214 2236 374 2276 secutus
415 2235 552 2276 consul
592 2235 784 2275 Servilius
821 2249 915 2275 cum
952 2233 1109 2273 delecta
1149 2235 1330 2287 peditum
1371 2248 1507 2273 manu.

213 2293 428 2347 Plerosque
467 2294 646 2350 palantes
687 2307 809 2346 eques
846 2291 1122 2334 circumvenit.
1169 2306 1242 2332 nec
1284 2292 1509 2331 advenienti

214 2352 396 2404 peditum
416 2351 566 2406 agmini
586 2351 727 2391 restitit
747 2350 894 2391 Sabina
914 2350 1030 2405 legio.
1091 2350 1204 2398 Feffi,
1237 2360 1323 2389 tum
1351 2350 1509 2399 itinere,

214 2419 303 2448 tum
330 2409 588 2462 populatione
616 2407 830 2458 nocturna,
866 2422 1011 2463 magna
1042 2421 1132 2461 pars
1166 2407 1205 2446 in
1236 2407 1338 2446 villis
1369 2406 1510 2460 repleti

214 2466 305 2507 cibo
325 2466 517 2521 vinoque,
547 2467 613 2506 vix
643 2467 752 2522 fugoe
773 2467 882 2521 quod
914 2466 1004 2508 satis
1025 2466 1117 2505 effet
1144 2465 1289 2513 virium
1320 2463 1507 2504 habuere.

263 2602 298 2632 C.
317 2610 369 2640 25.
395 2601 450 2641 (1)
469 2601 608 2644 ‘Tratfitio
627 2602 658 2631 &
683 2603 800 2645 trasre
821 2599 932 2642 paffim
949 2601 987 2631 de
1003 2599 1174 2642 transfugis
1200 2599 1407 2641 usurpantur.
1453 2598 1509 2640 (2)

219 2645 331 2677 Graece
348 2646 499 2679 scribitur
516 2647 576 2677 hoc
594 2657 722 2682 nomen,
748 2657 805 2687 per
822 2645 1059 2687 aspirationem,
1081 2646 1250 2688 ’νοιΕχετξα

262 2692 298 2722 C.
324 2690 374 2722 26.
406 2691 460 2732 (1)
485 2689 548 2722 Hic
573 2693 701 2721 tumultus
726 2691 827 2721 levius
855 2690 897 2721 est
921 2701 1018 2730 quam
1041 2690 1169 2720 bellum.
1197 2697 1229 2720 at
1254 2691 1365 2720 contra
1390 2686 1444 2718 ubi
1468 2687 1506 2716 de

212 2738 310 2777 Galli
307 2749 327 2768 o
342 2738 458 2769 tumultu
474 2735 590 2780 agitur,
613 2743 667 2769 aut
685 2737 832 2772 decretus
849 2736 1006 2769 tumultus
1022 2734 1150 2772 dicitur.
1174 2733 1237 2767 vid
1260 2734 1343 2768 infra
1360 2733 1378 2763 1.
1395 2741 1422 2769 7
1441 2742 1466 2761 c
1479 2741 1507 2771 9

1372 2792 1506 2839 Non

1642 296 1718 337 117

1530 1163 1570 1194 V
1560 1165 1609 1195 ῑὲ7ἱ
1626 1164 1658 1194 V
1654 1164 1714 1204 olsigi
1718 1186 1724 1194 Κ,

1532 1913 1669 1944 ‘Tumuallu

1528 1959 1648 1990 Sabaioi.
