1853 3158
431 288 715 333 LIBER
775 288 831 330 V.
890 288 1072 331 CAP.
1133 289 1229 329 XII.

182 414 341 460 creptam
362 407 439 462 ff,
476 421 542 447 non
555 417 704 459 poenam
745 406 948 459 irrogatam
963 427 977 451 ‚-
1010 406 1140 458 quippe
1159 413 1193 443 et
1215 403 1354 456 collegis
1374 403 1477 442 abro-

179 473 311 516 gatum
343 466 550 517 imperium,
585 465 650 516 qui
680 461 778 502 cert&
805 463 903 501 nihil
932 462 1165 517 deliqug'ffi‘nt.
1227 461 1312 499 Illos
1346 469 1479 513 repete-

186 530 265 559 rent
297 523 435 560 animos
457 520 649 575 Quirites,
680 535 766 573 quos
798 521 934 558 recenti
966 519 1066 558 clade
1092 519 1240 571 accepta*
1269 517 1480 573 habugffent,

184 593 297 630 quum
342 579 419 631 ugd
438 578 636 630 trepidum,
654 578 805 630 plenum
823 577 1020 616 vulnerum
1041 592 1084 615 ac
1114 578 1205 629 (12)
1228 586 1369 628 pavore
1389 577 1482 614 inci-

184 635 324 674 dentem
336 637 455 688 portis
468 636 666 675 exercitum
687 635 866 682 viderint,
888 648 956 673 non
957 633 1160 690 fortunam
1178 641 1244 671 azct
1265 647 1481 685 quemquam

185 692 366 740 Deorum,
385 692 456 746 sed
491 692 553 731 hos
586 692 692 732 duces
725 692 962 745 accusantem.
1025 691 1105 729 Pro
1134 698 1229 728 certo
1254 691 1298 743 se
1337 689 1483 740 habere,

185 751 360 788 neminem
398 751 438 788 in
472 751 630 789 concione
647 750 770 804 stare,
800 749 865 802 qui
891 748 950 787 illo
970 747 1027 786 die
1057 750 1148 800 (13)
1180 761 1248 785 non
1278 756 1402 798 caput,
1423 746 1484 785 do-

185 822 300 854 mum,
316 807 564 862 fortunasque
584 808 636 846 L.
673 807 711 845 V
709 808 840 860 irginii
873 821 916 844 ac
938 805 1020 844 M’.
1047 805 1166 857 Sergii
1189 802 1246 857 stt
1280 804 1484 856 exsecratus

184 864 448 918 detestatusque.
510 862 683 904 lminime
703 864 910 912 convenire,
930 863 1060 916 quibus
1085 863 1199 900 iratos
1218 860 1364 913 qztg'sque
1384 859 1485 899 Deos

178 921 421 975 precataesstt,
452 923 491 961 in
507 923 553 960 iis
570 923 649 975 sua?¹
672 921 854 976 potestate,
885 935 998 974 quum
1018 919 1124 958 liceat
1148 918 1199 959 ξεν*
1213 925 1385 970 oporteat,
1416 931 1484 955 non

186 980 254 1016 uti.
318 979 525 1032 Nunquam
547 979 646 1017 Deos
665 979 751 1032 ipsos
771 979 964 1017 admovere
997 975 1201 1017 nocentibus
1223 989 1367 1013 manus.
1385 974 1486 1028 satis

183 1036 258 1090 ff,
274 1034 317 1088 st
333 1035 499 1089 occasione
514 1037 703 1090 ulciscendi
721 1037 813 1089 laesos
831 1043 991 1074 arment.

1618 301 1639 339 ku

1650 300 1667 339 Q

1678 300 1696 341 1⁴!

1583 956 1618 1027 ’ψ

243 1092 338 1131 XII.
371 1093 449 1133 His
471 1093 718 1133 orationibus
741 1093 903 1132 incitata
925 1091 1037 1146 plebs
1059 1090 1172 1131 denis
1198 1088 1375 1130 millibus
1397 1088 1485 1129 aeris
1505 1098 1652 1128 Damnati.

184 1148 315 1202 gravis
342 1164 431 1190 reos
464 1151 725 1201 condemnat,
756 1151 1030 1203 nequicquam
1060 1148 1200 1202 Sergio
1223 1150 1285 1201 (1)
1307 1148 1486 1186 Martem

186 1220 446 1247 communem
467 1207 561 1247 belli
582 1207 870 1260 fortunamque
887 1206 1114 1254 accusante,
1136 1204 1325 1258 Virginio
1348 1205 1489 1258 depre-

187 1274 317 1313 cante,
349 1279 399 1304 ne
433 1264 632 1305 infelicior
665 1265 791 1313 domi,
824 1263 948 1317 quam
982 1263 1150 1310 militiae,
1182 1262 1287 1301 effet.
1334 1262 1382 1300 In
1413 1261 1489 1300 hos

187 1321 296 1361 versa
316 1322 373 1361 ira
392 1322 531 1375 populi
548 1321 815 1376 cooptationis
836 1321 1094 1361 tribunorum
1115 1318 1362 1371 fraudisque,
1393 1332 1491 1357 con-

189 1388 248 1417 tra
280 1380 411 1433 legem
442 1379 690 1418 Treboniam
721 1379 857 1429 fafihe,
889 1378 1126 1417 memoriam
1147 1376 1356 1416 obscuram
1378 1375 1487 1414 fecit.

192 1435 382 1476 Vffilores
403 1435 573 1488 tribuni,
605 1446 650 1475 ut
685 1436 921 1489 praesentem
944 1435 1172 1474 mercedem
1190 1433 1333 1488 judicii
1354 1431 1490 1486 plebes

189 1491 368 1541 haberet,
400 1494 531 1546 legem
564 1494 761 1547 agrariam
787 1493 1062 1546 promulgant,
1094 1490 1373 1543 tributumque
1396 1503 1491 1529 cona

191 1548 285 1588 ferri
303 1549 517 1603 prohibent
534 1569 543 1593 ς
566 1565 694 1603 quum
711 1560 770 1589 tot
787 1550 1028 1588 exercitibus
1050 1547 1247 1601 stipendio
1261 1561 1363 1601 opus
1383 1547 1493 1595 esset,

191 1606 331 1659 resque
359 1607 510 1646 militiae
540 1610 599 1660 (2)
617 1608 671 1646 ita
702 1607 887 1660 prospere
910 1614 1161 1659 gererentur,
1194 1615 1238 1644 ut
1259 1605 1371 1644 nullo
1386 1603 1493 1643 bello

190 1665 394 1703 veniretur
415 1665 463 1703 ad
479 1664 632 1703 exitum
655 1664 748 1717 spei.
764 1677 940 1715 namque
955 1662 1072 1716 Vejis
1094 1661 1233 1710 castra,
1256 1676 1345 1714 quae
1361 1660 1494 1700 amiffa
1512 1663 1620 1693 Bel-'um
1633 1664 1701 1692 mu?e

190 1730 319 1771 erant,
352 1730 584 1774 recuperata
605 1721 773 1760 castellis
787 1719 1053 1772 praefidiisque
1075 1717 1302 1758 firmantur.
1362 1718 1496 1759 Praee-

192 1788 281 1816 rant
302 1777 453 1817 tribuni
466 1778 641 1816 militum
659 1777 734 1817 M’.
748 1776 941 1816 AEmilius
961 1778 1001 1816 ὅτ
1019 1775 1072 1815 K.
1087 1775 1248 1815 Fabius.
1291 1776 1353 1815 M.
1372 1776 1496 1815 Furio

193 1835 233 1872 in
252 1834 427 1883 Faliscis,
451 1838 491 1876 32
510 1835 588 1875 Cn.
613 1833 803 1874 Cornelio
824 1834 865 1872 in
887 1834 1093 1887 Capenate
1123 1847 1218 1886 agro
1240 1832 1372 1872 hostes
1394 1834 1497 1872 nulli

194 1902 303 1931 extra
325 1891 477 1931 moenia
494 1892 644 1931 inventi
662 1907 670 1931 :
701 1892 846 1945 praedae
868 1890 986 1940 adhe,
1018 1889 1292 1943 incendiisque
1309 1891 1497 1930 villarum

196 1963 239 1988 ac
255 1948 419 2004 frugum
436 1948 574 1990 vastati
588 1948 689 1989 fines
705 1964 714 1989 :
747 1952 808 2003 (3)
830 1948 976 2002 oppida
993 1958 1241 2003 oppugnata,
1264 1961 1338 1988 nec
1351 1947 1498 1987 obsessa

1390 2004 1494 2045 sunt.

199 2136 228 2164 3.
252 2125 291 2156 ad
316 2135 341 2155 c.
367 2134 382 2164 3
388 2134 419 2164 5.
445 2123 465 2155 l.
493 2133 524 2156 2.
571 2124 647 2165 (12)
673 2124 781 2165 Magis
798 2123 939 2164 placeret
951 2124 1093 2165 pavor1‘s;
1112 2122 1187 2154 licet
1204 2122 1324 2154 constet
1350 2121 1383 2153 δε
1409 2121 1499 2154 Livi-

200 2180 254 2199 um
270 2177 409 2210 utroque
423 2170 521 2200 modo
538 2170 571 2199 τό
589 2172 687 2211 plenus
714 2169 907 2204 construere,
930 2169 961 2198 &
979 2168 1060 2209 saepe
1077 2167 1233 2198 orationis
1244 2168 1407 2198 variandae
1424 2178 1500 2198 cau-

199 2212 230 2242 sa
248 2213 303 2243 uni
331 2213 404 2244 voci
423 2215 502 2245 duas
518 2213 667 2254 pluresve
692 2213 769 2244 alias
796 2212 924 2243 diversa
950 2212 1189 2243 construetione
1214 2212 1346 2243 addere.
1392 2212 1499 2242 Potest

198 2256 295 2287 etiarn
305 2265 416 2298 pavore
431 2258 544 2289 referri
561 2259 602 2288 ad
631 2259 664 2288 τὰ
680 2260 834 2287 incidentem
856 2260 949 2298 portis
960 2273 970 2292 ‚·
997 2257 1273 2296 quemadmodum
1286 2255 1372 2287 infri
1393 2256 1416 2288 l.
1443 2265 1500 2295 27.

197 2311 223 2330 c.
252 2311 299 2339 13.
322 2314 380 2332 cum
402 2309 477 2332 tanto
487 2311 598 2344 pavore
613 2303 789 2332 incidentibus
805 2302 881 2332 vobis
905 2304 933 2331 in
957 2303 1065 2331 vallum
1077 2303 1237 2342 portasque.
1285 2301 1437 2332 Ceterum
1453 2301 1500 2332 10⁶

197 2345 286 2375 cutio
301 2349 417 2376 incidere
425 2350 529 2387 portis,
550 2347 643 2389 castris
669 2347 727 2376 Sec.
752 2347 840 2387 apud
852 2345 985 2376 Livium
1001 2348 1152 2386 frequens
1165 2345 1220 2376 est.
1237 2353 1274 2376 ut
1297 2346 1394 2386 supra
1418 2345 1441 2375 l.
1469 2354 1498 2376 2.

198 2400 228 2418 c.
254 2389 308 2427 65.
332 2389 355 2420 l.
372 2399 400 2429 3.
423 2401 449 2421 c.
464 2400 493 2429 3.
537 2391 614 2431 (13)
638 2390 696 2421 Illo
708 2401 824 2431 nempe
841 2390 893 2421 die
910 2401 976 2431 quo
992 2390 1170 2421 exercitum
1184 2389 1383 2421 incidentem
1396 2389 1500 2430 portis

196 2433 347 2464 viderint.

246 2479 284 2508 C.
306 2488 358 2508 12.
376 2478 431 2520 (1)
448 2479 543 2509 Mars
559 2481 702 2509 communis
726 2479 789 2509 belli
812 2478 889 2509 alibi
907 2478 989 2519 saepe
1005 2486 1214 2510 memoratur.
1260 2478 1310 2509 Sic
1327 2478 1412 2509 infra
1436 2479 1456 2509 l.
1472 2488 1500 2517 7.

197 2533 223 2552 c.
239 2522 267 2553 8.
298 2523 317 2552 l.
336 2522 363 2553 8.
390 2534 415 2554 c.
435 2532 472 2553 11
499 2524 530 2553 δε
555 2532 606 2562 23.
651 2526 763 2563 Atque
790 2523 836 2554 ita
865 2523 931 2554 Cic.
956 2523 976 2552 l.
1005 2532 1037 2562 3.
1054 2524 1094 2554 de
1111 2525 1201 2554 Orat.
1232 2534 1258 2554 c.
1276 2533 1328 2561 42.
1353 2525 1384 2554 δε
1412 2523 1499 2554 alffii.

196 2566 252 2607 (2)
276 2567 402 2607 Resque
415 2566 538 2598 militiae
549 2566 703 2609 prospere
719 2566 851 2607 quidem
867 2568 929 2598 hoc
946 2578 1033 2598 anno
1049 2576 1250 2609 gererentur,
1269 2567 1377 2599 sedita
1388 2576 1497 2599 tamen

197 2618 234 2641 ut
257 2611 383 2642 nullum
407 2611 529 2643 bellum
555 2611 786 2642 terminaretur
803 2611 929 2652 sperata
945 2611 1091 2642 victoria.
1139 2613 1194 2652 (3)
1218 2612 1359 2653 Oppida,
1383 2613 1497 2643 Falerii

201 2656 232 2685 δι
250 2657 392 2696 Capena,
406 2664 594 2697 oppugnata
612 2656 743 2696 quidem
754 2667 772 2686 a
788 2656 925 2687 ducibus
947 2656 1113 2693 Romanis,
1128 2656 1330 2687 tentantibus
1343 2656 1365 2687 fi
1382 2667 1419 2687 ea
1432 2657 1500 2697 pri==

198 2710 252 2729 mo
279 2700 403 2741 impetu
429 2710 614 2742 expugnare
642 2699 788 2741 poffent3
812 2711 871 2731 nec
888 2708 1007 2737 tamen,
1029 2701 1161 2741 quando
1189 2701 1271 2732 illud
1288 2702 1404 2731 frustra
1425 2700 1499 2735 fuit,

197 2743 316 2775 obseffa
332 2745 414 2776 sunt.
461 2745 611 2785 Plerique
629 2744 705 2777 editi
731 2744 800 2785 post
817 2745 941 2775 Aldum
953 2745 1072 2777 habent
1085 2747 1184 2787 oppida
1202 2759 1246 2775 nec
1263 2753 1429 2787 oppugnata,
1452 2756 1498 2773 nec

768 2791 798 2819 A
817 2799 832 2819 a
853 2799 867 2821 2
1405 2788 1499 2830 olsffa

1511 1709 1598 1749 tiplex
