1905 3168
159 273 204 309 14

148 789 244 819 Remus
261 789 327 817 occi-

145 837 228 864 ditur.

148 1075 250 1103 Roma
274 1083 349 1103 con-

147 1118 214 1149 dita
227 1117 266 1147 ol.
281 1116 334 1147 vii.

154 1173 180 1193 x„
207 1172 234 1193 z.
259 1165 299 1193 A.
314 1163 349 1194 C.

148 1217 218 1246 751·

149 1528 272 1557 [ferculis
299 1529 348 1556 ad-

142 1575 273 1602 51,271l54.1⁴15!1’
286 1574 347 1602 La·

149 1622 221 1648 ilum.

827 256 880 296 T.
939 255 1194 297 L1V11

367 379 441 409 ret.
502 366 698 409 Palatium
720 369 782 421 (3)
812 366 1031 417 Romulus,
1061 366 1218 407 Remus
1240 366 1489 407 Aventinum
1522 365 1572 406 ad
1593 367 1653 406 in-

368 427 646 481 augurandum
668 427 729 479 (4)
749 425 897 478 templa
919 424 1094 478 capiunt.
1135 424 1263 465 Priori
1284 423 1417 464 Remo
1439 424 1654 479 augurium

366 484 508 524 veniffe
544 483 686 533 fertur,
716 481 780 521 sex
801 482 1003 522 vultures:
1029 482 1210 537 jamque,
1240 482 1432 521 nunciato
1472 482 1656 536 augurio,

366 556 492 595 quum
513 541 659 595 duplex
690 553 883 580 numerus
904 539 1083 580 Romulo
1105 539 1141 578 se
1170 539 1406 587 ostendisset,
1437 549 1656 592 utrumque

364 612 502 653 regem
523 598 590 639 sua
604 598 820 638 multitudo
842 597 1167 638 consalutaverat.
1190 606 1371 651 tempore
1394 596 1448 636 illi
1472 599 1534 652 (5)
1556 611 1656 650 prae-

367 666 498 710 cepto,
529 666 569 696 at
601 656 643 696 hi
674 669 842 696 numero
875 655 1023 706 avium,
1054 668 1224 709 regnum
1257 653 1480 694 trahebant.
1541 655 1656 704 Inde,

365 729 459 754 cum
482 714 736 754 altercatione
770 713 977 768 congreffi,
1008 713 1224 753 certamine
1246 713 1395 751 irarum
1431 712 1481 750 ad
1503 713 1656 752 caedem

365 782 589 812 vertuntur.
613 772 667 811 ibi
689 772 729 811 in
766 770 881 810 turba
906 770 1010 810 icius
1034 771 1190 810 Remus
1223 769 1379 810 cecidit.
1439 769 1656 824 Vulgatior

366 829 472 870 fama
493 830 564 878 est,
596 829 767 870 ludibrio
789 828 922 868 fratris
944 828 1123 868 Remum
1156 841 1281 867 novos
1316 827 1544 866 tranfiluiffe
1566 841 1655 866 mu-

365 902 455 928 ros:
486 888 578 928 inde
600 887 647 928 ab
670 888 768 927 irato
802 887 981 926 Romulo
1003 888 1147 940 (quum
1180 884 1308 925 verbis
1330 898 1492 938 quoque
1528 884 1657 924 incre-

366 946 497 998 pitans
531 945 745 1001 adjecisset,
778 944 837 984 Sic
868 944 1006 993 deinde,
1037 945 1239 998 quicunque
1257 943 1353 983 alius
1373 940 1550 996 trarfiliet
1570 957 1656 981 moe-

367 1006 428 1043 nia
446 1006 540 1058 mea)
562 1002 834 1043 interfecium.

423 1061 520 1100 VII.
580 1061 640 1101 Ita
662 1061 765 1100 solus
787 1059 936 1113 potitus
958 1058 1126 1113 imperio
1149 1058 1379 1106 Romulum
1411 1057 1572 1097 condita
1593 1059 1656 1111 (1)

368 1118 462 1158 urbs
483 1119 700 1159 conditoris
721 1119 883 1158 nomine
905 1119 1111 1171 appellata.
1173 1116 1371 1157 Palatium
1391 1116 1585 1169 primum,
1615 1116 1659 1154 in

368 1191 449 1229 quo
485 1176 564 1230 ipse
597 1186 680 1216 erat
707 1177 916 1225 educatus,
946 1175 1118 1214 muniit:
1149 1174 1256 1214 sacra
1276 1173 1367 1213 Diis
1389 1173 1474 1213 aliis
1496 1172 1657 1212 Albano

367 1235 474 1282 ritu;
508 1234 672 1282 Graeco,
704 1233 893 1282 Herculi,
925 1243 969 1272 ut
1005 1233 1053 1272 ab
1093 1233 1279 1272 Evandro
1315 1230 1493 1270 instituta
1527 1239 1657 1280 erant,

367 1291 475 1331 facit.
536 1292 759 1331 Herculem
781 1293 842 1345 (2)
863 1291 904 1330 in
920 1305 965 1330 ea
980 1291 1081 1340 loca,
1099 1290 1290 1344 Geryone
1308 1288 1564 1341 interempto,
1584 1287 1657 1328 bo-

366 1362 433 1388 ves
468 1348 568 1389 mira
601 1349 730 1401 specie
766 1348 932 1402 abegifle
966 1356 1218 1395 memorant;
1250 1361 1295 1387 ac
1317 1360 1440 1400 prope
1472 1345 1656 1386 Tiberim

366 1405 549 1455 fluvium,
581 1407 661 1459 qua
687 1420 770 1459 prae
801 1405 839 1444 se
861 1414 1088 1445 armentum
1123 1418 1245 1458 agens
1266 1404 1399 1443 nando
1432 1404 1659 1458 trajecerat,

365 1465 455 1503 loco
476 1463 660 1514 herbido,
693 1472 737 1503 ut
759 1463 891 1516 quiete
911 1466 951 1504 &
973 1460 1120 1516 pabulo
1141 1463 1232 1501 laeto
1256 1460 1438 1500 reficeret
1456 1460 1592 1508 boves,
1616 1464 1659 1501 δε

367 1521 495 1575 ipsum
531 1521 673 1561 fessum
707 1521 769 1561 via
802 1519 1063 1574 procubuifse.
1096 1518 1150 1558 ibi
1172 1533 1299 1572 quum
1320 1532 1415 1558 eum
1435 1517 1524 1558 cibo
1544 1518 1659 1558 vino-

366 1593 444 1632 que
465 1589 672 1634 gravatum
695 1578 810 1631 sopor
831 1577 1086 1632 oppreffiffet‚
1117 1576 1262 1630 pastor,
1289 1576 1424 1616 accola
1440 1577 1527 1631 ejus
1562 1576 1659 1626 loci,

365 1637 528 1677 nomine
550 1636 697 1688 Cacus,
720 1637 831 1676 ferox
853 1635 1018 1684 viribus,
1039 1644 1180 1688 captus
1200 1633 1499 1688 pulchritudine
1515 1633 1656 1684 boum,
1698 1679 1700 1681 ¹

365 1709 491 1748 quum
514 1705 688 1735 avertere
717 1708 805 1733 eam
827 1694 1003 1746 praedam
1023 1693 1168 1740 vellet3
1201 1692 1310 1744 quia,
1343 1692 1368 1730 s1
1404 1692 1560 1746 agendo
1594 1706 1657 1730 ar-

365 1762 550 1792 mentum
572 1752 612 1792 in
635 1752 862 1806 speluncam
884 1750 1149 1804 compuliffet,
1180 1749 1261 1803 ipsa
1281 1748 1443 1803 vestigia
1475 1762 1658 1802 quaeren-

365 1821 445 1850 tem
478 1810 689 1850 dominum
721 1806 771 1849 eo
805 1805 1028 1855 dedii&ura
1061 1816 1200 1855 erant3
1233 1806 1386 1847 aversos
1406 1806 1542 1855 boves,
1573 1807 1657 1846 exi-

363 1870 490 1907 mium
508 1881 709 1921 quemque
726 1865 1041 1920 pulchritudine,
1062 1865 1200 1906 caudis
1217 1865 1257 1904 in
1274 1864 1503 1919 speluncam
1521 1865 1655 1904 traxit.

362 1927 578 1976 Hercules,
619 1927 668 1965 ad
699 1925 870 1978 primam
911 1938 1095 1963 auroram
1136 1922 1276 1962 somno
1315 1922 1485 1972 excitus,
1528 1936 1657 1975 quum

362 1998 526 2038 gregem
566 1982 829 2037 perlustraffet
868 1982 1010 2030 oculis,
1058 1984 1099 2022 δε
1134 1990 1288 2034 partem
1329 1979 1452 2019 abeffe
1486 1994 1656 2019 numero

363 2041 544 2093 senlifl'et,
574 2041 704 2096 pergit
719 2041 768 2081 ad
788 2039 1011 2094 proximam
1029 2038 1272 2093 speluncam,
1303 2038 1328 2078 fi
1345 2035 1448 2078 forte
1470 2035 1520 2078 eo
1541 2037 1658 2078 vesti-

1591 2110 1656 2150 gia

363 2228 430 2248 non
440 2227 519 2248 voce
530 2223 643 2259 regeret,
666 2215 718 2247 sed
730 2226 809 2246 voce
816 2217 963 2257 principio.
1008 2215 1063 2255 (3)
1087 2215 1162 2245 Non
1175 2214 1349 2249 Palatinum,
1367 2219 1403 2244 ut
1425 2212 1558 2253 quidam
1569 2211 1657 2242 codi-

362 2273 414 2293 ces
444 2262 573 2293 habent.
621 2263 785 2292 Palatinum
801 2271 878 2297 non,
894 2259 1027 2302 perinde
1044 2270 1079 2290 ac
1097 2262 1278 2295 Aventinum,
1301 2257 1492 2289 substantive
1509 2257 1655 2298 ponitur.

363 2309 411 2338 Ex
428 2309 541 2337 Palatio
560 2308 720 2343 Palatinus,
735 2316 773 2337 ex
789 2308 928 2336 Aventino
943 2305 1142 2347 Aventinergfis,
1167 2311 1239 2334 orta
1256 2303 1327 2333 sunt
1344 2303 1481 2333 nomina.
1529 2303 1583 2343 (4)
1607 2301 1656 2332 Sic

363 2351 449 2383 infra
459 2352 478 2382 l.
491 2361 517 2391 3.
530 2362 555 2382 c.
569 2361 618 2383 20.
630 2354 790 2393 auguresju
811 2352 969 2380 :t....l0cum
981 2348 1175 2390 inaugurari.
1210 2348 1352 2389 Templum
1363 2348 1480 2378 dicitur
1491 2347 1590 2383 locus,
1601 2353 1657 2377 aut

364 2396 433 2427 eceli
457 2406 511 2427 aut
530 2405 633 2432 terrae,
655 2395 846 2436 quibusdam
858 2394 1018 2435 conceptis
1029 2393 1135 2424 verbis
1159 2392 1283 2434 augurii
1299 2391 1391 2424 causa
1407 2391 1522 2422 finitus.
1569 2390 1656 2422 Hinc

364 2441 501 2472 verbum
523 2443 707 2482 contemplari.
753 2440 807 2481 (5)
829 2439 896 2470 Alii
912 2441 953 2470 ad
969 2441 1107 2469 Remum
1128 2449 1262 2480 regnum
1277 2437 1459 2473 trahebant,
1474 2437 1563 2476 quod
1579 2444 1657 2466 tem-

366 2497 446 2527 pore
467 2486 556 2527 prius
568 2485 642 2517 effet
655 2486 720 2526 ejus
734 2484 920 2527 augurium:
946 2483 1000 2515 alii
1019 2484 1059 2515 ad
1072 2483 1258 2521 Romulum,
1280 2483 1368 2523 quud
1378 2482 1532 2522 majorem
1546 2491 1658 2512 uume-

366 2542 440 2561 rum
450 2532 557 2562 avium
574 2531 627 2562 ille
643 2530 776 2561 vidifl'et.

413 2594 478 2632 C.7.
491 2594 544 2636 (1)
557 2596 660 2624 Roma
673 2593 811 2629 condita,
821 2604 859 2624 ex
870 2592 1001 2624 Catonis
1014 2590 1168 2624 sententia
1179 2590 1252 2633 ipsis
1263 2590 1425 2627 Palilibus,
1435 2589 1473 2619 xi.
1490 2589 1560 2620 Kal.
1573 2587 1657 2619 Maii

368 2650 441 2670 ann.
465 2649 491 2669 1.
513 2639 642 2681 Olymp.
658 2638 711 2669 vii.
732 2641 772 2669 A.
798 2640 833 2669 C.
852 2647 867 2676 7
872 2648 923 2677 51.
939 2646 970 2668 at
995 2648 1032 2668 ex
1053 2636 1210 2668 Varronis
1228 2635 1391 2671 sententia,
1414 2645 1486 2665 ann.
1511 2644 1537 2672 3.
1550 2633 1599 2665 Ol.
1616 2633 1657 2663 vi.

367 2688 408 2715 A.
422 2685 457 2715 C.
473 2693 488 2722 7
493 2694 510 2723 5
517 2693 543 2723 3.
557 2683 686 2714 Livium
699 2684 910 2715 Catonianam
922 2693 1018 2713 :eram
1029 2682 1171 2713 secutum
1188 2680 1277 2712 fuisse
1289 2680 1426 2722 probare
1437 2679 1551 2710 nititur
1567 2678 1657 2709 Dod=

368 2729 486 2760 wellus.
530 2729 585 2772 (2)
609 2729 684 2760 Non
709 2729 771 2761 sine
797 2728 890 2761 causa
914 2728 1044 2759 Livium
1072 2726 1214 2768 inculpat
1249 2726 1434 2761 Glareanus]
1466 2732 1589 2754 tultam
1616 2723 1659 2775 de

1605 2776 1659 2797 ara
