1853 3158
375 292 658 338 LIBER
717 292 792 333 VI.
854 292 1034 334 CAP.
1096 292 1232 336 XVII.

160 411 361 454 libertatem
391 427 435 450 ac
462 410 574 448 lucem
600 408 862 457 extrahentem,
885 409 1072 462 proditum
1107 410 1277 449 inimicis.
1340 408 1446 462 Sagi-

162 484 253 509 nme
278 470 412 522 plebem
435 467 627 520 populares
649 467 750 520 suos,
783 475 823 505 ut
829 467 1068 520 jugulentur.
1131 467 1289 506 Haecine
1301 468 1448 519 patien-

160 527 323 582 dmnfui
348 542 377 574 e,
391 524 433 578 fi
450 524 502 563 ad
523 532 653 563 nutum
674 523 844 562 difflato}
818 539 862 562 ts
879 539 945 562 non
968 524 1186 578 responderet
1206 526 1269 564 vir
1290 524 1448 578 confida-

160 587 236 623 ris.
232 588 250 614 9
299 583 498 635 Fingerent
518 583 708 620 mentitum
723 578 827 630 ante,
857 589 965 633 atque
985 581 1057 619 ideo
1078 597 1145 620 non
1161 582 1327 637 habusffi’,
1357 581 1452 635 quod

158 650 239 680 tum
272 640 443 695 responde)
446 648 516 678 et
548 640 607 678 cui
621 639 733 693 servo
753 652 915 690 unquam
937 639 1114 677 mendacii
1126 649 1273 691 poenam
1296 639 1447 678 vincula

145 699 281 767 suff
278 701 295 727 ²
357 697 442 735 Non
464 699 524 750 (1)
545 696 765 751 obversatam
786 696 847 760 effi
871 710 1004 733 111111101
1005 711 1079 733 111111
1096 697 1207 735 nonis
1228 697 1342 744 illius,
1373 712 1450 750 quae

150 753 248 809 pene
265 755 394 794 ultima
414 763 522 807 atque
542 763 626 793 cete}
628 769 675 792 na
697 754 833 792 nomini
856 752 1121 808 Romanofueff
1123 754 1173 790 it.
1170 756 1187 781 9
1220 769 1288 792 non
1291 754 1454 806 spectem

157 813 317 866 agminis
335 811 466 851 Gallm
455 827 543 860 11111,
558 822 628 864 per
645 810 845 863 Tarpeiam
863 820 987 862 rupem
991 809 1225 864 fia77dentzs
1221 814 1239 840 9
1263 826 1329 849 non
1344 810 1407 864 zps
1407 827 1449 850 us

157 869 229 910 M.
259 869 426 934 Manlii,
457 869 598 922 qualem
634 884 714 907 eum
743 876 949 918 armatum,
973 868 1125 920 plenum
1132 867 1285 921 sudorzs
1307 869 1449 922 acsem-

156 928 297 981 guinis,
329 927 396 980 ipso
411 925 505 979 pene
536 926 636 983 Jove
656 934 771 977 erepto
791 941 833 964 ex
854 925 1001 980 hostium
1033 925 1213 974 manibus,
1245 925 1434 980 vidiſjent.
1430 930 1449 954 9

157 988 220 1038 (2)
208 984 424 1038 Selzbrzsne
420 984 554 1039 farrzs
563 984 729 1037 gruttam
732 983 923 1036 servatorz
930 984 1064 1035 patriae
1080 983 1263 1021 relatam?
1283 983 1334 1024 {⁶2⁴
1345 998 1449 1036 quem

149 1039 266 1095 prope
287 1042 367 1080 coel
352 1041 511 1095 stem
499 1043 561 1094 (3)
596 1042 797 1094 cognomine
827 1038 924 1079 certe
958 1040 1064 1092 Capit
1055 1040 1158 1079 olino
1191 1041 1289 1105 Jovi
1301 1051 1378 1093 pm
1379 1057 1449 1089 em,

141 1099 322 1155 jecerint,
354 1113 434 1137 eum
456 1101 540 1151 pati
570 1100 736 1137 vinetum
759 1099 797 1136 in
817 1114 871 1137 ca}
874 1113 974 1147 cere,
1006 1099 1045 1136 in
1065 1098 1234 1146 tenebtis,
1265 1098 1448 1137 obnoxiam

154 1155 342 1210 carnificis
356 1156 492 1194 arbim
479 1172 509 1195 zo
524 1156 635 1195 dmea
636 1171 652 1194 e
672 1157 856 1194 animam
852 1159 870 1185 9
931 1153 1034 1194 Adeo
1064 1156 1102 1193 in
1125 1170 1192 1194 uno
1212 1156 1449 1210 omnibussa-

155 1215 204 1253 tis
231 1213 441 1269 auxiliifiti
468 1230 501 1263 e,
533 1213 672 1252 nullam
700 1223 796 1265 opem
817 1215 856 1251 in
875 1221 951 1251 tam
973 1213 1098 1251 multis
1119 1214 1184 1251 uni
1203 1213 1281 1268 ff.
1278 1216 1296 1242 2
1355 1213 1448 1265 Jam

154 1284 205 1311 ne
227 1271 347 1310 ηοξὶε
368 1271 531 1326 quidem
553 1270 669 1310 turba
700 1284 747 1309 ex
779 1283 828 1309 eo
850 1271 939 1309 loco
960 1269 1221 1318 dilabebatur,
1253 1269 1451 1310 refraCttr-

154 1328 297 1382 rosque
315 1342 514 1367 carcerem
536 1326 814 1367 minabantur:
846 1342 972 1381 quum
995 1331 1055 1382 (4)
1077 1327 1247 1377 remisso,
1280 1328 1320 1367 id
1341 1329 1450 1381 quod

156 1386 332 1439 erepturi
363 1395 492 1434 erant,
524 1399 571 1424 ex
608 1384 944 1424 senatusconsulto
967 1385 1145 1424 Manlius
1165 1386 1333 1425 vinculis
1354 1386 1451 1425 libe-

157 1452 280 1482 ratur.
324 1457 405 1495 quo
446 1442 556 1482 suffixo
593 1457 675 1481 non
711 1442 849 1481 seditio
883 1442 1012 1492 finita,
1053 1443 1119 1481 sed
1155 1444 1235 1483 dux
1270 1443 1451 1484 seditioni

158 1501 274 1540 datus
311 1500 378 1539 est.
442 1501 518 1540 Per
553 1499 711 1539 eosdem
749 1500 832 1539 dies
854 1500 1007 1539 Latinis
1040 1502 1077 1540 &
1101 1500 1304 1548 Hernicis,
1338 1502 1451 1541 fimul

157 1557 310 1597 colonis
346 1556 640 1612 Circejenfibus
681 1559 717 1598 ὅ(
759 1559 818 1610 (5)
853 1572 874 1596 a
895 1558 1080 1607 Velitris,
1112 1557 1375 1612 purgantibus
1413 1559 1451 1599 se

157 1614 295 1654 Volsci
332 1615 498 1654 crimine
538 1614 645 1662 belli,
678 1614 932 1667 captivosque
970 1614 1257 1668 repetentibus,
1294 1625 1337 1654 ut
1373 1615 1453 1657 suis

155 1671 309 1726 legibus
331 1672 372 1710 in
403 1685 469 1711 eos
502 1672 877 1719 animadverterent,
909 1671 1032 1710 tristia
1061 1671 1244 1724 responsa
1270 1673 1451 1723 reddita;

156 1729 328 1768 tristiora
350 1729 517 1777 colonis,
549 1729 657 1781 quod
686 1729 790 1768 cives
813 1728 991 1768 Romani
1013 1729 1149 1782 patriae
1171 1733 1452 1784 oppugnandae

154 1785 328 1826 nefanda
349 1787 507 1826 consilia
539 1787 706 1825 iniffent.
767 1786 864 1825 Non
898 1796 1088 1840 negatum
1123 1787 1257 1840 itaque
1292 1787 1452 1828 tantum

156 1845 206 1884 de
239 1844 430 1898 captivi33
463 1844 543 1892 sed,
576 1844 667 1897 (6)
660 1858 699 1882 1n
723 1858 803 1896 quo
834 1843 883 1882 ab
915 1844 1028 1883 sociis
1049 1854 1184 1883 tamen
1206 1855 1454 1898 temperave-

154 1911 257 1950 rant,
289 1901 576 1941 denunciatum
610 1899 767 1941 senatus
799 1907 823 1953 †
843 1901 986 1950 verbis,
1016 1901 1247 1941 facesserent
1282 1917 1452 1957 propere

155 1973 204 2005 ex
227 1959 342 2010 urbe,
373 1959 421 1998 ab
450 1973 517 1999 ore
551 1968 670 2012 atque
704 1960 831 1999 oeulis
867 1959 1005 2012 populi
1040 1959 1231 2008 Romani,
1264 1974 1314 2000 ne
1351 1961 1451 2001 nihil

157 2030 225 2057 eos
253 2016 461 2072 legationis
493 2017 575 2072 jus,
607 2026 772 2057 externo
806 2031 888 2059 non
921 2017 997 2057 civi
1020 2026 1311 2071 comparatum,
1342 2028 1452 2074 tege-

157 2084 229 2115 ret.

204 2191 240 2222 C.
261 2199 309 2228 17.
332 2191 385 2232 (1)
413 2192 563 2233 Obverfizri
585 2190 779 2234 simpliciter,
801 2201 863 2232 pro
888 2192 1031 2233 obverfizri
1051 2194 1151 2229 animo,
1173 2192 1261 2224 haud
1285 2192 1451 2227 insolitum

159 2234 214 2266 est.
239 2235 299 2266 Sic.
323 2236 403 2266 Plin.
420 2237 438 2266 l.
458 2247 485 2267 2.
502 2239 558 2277 Ep.
580 2247 630 2267 11.
682 2238 999 2278 Obvetsabatarpraeter
1015 2239 1076 2274 illa,
1098 2239 1254 2279 quaestprl}
1274 2242 1346 2276 dixi,
1367 2242 1450 2280 [αι-φιτ

159 2281 311 2321 dfficultas.
358 2281 413 2321 (2)
435 2281 509 2311 Vid.
525 2281 621 2322 supra
643 2281 663 2311 l.
680 2292 711 2319 5.
731 2292 755 2311 c.
773 2291 826 2318 47.
863 2282 919 2322 (3)
947 2281 1020 2312 Vid.
1047 2290 1113 2313 not.
1133 2292 1159 2312 1.
1181 2284 1222 2315 ad
1244 2294 1269 2313 c.
1297 2293 1347 2323 31.
1369 2284 1392 2315 1.
1415 2294 1447 2323 5.

158 2324 216 2363 (4)
239 2324 393 2355 Concessa
409 2336 443 2356 ea
455 2336 499 2362 re,
514 2337 610 2366 quam
628 2337 685 2367 per
701 2326 768 2356 vim
784 2326 924 2357 ablaturi
939 2334 1029 2357 erant
1044 2326 1175 2368 plebeii.
1221 2330 1371 2359 Remittere-
1388 2340 1450 2370 pro

161 2369 249 2405 dare,
272 2371 458 2407 concedere,
480 2370 621 2401 occurrit
649 2370 733 2401 infra
758 2371 777 2401 l.
801 2380 853 2409 35
878 2382 902 2401 c.
923 2380 993 2408 17
980 2372 1011 2400 δι
1029 2381 1080 2410 45
1127 2373 1244 2415 Remffl
1271 2381 1378 2404 autem
1395 2373 1448 2405 h'ic

158 2411 271 2445 eadem
289 2412 391 2444 foima
407 2414 532 2445 dietum
553 2414 1034 2458 est,quap1111l1njluf?osuprf.21
1056 2426 1082 2446 1.
1094 2427 1120 2447 c.
1138 2427 1189 2454 41.
1210 2419 1336 2459 permiffo
1363 2417 1450 2450 infra

160 2458 222 2493 hoc
235 2457 288 2488 lib.
301 2469 328 2488 c.
346 2467 395 2496 25.
422 2459 546 2498 aliaque
563 2459 673 2500 passim
686 2459 810 2491 nmilia
834 2459 907 2490 Vid.
925 2460 1074 2491 Perizon.
1091 2462 1132 2492 ad
1149 2462 1368 2492 SanetiiMin.
1385 2463 1404 2493 l
1422 2473 1450 2502 3.

159 2513 185 2534 c
205 2512 237 2542 9.
285 2503 437 2533 Ceterum
461 2503 583 2543 aliquot
606 2503 730 2534 codices
756 2507 933 2554 praeferunt
961 2506 1064 2547 remffo
1079 2520 1117 2542 eo,
1141 2509 1219 2547 quod
1265 2508 1325 2537 Sed
1341 2510 1371 2537 id
1383 2510 1455 2549 quod

157 2550 281 2588 erepturi
296 2554 376 2577 erant
399 2558 457 2588 per
479 2547 682 2588 parenthesin
698 2549 843 2589 accipere
861 2549 954 2579 licet·
947 2561 955 2586 ;
978 2530 1139 2591 Livioqiie
1156 2550 1395 2583 familiai-imma
1406 2553 1450 2584 est

157 2591 280 2629 locutio
295 2594 326 2621 id
339 2595 413 2632 quod,
437 2603 496 2633 pro
513 2591 645 2632 simplici
657 2595 731 2633 quod.
776 2595 878 2634 Supra
895 2594 914 2624 l.
934 2604 960 2623 1.
974 2603 1001 2624 c.
1018 2604 1066 2631 14.
1089 2598 1119 2625 ιἰΙ
1130 2598 1201 2636 quod
1212 2598 1356 2636 quaerehat.
1376 2597 1397 2627 l.
1419 2607 1447 2628 2.

156 2647 183 2667 c.
202 2646 230 2675 3.
252 2639 283 2666 id
291 2639 361 2677 quod
373 2650 421 2666 non
438 2638 578 2667 timebant.
595 2637 616 2666 l.
638 2646 664 2676 3.
677 2648 702 2668 c.
721 2637 770 2669 26.
793 2641 823 2667 id
832 2640 1015 2682 quodcmssat.
1038 2640 1093 2680 (5)
1110 2640 1139 2670 h.
1155 2651 1180 2670 e.
1193 2641 1385 2673 Veliternis:
1412 2650 1447 2672 ut

157 2681 254 2721 supra
266 2692 290 2711 c.
310 2691 349 2713 12
368 2681 399 2711 Sc
416 2691 467 2720 13.
486 2681 560 2712 Vid.
579 2689 649 2712 not.
663 2692 692 2719 4.
713 2684 752 2713 ad
771 2694 796 2713 c.
818 2692 846 2720 7.
872 2683 892 2713 l.
908 2694 939 2721 4.
985 2683 1040 2723 (ὁ)
1065 2684 1192 2727 Qibus
1209 2693 1315 2718 tamen
1340 2686 1448 2717 verbis

157 2724 314 2768 minisque
327 2737 401 2769 erga
417 2725 527 2762 socios,
552 2725 686 2760 Latinos
704 2726 936 2770 Hernicosque,
957 2727 1184 2762 abstinuerant.

1171 2772 1317 2815 XVIII
1322 2804 1329 2813 .
1363 2773 1448 2814 Re..

1521 447 1570 518 '†

1472 1398 1607 1428 Manlius
1624 1411 1638 1428 e

1470 1456 1577 1473 carcere
1595 1445 1656 1473 edu·-

1469 1492 1551 1520 citur.
