1853 3158
259 453 352 532 T.
415 420 676 530 LIVII
777 447 1331 527 PATAVINI

359 693 704 747 LIBER
780 688 1231 743 SEXTUS.

152 1240 182 1284 I.
217 1212 405 1299 QUAE
439 1241 489 1281 ab
522 1240 684 1282 condit&
706 1239 802 1280 urbe
839 1241 974 1281 Rorn'ci
1007 1243 1056 1283 ad
1092 1249 1249 1294 captam
1271 1241 1440 1281 eandem

152 1300 289 1340 urbem
314 1302 374 1353 (1)
398 1299 574 1338 Romani
592 1296 660 1338 sub
683 1298 842 1352 regibus
863 1298 1059 1353 primum,
1081 1298 1309 1338 consulibus
1330 1299 1443 1338 dein-

150 1357 199 1397 de
230 1372 275 1397 ac
306 1356 588 1407 dictatoribus,
618 1356 931 1410 decemvirisque
953 1372 996 1398 ac
1030 1356 1200 1397 tribunis
1228 1356 1444 1396 consulari-

151 1414 226 1455 bus
265 1414 425 1468 geffere,
457 1414 554 1453 foris
586 1413 703 1461 bella,
734 1414 844 1453 domi
876 1414 1103 1464 seditiones,
1135 1414 1312 1468 quinque
1333 1414 1443 1453 libris

151 1472 343 1525 exposui3
375 1485 437 1511 res
459 1477 586 1524 quum
617 1470 809 1510 vetustate
846 1471 968 1512 nimi&
989 1472 1189 1521 obscuras,
1221 1473 1331 1512 velut
1353 1487 1443 1525 quae

151 1543 297 1584 magno
318 1542 367 1568 ex
390 1527 596 1568 intervallo
618 1529 694 1568 loci
715 1528 779 1567 vix
806 1540 1052 1579 cernuntur3
1075 1540 1163 1569 tum
1180 1528 1292 1583 quod
1313 1544 1443 1583 parvae

153 1590 194 1628 &
217 1600 314 1626 rarae
335 1600 406 1639 per
426 1587 566 1625 eadem
583 1596 763 1638 tempora
783 1586 906 1626 literae
929 1591 991 1642 (2)
1012 1588 1141 1637 fuere,
1162 1601 1242 1627 una
1264 1587 1443 1627 custodia

152 1644 279 1684 fidelis
302 1643 505 1683 memoriae
529 1657 662 1682 rerum
683 1643 883 1697 gestarum
903 1659 911 1683 :
947 1647 984 1684 &
1009 1642 1135 1698 quod,
1167 1645 1288 1683 etiam
1309 1643 1334 1684 sl
1353 1659 1443 1697 quae

150 1702 190 1741 in
226 1701 524 1742 commentariis
555 1700 795 1753 pontificum
825 1700 988 1754 aliisque
1010 1701 1180 1755 publicis
1203 1701 1443 1755 privatisque

148 1769 260 1798 erant
308 1758 595 1806 monumentis,
641 1756 803 1797 incensa
850 1758 946 1798 urbe
998 1761 1198 1813 pleraeque
1244 1760 1444 1800 interiere.

149 1820 210 1870 (3)
241 1816 420 1856 Clariora
456 1816 642 1868 deinceps
684 1815 932 1869 certioraque
974 1817 1022 1857 ab
1066 1817 1238 1857 secund&
1273 1817 1446 1871 origine,

149 1875 256 1913 velut
292 1876 354 1927 (4)
387 1873 435 1913 ab
471 1872 657 1926 stirpibus
687 1871 819 1912 laetisls
852 1872 1101 1927 feraciusque
1123 1884 1288 1926 renatae,
1321 1875 1446 1922 urbis,

148 1932 255 1986 gesta
287 1931 396 1970 domi
427 1931 660 1983 militiaeque
696 1942 962 1984 exponentur.
1024 1930 1218 1972 Ceterum
1250 1947 1331 1985 quo
1366 1933 1447 1986 pri-

148 2003 215 2028 mo
237 1988 481 2028 adminiculo
503 1991 565 2042 (5)
586 1987 720 2027 erefita
751 1997 851 2038 erat,
883 1990 1026 2028 eodem
1060 1989 1186 2030 innisa
1222 1989 1285 2030 M.
1322 1990 1446 2029 Furio

150 2046 327 2100 principe
349 2046 468 2085 stetit.
498 2059 630 2099 neque
651 2059 745 2084 eum
767 2045 949 2086 abdicare
972 2047 1009 2086 se
1038 2045 1253 2096 diC‘taturssi,
1285 2047 1354 2086 nisi
1378 2061 1448 2087 an-

153 2118 204 2143 no
220 2106 280 2157 (6)
298 2102 564 2154 circumadso,
585 2103 678 2156 paffi
692 2103 794 2142 sunt.
828 2103 1003 2144 Comitia
1024 2104 1064 2143 in
1088 2104 1363 2158 insequentem
1377 2119 1447 2145 an-

150 2174 250 2200 num
278 2158 459 2201 tribunos
486 2159 647 2210 habere,
679 2175 854 2213 quorum
890 2162 931 2200 in
963 2161 1198 2217 magistratu
1215 2173 1329 2216 capta
1352 2162 1448 2202 urbs

1339 2220 1448 2270 esset,

198 2335 233 2365 C.
253 2343 279 2364 1.
302 2333 356 2375 (1)
380 2335 459 2365 Sunt
483 2333 539 2375 qui
557 2335 590 2366 τὲ
613 2336 704 2366 urbem
725 2335 898 2367 delendum
915 2337 1052 2369 censent.
1098 2340 1145 2369 At
1171 2336 1304 2369 Livium
1332 2335 1447 2378 saepius

152 2389 265 2409 vocem
279 2389 349 2419 quae
364 2379 560 2419 praecess‘erat
574 2379 815 2421 repetiisse,jam
827 2381 923 2423 supr&
934 2382 1080 2414 diximus.
1092 2385 1110 2424 †
1122 2386 1302 2425 repetitiones.
1328 2382 1381 2423 (2)
1391 2384 1447 2413 Li-

152 2431 218 2454 teroe
236 2424 307 2454 sunt
336 2422 457 2464 quaevis
486 2423 662 2464 scripturae,
685 2425 805 2465 quaevis
833 2435 1043 2458 monumenta
1059 2427 1160 2458 literis
1176 2428 1336 2458 mandata.
1385 2428 1447 2457 Eas

145 2476 260 2509 parvas
277 2475 384 2505 vocat,
395 2468 484 2507 quod
496 2468 606 2508 paucis
622 2470 747 2499 tannim
764 2470 870 2500 verbis
892 2471 1080 2514 conscriptae
1097 2474 1223 2503 forent:
1250 2483 1348 2509 raras,
1370 2470 1447 2511 quia

152 2524 191 2543 eo
223 2520 369 2552 tempore
401 2512 455 2542 vix
482 2512 543 2542 alia
575 2522 683 2543 rerum
710 2513 867 2554 gestarum
897 2524 1108 2547 monumenta
1139 2517 1312 2553 exstabant,
1347 2519 1447 2556 quam

152 2556 375 2588 commentarii
392 2555 591 2598 pontificum.
636 2558 690 2598 (3)
716 2559 825 2589 Veluti
848 2570 919 2599 quae
946 2561 1045 2602 magis
1072 2561 1104 2592 in
1130 2561 1242 2602 aprico
1268 2569 1446 2602 ponuntur.

156 2603 209 2642 (4)
232 2601 413 2632 Transsatio
430 2601 471 2631 ab
493 2601 609 2632 arbore
626 2601 738 2639 excisfi,
760 2603 960 2644 laetioresque
977 2605 1017 2636 ab
1039 2605 1189 2647 stirpibus
1212 2605 1445 2645 feracioresque

153 2656 259 2676 ramos
277 2646 403 2677 rursum
419 2644 598 2676 emittente.
643 2648 698 2687 (5)
721 2649 795 2677 Vox
815 2651 1019 2687 adminiculum,
1041 2661 1079 2680 ex
1096 2661 1130 2681 re
1146 2650 1269 2692 agrati&
1287 2650 1448 2685 transsata,

154 2690 285 2731 proprie
307 2698 398 2721 notat
416 2690 556 2721 fulcrum
573 2701 639 2731 quo
656 2691 748 2729 vites,
770 2692 820 2723 vel
838 2693 907 2724 aliae
933 2695 1064 2725 arbores
1081 2694 1197 2726 natura
1219 2696 1357 2729 caducae,
1383 2695 1445 2725 siis-

152 2742 329 2765 tentantur.
376 2735 441 2766 Cic.
465 2736 504 2766 de
517 2736 639 2766 Senect-
657 2747 681 2765 c.
702 2746 750 2774 15.
776 2737 816 2766 de
829 2746 893 2768 nat.
906 2740 1006 2770 Deor.
1024 2739 1042 2769 1.
1062 2748 1088 2770 2.
1105 2751 1130 2770 c.
1151 2748 1202 2776 47.
1252 2739 1338 2769 Hinc
1360 2741 1446 2768 admi-

150 2781 272 2810 niculare
287 2782 397 2812 vineam
415 2781 503 2822 apud
521 2780 650 2812 Colum.
668 2781 690 2811 1.
710 2792 737 2817 4.
761 2792 785 2810 c.
808 2785 858 2811 26.
884 2782 939 2825 (ὁ)
964 2784 993 2814 h.
1010 2794 1034 2815 e.
1056 2794 1139 2815 anno
1158 2791 1319 2817 currente.
1342 2782 1375 2813 in
1393 2793 1447 2812 cu-

1398 2837 1445 2866 jue

1461 1240 1499 1270 U.
1516 1251 1541 1271 c.
1564 1240 1638 1275 ‘3650

1460 1288 1501 1315 A.
1522 1287 1555 1317 C.
1572 1273 1642 1324 387.
