1853 3158
300 299 335 341 L
366 299 384 340 1
415 299 448 340 B
479 296 511 338 E
543 296 582 336 R
638 292 713 335 vr.
773 291 808 334 c
840 293 879 333 A
909 291 955 333 P.
1012 289 1190 332 XXXII.
1559 299 1611 341 47

109 414 269 469 opibus,
301 415 411 464 fecit,
441 413 489 453 L.
524 409 754 459 AEmilium,
784 408 830 449 P.
866 408 1076 449 Valerium
1109 404 1315 461 quartum,
1345 403 1394 445 C.
1413 413 1452 444 U.
1469 422 1495 443 c.
1517 409 1590 450 378·

113 474 346 522 Veturium,
374 472 458 512 Ser.
480 468 720 521 Sulpicium,
751 467 799 506 L.
837 468 875 507 &
908 467 958 508 C.
991 465 1210 523 QinCtios
1230 463 1395 504 Cincin·
1413 461 1458 489 A.
1473 458 1508 488 C.
1526 465 1599 530 &717¹-

112 541 239 570 natos.
302 529 444 569 Iisdem
477 526 619 580 opibus
654 524 878 572 obtinuere,
922 534 965 563 ut
1004 521 1193 563 adversus
1227 521 1395 561 Latinos
1414 505 1454 578 13}
1467 503 1603 577 ’ἓξὲξ

114 588 371 641 Volscosque,
403 585 472 637 qui
493 582 722 637 conjunCtis
742 581 965 635 legionibus
987 582 1036 620 ad
1057 580 1256 620 Satricum
1273 578 1397 619 castra
1417 591 1495 624 Mu,

113 644 324 692 habebant,
341 644 449 682 nullo
471 640 712 694 impediente
731 638 917 677 omnibus
934 637 1162 692 junioribus
1178 637 1399 677 sacramen-

114 712 156 741 to
178 703 343 752 adaeus,
374 710 453 740 tres
474 697 671 738 exercitus
691 696 928 736 scriberent:
961 709 1087 734 unum
1105 696 1153 734 ad
1174 695 1400 747 praefidium

115 759 249 807 urbis;
281 760 464 806 alterum,
495 756 579 809 qui,
611 755 635 794 fi
661 762 686 806 †
713 755 782 807 qui
815 752 905 792 alibi
939 762 1073 791 motus
1104 751 1319 801 exstitisset,
1352 752 1402 790 ad

114 820 176 871 (3)
198 816 321 855 subita
340 815 434 854 belli
466 813 571 853 mitti
601 813 749 866 poffet3
782 812 944 850 tertium
976 808 1093 863 longe
1124 809 1402 848 validissimum

116 874 162 913 P.
201 874 385 913 Valerius
430 875 468 912 &
507 872 553 910 L.
590 870 782 910 AEmilius
816 870 864 908 ad
899 867 1100 908 Satricum
1131 868 1304 905 duxere:
1335 866 1403 904 ubi
1426 873 1567 915 Voffli&

115 945 242 984 quum
264 931 390 970 aciem
424 928 657 969 instructam
687 927 862 966 hostium
895 928 984 965 loco
1012 939 1129 977 aequo
1158 924 1405 972 invenissent,
1422 916 1599 959 Lffl'm'fifi·

115 990 317 1042 extemplo
338 996 584 1042 pugnatum:
617 988 673 1034 &,
703 988 764 1038 (4)
787 994 830 1024 ut
847 985 1027 1023 nondum
1052 983 1140 1021 satis
1161 983 1308 1021 claram
1325 982 1407 1021 vic-

115 1046 274 1095 toriam,
307 1047 355 1085 s1c
389 1044 582 1098 prosperae
615 1043 694 1095 spei
717 1056 894 1096 pugnam
917 1041 1043 1080 imber
1065 1039 1293 1093 ingentibus
1316 1053 1407 1093 pro-

113 1104 225 1142 cellis
257 1102 367 1142 fusus
389 1102 560 1141 diremit.
623 1100 787 1141 Postero
819 1100 881 1138 die
911 1099 1049 1138 iterata
1078 1111 1234 1152 pugna:
1269 1100 1306 1136 3<
1339 1097 1408 1136 ali-

116 1160 309 1213 quamdiu
346 1160 458 1212 aequa
494 1159 641 1198 virtute
676 1156 918 1209 fortunaque
954 1156 1109 1195 Latinae
1147 1152 1320 1194 maxime
1353 1156 1410 1193 le-

116 1218 272 1272 giones,
304 1216 422 1272 longa
443 1217 625 1256 societate
648 1215 831 1253 militiam
854 1215 1081 1253 Romanam
1102 1213 1273 1263 edoctae,
1290 1211 1409 1251 resta-

117 1276 226 1315 bant.
270 1289 392 1328 eques
429 1274 621 1313 immiffus
655 1273 814 1312 ordines
850 1271 1049 1319 turbavit;
1094 1271 1260 1310 turbatis
1303 1271 1409 1324 figna

114 1333 299 1387 peditum
333 1333 464 1372 illata:
496 1340 772 1384 quantumque
808 1330 994 1369 Romana
1030 1328 1068 1368 se
1104 1327 1254 1368 invexit
1289 1329 1409 1375 acies,

119 1399 277 1430 tantum
293 1389 425 1429 hostes
447 1391 509 1443 (5)
529 1388 654 1442 gradu
676 1388 840 1427 demoti.
876 1390 915 1428 δε
951 1396 994 1426 ut
1024 1385 1142 1425 semel
1162 1392 1186 1437 †
1206 1385 1410 1425 inclinavit

121 1462 270 1502 pugna,
298 1448 382 1501 jam
414 1442 879 1486 intolerabilis'Romana
909 1444 968 1485 vis
998 1452 1093 1484 erat.
1155 1443 1243 1483 Fufi
1278 1443 1412 1483 hostes

120 1520 248 1557 quum
281 1504 497 1554 Satricum,
527 1504 635 1556 quod
670 1503 750 1542 duo
777 1503 835 1557 (6)
870 1502 993 1541 millia
1027 1502 1118 1540 inde
1150 1499 1298 1550 aberat,
1329 1514 1411 1540 non

122 1563 260 1611 castra,
291 1571 488 1615 peterent,
521 1561 569 1601 ab
603 1561 783 1613 equitatu
820 1559 991 1599 maxime
1029 1559 1126 1598 caefi.
1160 1558 1282 1598 castra
1319 1573 1412 1611 cap-

121 1630 162 1659 ta
202 1621 447 1673 direptaque.
511 1618 576 1658 Ab
618 1618 772 1658 Satrico
809 1616 944 1665 noete,
986 1631 1075 1669 quae
1111 1617 1254 1669 proelio
1294 1631 1413 1669 prox-

123 1677 202 1716 ima
224 1677 315 1725 fuit,
348 1676 454 1730 fugae
478 1676 590 1715 simili
615 1675 773 1729 agmine
799 1684 941 1728 petunt
978 1674 1174 1713 Antium:
1208 1675 1245 1713 8<
1284 1687 1412 1726 quum

123 1734 335 1774 Romanus
362 1734 559 1773 exercitus
593 1730 716 1786 prope
755 1734 815 1786 (7)
846 1731 1018 1784 vestigiis
1048 1731 1290 1783 sequeretur,
1323 1732 1413 1784 plus

123 1801 258 1832 tamen
294 1792 414 1830 timor
450 1793 528 1844 (8),
566 1789 687 1843 quam
725 1790 795 1839 ira,
837 1788 1048 1829 celeritatis
1081 1788 1233 1828 habuit.
1294 1786 1413 1828 Prius

123 1850 257 1902 itaque
280 1848 430 1888 moenia
453 1849 648 1888 intravere
677 1847 823 1895 hostes,
855 1845 978 1899 quam
1001 1847 1213 1885 Romanus
1235 1856 1413 1886 extrema

125 1907 293 1961 agminis
315 1920 475 1960 carpere
498 1914 566 1945 aut
595 1905 741 1944 morari
774 1905 908 1958 posset.
942 1904 1033 1943 inde
1055 1904 1205 1956 aliquot
1227 1904 1310 1944 dies
1331 1903 1415 1943 vas-

126 1966 246 2004 tando
268 1979 362 2019 agro
384 1963 595 2016 absumpti,
626 1977 700 2002 nec
725 1962 921 2002 Romanis
951 1961 1040 2000 satis
1062 1961 1266 2001 instruffihs
1295 1977 1414 2015 appa-

125 2031 215 2061 ratu
234 2022 376 2061 bellico
398 2023 447 2061 ad
473 2021 622 2060 moenia
651 2020 932 2075 aggredienda,
963 2032 1036 2059 nec
1065 2018 1140 2059 illis
1168 2019 1217 2058 ad
1246 2018 1416 2059 subeun-

128 2080 226 2119 dum
247 2094 391 2134 pugnae
414 2079 560 2120 casum.

129 2211 350 2245 commiserant
367 2214 548 2245 faciendum
570 2214 642 2245 saxo
663 2215 831 2255 quadrato.
855 2211 939 2243 infra
957 2213 976 2243 l.
995 2222 1048 2252 34.
1066 2224 1091 2243 c.
1111 2222 1162 2251 53.
1185 2214 1270 2243 aediles
1288 2226 1346 2243 enm
1362 2236 1368 2243 ,
1385 2236 1391 2243 .
1408 2237 1415 2242 ,

119 2261 280 2297 faciendam
296 2261 427 2289 locarant.
472 2261 527 2299 (3)
551 2261 647 2289 Subita
663 2261 727 2290 belli
742 2258 883 2290 occurrit
900 2258 984 2288 infra
1002 2258 1024 2289 l.
1044 2268 1097 2296 25.
1115 2269 1139 2288 c.
1161 2268 1211 2295 15.
1236 2259 1322 2298 apud
1339 2260 1416 2288 Tac.

133 2304 153 2332 Ι.
168 2313 200 2340 5.
219 2302 296 2332 Hist.
312 2314 336 2333 c.
356 2313 404 2342 13.
428 2304 458 2334 δε
475 2304 508 2334 in
521 2304 629 2345 Agric.
646 2315 671 2335 c.
689 2314 738 2344 37.
787 2304 1013 2343 Pariterfiabita
1030 2316 1121 2333 rerum
1135 2302 1219 2333 infra
1235 2303 1255 2332 l.
1273 2312 1300 2341 9.
1318 2314 1345 2333 c.
1365 2313 1415 2341 43.

132 2350 230 2377 Amat
247 2354 353 2377 autem
370 2347 481 2378 Livius
493 2349 649 2389 adjectiva
662 2357 777 2380 neutra
787 2347 924 2389 pluralia
936 2347 1127 2378 substantive
1141 2348 1305 2388 usurpare.
1317 2347 1417 2387 iisque

133 2392 250 2422 addere
265 2390 442 2432 genitivum
455 2393 629 2423 nominum.
674 2394 727 2434 (4)
754 2395 864 2436 Qum
881 2393 1056 2433 apparebat
1075 2403 1212 2433 pugnam
1231 2392 1416 2433 prosperam

134 2439 213 2473 fore,
224 2435 297 2466 licet
310 2435 448 2467 vietor-ia
466 2439 610 2468 nondum
627 2438 789 2468 manifesta
805 2437 890 2474 esset,
902 2448 971 2467 eam
985 2436 1087 2467 imber
1104 2437 1242 2467 diremit.
1277 2438 1331 2478 (5)
1348 2437 1419 2466 Ali-

134 2489 183 2512 ter
214 2479 333 2510 dicitur
359 2484 452 2522 gradu
477 2483 679 2524 7720ver1'‚statu
703 2485 820 2518 moveri,
839 2485 869 2511 de
891 2485 985 2522 gradu
1007 2484 1087 2523 dijicz'
1113 2483 1175 2512 ἃς.
1221 2481 1276 2521 (ὁ)
1300 2483 1420 2518 diffiniit,

133 2536 205 2567 pro,
228 2527 376 2562 mallim-ia,
399 2526 448 2556 seu
467 2528 555 2556 millia
567 2527 699 2568 pafficum,
722 2529 871 2567 frequens
899 2526 949 2556 est.
994 2527 1048 2567 (7)
1073 2526 1121 2557 Sic
1145 2527 1264 2568 vssigiis
1283 2529 1421 2567 perstq31·i‚

133 2573 260 2610 cotfiqui,
281 2572 392 2611 iaefiqm,
415 2571 501 2611 apud
520 2570 583 2601 Cic.
598 2571 632 2600 in
650 2573 743 2602 Brut.
759 2583 786 2601 c.
806 2581 856 2611 90.
880 2573 935 2600 Or.
952 2581 1013 2611 pro
1031 2571 1158 2602 Cluent.
1175 2582 1199 2600 c.
1220 2580 1267 2609 13.
1290 2572 1366 2600 Tac.
1387 2571 1419 2600 in

135 2615 241 2655 Agris.
268 2626 292 2645 c.
311 2614 361 2645 26.
406 2616 460 2654 (3)
483 2615 597 2645 Timor
621 2615 754 2647 hostium
772 2615 973 2657 fugientium,
995 2616 1092 2657 quam
1120 2616 1168 2646 ira
1197 2617 1419 2646 Romanorum

136 2659 382 2700 insequentium,
405 2660 538 2691 celerior
556 2660 629 2691 suit.

1121 2703 1317 2744 XXXIH.
1350 2704 1421 2742 Se·
