1905 3168
169 286 225 329 50

771 271 886 319 ”-Τ.
947 272 1201 320 LIVII

388 385 624 428 sententiam
649 386 829 442 rogabat,
859 389 950 442 quid
969 388 1081 447 (12)
1107 390 1218 444 censes
1234 391 1255 428 ?
1295 388 1408 430 Tum
1437 389 1526 429 ille:
1564 387 1673 429 Pure

379 448 509 499 pioque
528 446 641 484 duello
659 445 867 498 quaerendas
885 446 1009 500 censt’o,
1039 448 1160 500 itaque
1181 445 1294 504 (13)
1317 447 1498 502 corfinti'o,
1529 447 1673 502 corfig'se

385 519 500 556 coque.
562 502 661 542 Inde
681 503 819 542 ordine
842 503 906 542 alii
927 501 1188 558 rogabantur:
1219 502 1461 558 quandoque
1477 516 1566 558 pars
1588 518 1673 543 rna-⁴

382 559 448 614 jor
467 573 625 610 eorum,
655 560 724 613 qui
745 561 922 611 aderant,
957 561 998 600 in
1019 563 1186 601 eandem
1207 561 1440 602 sententiam
1462 562 1556 610 ibat,
1587 561 1673 601 bel-

387 619 471 656 lum
493 626 576 657 erat
598 620 689 672 (14)
710 617 913 657 consensu.
964 619 1068 658 Fieri
1090 618 1263 669 solitum,
1285 628 1330 658 ut
1350 619 1500 659 fecialis
1516 618 1670 658 hastam

386 674 573 714 serratam
596 684 665 714 aut
691 678 781 729 (15)
807 675 1062 730 sanguineam
1091 676 1303 730 praeustam
1333 677 1382 716 ad
1404 675 1504 716 fines
1529 689 1673 716 eorum

384 731 533 780 serret3
574 734 631 782 δε,
662 746 744 772 non
765 731 900 773 minus
920 733 1047 773 tribus
1074 733 1289 787 puberibus
1309 733 1582 787 praesentibus‚
1611 732 1674 771 di-

385 798 517 828 ceret:
561 787 684 844 chd
703 791 826 844 populi
848 791 1048 845 priscorum
1068 791 1292 830 Latinorum
1321 790 1540 844 hominesque
1558 790 1672 844 prg'sci

386 847 522 886 Latini
537 846 718 902 adversim
738 848 909 900 populum
932 847 1141 887 Romanum
1163 847 1382 901 Qciritium
1389 848 1579 902 fecerunt,
1611 847 1673 885 de·-

385 905 586 957 liquerunt,
611 903 711 958 qubd
718 905 870 958 populus
885 905 1077 944 Romanus
1095 903 1313 959 „Quiritium
1332 905 1460 943 bellum
1479 919 1560 943 cum
1571 904 1672 957 Ρνζβ-

384 963 437 1000 cis
465 962 618 1000 Latinis
635 963 688 1016 ju
714 971 744 1000 tt
771 963 846 1018 ff,
873 962 1090 1017 stnatzgsque
1108 963 1234 1015 populi
1261 962 1424 1001 Romani
1454 960 1671 1016 Quiritium

383 1020 532 1073 cmficit,
548 1019 721 1074 constrffit,
736 1018 917 1074 conscivit,
938 1028 979 1058 ut
991 1020 1122 1058 bellum
1135 1028 1216 1058 cum
1229 1016 1361 1072 prist-is
1370 1018 1525 1057 Latinis
1527 1016 1643 1072 fieret
1653 1039 1670 1063 ,-

383 1077 422 1115 ob
441 1092 518 1115 eam
536 1092 611 1115 rem
631 1092 689 1130 ego
700 1077 916 1131 populzgsque
935 1077 1127 1115 Romanus
1144 1076 1286 1129 populis
1295 1076 1497 1129 pristorum
1516 1075 1674 1114 Latino-³

384 1149 469 1172 rum
494 1133 756 1188 hominibzffque
776 1135 909 1188 priscis
938 1133 1092 1172 Latinis
1121 1133 1250 1172 bellum
1280 1133 1396 1172 indico
1409 1132 1593 1188 fizcioque.
1630 1132 1672 1171 id

385 1190 452 1230 ubi
473 1191 643 1241 dixiffet,
673 1190 825 1231 hastam
846 1191 888 1231 in
910 1189 1010 1231 fines
1030 1204 1171 1230 eorum
1191 1189 1410 1230 emittebat.
1470 1189 1564 1230 Hoc
1585 1198 1672 1228 tum

383 1305 425 1337 ab
441 1309 554 1338 Anco:
584 1306 701 1348 quibus
725 1307 757 1338 &
780 1318 838 1349 ego
861 1307 974 1339 lubens
998 1306 1168 1339 adsentior.
1214 1305 1278 1338 Hic
1301 1307 1405 1338 sensus
1426 1305 1518 1337 verbi
1541 1308 1674 1337 condicere

385 1352 473 1391 apud
489 1354 582 1382 ICtos
599 1352 868 1391 frequentissimus
885 1352 948 1390 est3
976 1353 1007 1382 δε
1023 1351 1046 1382 fi
1070 1352 1116 1383 vis
1140 1352 1206 1393 ejus
1221 1351 1360 1392 genuina
1384 1349 1582 1392 respiciatur,
1600 1351 1674 1391 jure

385 1395 532 1436 usurpari
555 1395 686 1426 videtur
702 1397 832 1436 quando
848 1407 931 1427 unus
946 1410 1003 1427 cum
1023 1397 1111 1426 altero
1125 1399 1194 1438 agit,
1216 1396 1289 1427 licet
1313 1395 1443 1426 minime
1466 1394 1674 1425 consentiant.

384 1440 565 1470 Secundum
583 1439 726 1480 priorem
742 1439 940 1477 sententiam,
955 1451 1011 1471 rex
1027 1441 1067 1470 ad
1083 1440 1227 1471 senatum
1238 1439 1347 1470 retulit
1364 1439 1491 1470 tantum
1502 1439 1545 1469 de
1554 1439 1673 1470 soedere

384 1492 494 1525 rupto,
516 1495 582 1515 non
598 1490 708 1515 autem
723 1485 763 1515 de
786 1484 944 1526 legatione
960 1483 1065 1525 spreta
1083 1485 1114 1514 &
1139 1484 1277 1524 superbo
1291 1483 1484 1514 Latinorum
1501 1483 1650 1524 responso
1662 1494 1672 1512 τ

383 1539 453 1568 quae
469 1540 558 1559 meus
573 1528 660 1559 Livii
685 1528 744 1559 ess'e
761 1529 892 1569 nequit3
920 1540 979 1560 nec
996 1527 1082 1559 enim
1098 1528 1151 1559 illa
1168 1528 1259 1559 causa
1275 1527 1434 1559 sufficiens
1447 1530 1532 1558 foret
1548 1538 1605 1558 cur
1628 1527 1675 1558 se-

382 1581 476 1603 natus
493 1573 613 1604 bellum
629 1573 823 1604 decerneret.
870 1575 969 1604 Suum
985 1580 1092 1604 autem
1115 1572 1440 1613 interpretamentum
1459 1571 1595 1603 stabilire
1619 1582 1672 1603 co-

381 1625 480 1648 natur
498 1617 704 1655 Gronovius;
727 1617 958 1658 contenditque
974 1617 1149 1648 sollennem
1163 1618 1226 1647 belli
1242 1625 1391 1658 paratum
1411 1617 1452 1647 ad
1465 1619 1583 1657 feciales
1600 1627 1674 1657 per·

382 1661 496 1699 tinere,
508 1665 617 1703 saedera
634 1670 742 1693 autem
758 1663 926 1704 pangenda
941 1662 983 1693 ad
1000 1669 1112 1704 patrem
1130 1669 1286 1703 patratum,
1307 1661 1364 1702 qui
1387 1661 1429 1692 ad
1449 1661 1673 1702 jusjurandum

376 1709 545 1746 patrandum
561 1706 723 1737 adhibitus
741 1706 811 1737 fuit.
857 1709 904 1737 At
920 1704 1034 1747 quidni
1050 1706 1146 1737 etiam
1163 1707 1203 1737 ad
1217 1717 1265 1736 res
1280 1717 1317 1737 ex
1333 1706 1451 1737 foedere
1465 1705 1672 1746 repetendas?
1692 1708 1694 1711 '

381 1751 443 1781 Sed
460 1751 491 1781 &
508 1750 708 1782 verisimilius
731 1750 860 1782 videtur
877 1752 1024 1788 eundem,
1050 1750 1105 1791 qui
1126 1751 1349 1791 jusjurandum
1366 1749 1555 1790 patraverit,
1575 1749 1674 1780 etiam

378 1796 604 1836 jusjurandum
627 1794 784 1825 violatum
801 1795 945 1836 questum
961 1795 1028 1826 effe.
1075 1795 1204 1826 Fecialis
1221 1794 1306 1825 certe
1331 1795 1371 1825 ad
1393 1794 1514 1825 bellum
1529 1793 1671 1824 indicen-

380 1841 459 1870 dum
475 1840 707 1871 adhibebatur:
733 1841 879 1871 nondum
895 1848 1002 1871 autem
1018 1841 1056 1871 εὸ
1072 1847 1267 1881 perventum
1277 1846 1345 1870 erat
1359 1851 1367 1877 ;
1390 1839 1423 1869 δε
1435 1846 1504 1870 turn
1520 1849 1593 1870 cum
1605 1838 1672 1869 bel-

381 1884 449 1914 lum
465 1885 631 1915 decretum
647 1884 699 1919 est,
722 1884 833 1915 Livius
851 1884 1004 1915 Fecialem
1020 1884 1133 1915 diserte
1150 1884 1294 1919 nominat
1309 1897 1314 1913 :
1345 1894 1420 1915 nam
1436 1884 1524 1924 quod
1539 1882 1617 1914 dicit
1632 1885 1674 1913 lea

375 1936 470 1970 gutum
493 1929 614 1960 bellum
638 1928 791 1965 indixisse,
818 1929 850 1959 id
874 1929 994 1960 laxiore
1018 1929 1107 1960 sensu
1131 1928 1344 1970 intelligamus
1367 1927 1487 1959 necefl'e
1517 1927 1568 1958 est.
1623 1930 1671 1958 At

381 1980 472 2014 urget
486 1972 586 2013 porro
603 1973 786 2004 Gronovius
804 1974 924 2004 nullam
941 1973 1074 2004 omnino
1089 1972 1285 2004 mentionem
1301 1974 1341 2003 de
1357 1980 1448 2013 patre
1465 1979 1593 2013 patrato
1608 1974 1672 2003 La.-

380 2016 525 2048 tinorum
548 2019 671 2048 facffum
688 2017 800 2055 fuisse3
826 2018 922 2049 Livio
940 2019 1066 2049 tantum
1089 2024 1241 2048 narrante
1257 2018 1345 2057 quod
1368 2018 1488 2058 legatus
1506 2019 1671 2048 Romanus

381 2062 551 2102 quinquies
562 2063 696 2104 obtssatus
709 2063 742 2104 cst
755 2064 1029 2104 Jovem,fim³s‚fas.
1064 2062 1135 2092 Esto
1149 2075 1155 2091 ε
1177 2070 1220 2099 at,
1234 2061 1304 2102 post
1317 2061 1559 2092 obtestationem
1571 2061 1673 2098 istam.,

380 2117 489 2136 annon
504 2107 633 2137 credere
647 2106 808 2147 possumus
822 2118 894 2137 eum
908 2118 981 2137 cum
998 2114 1089 2148 patre
1101 2114 1229 2148 patrato
1242 2106 1355 2149 populi
1370 2106 1480 2137 Latini
1493 2117 1559 2137 rem
1570 2105 1671 2147 egiffe,

378 2151 413 2180 δι
431 2150 468 2181 fic
487 2151 672 2191 responsum
689 2151 817 2182 tulisse?
844 2153 890 2182 lta
906 2151 984 2182 mihi
1001 2152 1138 2182 videtur.
1159 2153 1193 2181 E.
1239 2152 1315 2192 (12)
1338 2150 1426 2194 Qid
1449 2151 1490 2181 de
1512 2150 1549 2180 iis
1566 2150 1672 2181 rebus„

379 2199 413 2235 (1
422 2195 457 2234 3)
467 2197 577 2235 Atque
590 2195 642 2225 ita.
670 2195 778 2226 Verba
790 2199 915 2236 consentio
926 2198 1094 2237 cmgscg'scoque
1106 2195 1254 2237 intelligit
1267 2195 1448 2226 Crevierius
1460 2196 1500 2225 de
1516 2195 1666 2226 consensu

380 2239 504 2270 senatfis
520 2252 575 2269 cum
584 2242 694 2281 populo,
716 2251 855 2281 quorum
872 2248 938 2271 erat
960 2241 1072 2281 jubere
1088 2240 1229 2278 bellurn3
1254 2241 1284 2270 δι
1301 2247 1457 2281 provocat
1474 2240 1514 2269 ad
1531 2241 1669 2270 formam

380 2283 455 2314 belli
471 2283 631 2314 indicendi
657 2295 724 2324 quae
748 2284 833 2315 infra
849 2285 1000 2326 sequitur.
1045 2287 1091 2315 At
1115 2284 1194 2315 mihi
1217 2295 1333 2325 parum
1348 2283 1516 2315 verisunile
1538 2283 1668 2315 videtur

377 2339 448 2359 rem
463 2329 504 2358 ad
528 2328 686 2369 populum
710 2340 854 2369 unquam
871 2330 1003 2361 relatam
1019 2329 1090 2360 effe.
1141 2331 1223 2370 Cotgfe
1245 2333 1289 2366 im,
1312 2329 1463 2370 responso
1473 2328 1668 2359 Latinorum

377 2373 542 2409 nunciato,
565 2387 615 2402 rex
623 2380 721 2414 patres
736 2376 888 2414 corfidebat.
935 2374 1028 2404 Malo
1044 2373 1142 2415 igitur
1158 2373 1198 2404 fic
1218 2374 1325 2404 locum
1340 2372 1546 2414 interpretari
1559 2386 1564 2403 :
1593 2384 1668 2404 meo

374 2417 496 2457 judicio
513 2428 562 2447 res
574 2418 659 2448 bello
673 2419 845 2458 quaerendae
861 2419 944 2455 sunt,
959 2426 1056 2458 atque
1070 2420 1195 2459 cmg-sentio
1210 2417 1248 2448 iis
1264 2418 1319 2459 qui
1335 2417 1370 2448 in
1385 2418 1467 2448 hanc
1479 2417 1667 2448 sententiam

377 2462 454 2492 ituri
470 2462 551 2492 sunt.
575 2464 609 2493 E.
655 2463 732 2503 (14)
752 2463 888 2494 Perinde
904 2463 1083 2493 habebatur
1099 2474 1135 2494 ac
1152 2462 1174 2493 fi
1189 2473 1299 2493 omnes
1315 2461 1542 2493 consenfiffent.
1589 2463 1666 2493 Cre·-

377 2505 506 2543 vierius,
534 2506 726 2538 auetoritate
743 2508 837 2538 unius
861 2507 978 2539 codicis
995 2509 1105 2546 fretus,
1132 2506 1208 2548 legit
1223 2509 1383 2548 corfivficm3
1415 2507 1447 2537 &
1463 2505 1583 2548 phrasis
1599 2505 1668 2543 ista,

374 2553 518 2591 coafintire
533 2553 637 2590 bellum,
659 2551 745 2583 certe
767 2552 908 2583 occurrit
925 2552 1010 2582 infra
1034 2552 1053 2582 l.
1068 2552 1095 2583 8.
1118 2563 1143 2583 c.
1161 2552 1189 2582 6.
1234 2554 1282 2582 At
1305 2551 1415 2582 invitis
1431 2559 1479 2582 tot
1501 2550 1665 2581 codicibus

374 2594 421 2624 nil
436 2597 638 2626 mutandum.
682 2597 761 2638 (15)
778 2597 838 2628 Vel
861 2609 879 2628 e
895 2596 1066 2638 sanguineo
1083 2596 1210 2634 frutice,
1231 2597 1320 2638 cujus
1344 2596 1382 2627 sc.
1405 2603 1514 2627 cortex
1531 2596 1572 2626 ad
1595 2595 1663 2626 san-

374 2638 476 2680 guinis
493 2640 732 2674 fimilitudinem
748 2642 842 2674 rubet
866 2642 946 2684 (vid.
963 2641 1043 2673 Fun.
1061 2651 1111 2681 24.
1129 2641 1217 2682 10.);
1240 2641 1292 2673 vel
1307 2641 1414 2684 potius
1426 2639 1576 2682 sanguine
1592 2650 1665 2671 cru-

374 2692 523 2716 amatam.
1110 2700 1114 2703 -

1542 2727 1662 2768 modo
