1853 3158
407 253 688 300 LIBER
746 252 821 298 111.
882 257 1064 301 CAP.
1124 258 1196 301 ΙΙΙ.

174 367 393 430 pugnabat,
416 377 453 415 δε
478 374 635 427 AEquos
657 373 896 414 conscientia
919 375 1116 416 contracti
1137 377 1254 431 culpa
1273 376 1457 431 periculi,

174 436 217 474 δε
239 433 455 488 desperatio
475 431 622 471 futurae
644 431 712 472 fibi
751 432 884 485 postea
913 432 1021 483 fidei,
1062 433 1201 473 ultima
1241 436 1386 475 audere
1416 438 1458 476 ὅτ

176 492 346 545 experiri
365 488 544 544 cogebat.
604 489 701 529 Non
727 499 863 529 tamen
890 488 1108 531 sustinuere
1138 491 1265 532 aciem
1306 492 1461 533 Roma-

177 563 271 588 nam
293 548 442 601 AEqui:
472 547 652 601 pullique
681 562 807 600 quum
829 548 869 586 in
895 547 995 587 fines
1014 548 1104 588 suos
1135 549 1172 589 se
1212 551 1460 604 recepissent,

175 606 301 647 nihilo
322 605 636 646 inclinatioribus
667 606 716 645 ad
755 619 895 659 pacem
931 605 1074 645 animis
1094 606 1207 646 ferox
1242 608 1461 647 multitudo

175 664 379 718 increpare
399 664 535 713 duces,
558 664 669 716 qudd
690 663 730 701 in
752 664 892 713 aciem,
915 663 993 716 qua
1013 664 1218 717 pugnandi
1253 675 1335 704 arte
1375 665 1462 704 Ro-

177 735 318 762 manus
338 723 520 771 excellat,
547 721 749 761 commiffa
787 735 849 760 res
884 721 940 759 fit.
1002 718 1150 774 AEqzcos
1176 723 1464 774 papulationibus

177 779 494 834 incursfionibtfsque
515 780 673 818 meliores
687 779 748 835 ff
762 812 773 824 ,
813 779 864 820 ὅθ’
884 779 1019 818 multas
1032 778 1161 832 pcffm
1183 795 1330 829 manus,
1348 781 1462 833 qudm

176 853 349 891 magnam
370 838 492 876 molem
513 840 622 876 unius
636 838 832 888 exercitas,
852 836 987 875 νεὲῗίἰω·
1002 837 1090 875 bella
1102 852 1240 890 gerere.

234 896 306 934 III.
340 895 503 935 Relicto
525 894 658 947 itaque
678 894 813 934 castris
836 894 1032 947 praesidio,
1063 894 1198 948 egreffi
1234 904 1344 933 tanto
1369 908 1463 934 cum

175 954 353 992 tumultu
379 952 552 992 invasere
585 951 684 992 fines
720 952 944 1000 Romanos,
977 961 1021 991 ut
1055 953 1103 991 ad
1131 952 1270 991 urbem
1303 967 1464 1005 quoque

175 1020 368 1050 terrorem
389 1010 637 1063 pertulerint.
659 1010 896 1064 necopinata
927 1010 1048 1048 etiam
1082 1023 1144 1049 res
1178 1011 1267 1063 plus
1292 1011 1464 1063 trepida-

175 1067 296 1107 tionis
313 1067 423 1117 fecit,
444 1065 555 1121 quod
577 1067 676 1107 nihil
697 1065 848 1116 minus,
882 1070 1003 1121 quam
1026 1081 1075 1106 ne
1093 1067 1224 1107 victus
1260 1082 1304 1107 ac
1339 1065 1463 1120 prope

174 1125 216 1165 in
239 1126 372 1166 castris
394 1125 563 1165 obseffus
583 1125 706 1166 hostis
720 1140 875 1165 memor
905 1125 1174 1179 populationis
1194 1122 1302 1175 effet,
1331 1125 1463 1164 timeri

175 1193 359 1236 poterat;
392 1183 655 1238 agrestesque,
677 1184 808 1237 pavidi
830 1183 1049 1223 incidentes
1063 1183 1202 1236 portis,
1233 1197 1314 1222 non
1335 1197 1463 1236 popu-

145 1249 149 1253 '
174 1241 383 1293 lationem,
404 1255 477 1282 nec
493 1243 729 1295 praedonum
744 1256 883 1295 parvas
905 1255 1065 1290 manus,
1097 1240 1176 1289 sed,
1198 1241 1332 1280 omnia
1360 1255 1464 1280 vano

175 1309 367 1353 augentes
387 1299 546 1348 timore,
577 1300 775 1339 exercitus
799 1302 836 1339 Sc
854 1299 1030 1353 legiones
1052 1299 1177 1337 adeffe
1198 1298 1388 1346 hostium,
1422 1300 1464 1339 Sc

174 1356 318 1397 infesto
335 1359 492 1411 agmine
514 1371 628 1397 ruere
642 1358 691 1397 ad
713 1357 868 1405 urbem,
890 1356 1127 1396 clamabant.
1167 1354 1234 1395 Ab
1249 1355 1310 1394 his
1332 1356 1465 1408 proxi-

175 1414 232 1453 mi
264 1417 326 1469 (1)
361 1415 494 1454 audita
525 1416 690 1463 incerta,
729 1414 860 1467 eoque
895 1414 1071 1462 vaniora,
1113 1412 1216 1452 ferre
1264 1414 1313 1452 ad
1354 1413 1464 1452 alios,

169 1472 315 1511 'cursus
332 1473 562 1524 clamorque
583 1472 814 1512 vocantium
831 1472 881 1510 ad
903 1486 1010 1510 arma
1026 1470 1135 1510 haud
1156 1471 1331 1510 multum
1356 1486 1378 1509 a
1397 1486 1466 1524 pa-

166 1542 270 1568 rvore
287 1540 414 1583 captae
430 1529 538 1570 urbis
560 1529 697 1569 abeffe.
758 1528 876 1569 Forte
894 1527 941 1568 ab
965 1528 1114 1582 Algido
1132 1528 1353 1584 Qinefius
1371 1542 1466 1567 con-

176 1586 235 1625 sul
252 1588 421 1626 redierat
442 1588 637 1637 Romam,
655 1588 711 1641 (id
728 1587 952 1626 remedium
973 1586 1107 1624 timori
1142 1585 1237 1639 fuit)
1270 1587 1466 1625 tumultu-

173 1657 254 1698 que
270 1644 417 1693 sedato,
438 1644 567 1684 victos
589 1645 720 1683 timeri
734 1645 943 1697 increpans
963 1642 1112 1694 hostes,
1142 1643 1319 1695 praefidia
1341 1643 1466 1695 portis

177 1701 380 1755 imposuit.
454 1702 614 1742 Vocato
650 1702 742 1741 dein
779 1701 932 1750 senatu,
965 1714 1107 1753 quum,
1143 1714 1191 1739 ex
1228 1700 1466 1740 auctoritate

175 1760 343 1800 Pati-um
361 1763 422 1814 (2)
445 1760 600 1815 justitio
623 1759 792 1808 indieto,
822 1757 1030 1812 profectus
1066 1758 1113 1797 ad
1146 1759 1334 1797 tutandos
1366 1756 1468 1797 fines

174 1817 283 1866 effet,
311 1816 555 1875 QServilio
589 1820 650 1872 (3)
686 1815 880 1870 praefecto
911 1815 1020 1855 urbis
1051 1815 1207 1863 relict0,
1238 1814 1392 1855 hostem
1425 1815 1468 1854 in

172 1875 281 1929 agris
300 1889 380 1915 non
402 1876 565 1915 invenit.
629 1874 694 1915 Ab
715 1876 839 1914 altero
875 1873 1035 1914 consule
1068 1887 1129 1913 res
1161 1871 1267 1927 gesta
1308 1872 1467 1927 egregie

175 1933 244 1972 est.
268 1932 353 1986 qui,
382 1932 461 1986 quii
490 1944 705 1973 venturum
741 1932 896 1971 hostem
929 1930 1091 1982 sciebat,
1123 1945 1284 1985 gravem
1320 1929 1470 1983 praeda,

176 1987 308 2044 eoque
325 1991 576 2044 impeditiore
590 1990 749 2045 agmine
764 1990 1016 2029 incedentem
1031 1989 1245 2043 aggressus,
1267 1987 1468 2027 funestam

176 2048 213 2087 ei
235 2050 536 2102 populationem
558 2048 666 2089 fecit.
727 2048 851 2087 Pauci
870 2047 1045 2086 hostium
1062 2045 1215 2085 evasere
1231 2060 1280 2085 ex
1295 2044 1466 2085 insidiis:

176 2106 310 2159 praeda
332 2107 463 2146 omnis
479 2116 638 2160 recepta
658 2106 726 2146 est.
751 2106 799 2146 s1c
818 2105 940 2144 finem
968 2103 1140 2159 justitio,
1172 2104 1281 2156 quod
1317 2103 1467 2156 quatri-

177 2165 304 2203 duum
345 2164 440 2215 fuit,
481 2165 632 2204 reditus
672 2162 859 2221 Qincfii
888 2162 1059 2202 consulis
1091 2161 1132 2200 in
1172 2161 1313 2200 urbem
1356 2160 1465 2200 fecit.

176 2223 238 2275 (4)
256 2221 409 2262 Census
440 2222 583 2261 deinde
605 2221 735 2270 aecus,
759 2224 798 2262 &
821 2220 1030 2261 conditum
1066 2218 1114 2258 ab
1156 2218 1354 2276 Qinffio
1390 2217 1469 2257 lus-

175 2288 298 2319 trum.
321 2280 434 2320 censa
456 2280 604 2320 civium
620 2279 751 2333 capita
772 2288 935 2319 centum
957 2287 1128 2331 quatuor
1157 2276 1281 2317 millia
1312 2279 1353 2318 &
1394 2276 1468 2315 du-

226 2397 262 2426 C.
280 2405 307 2434 3.
333 2397 388 2437 (1)
413 2398 547 2433 Incerta,
570 2395 647 2436 quia
674 2395 842 2427 audierant
871 2394 1009 2431 tantum,
1039 2405 1105 2424 non
1130 2393 1299 2430 viderant3
1321 2393 1469 2432 adeoque

180 2441 351 2472 mendaciis
365 2441 517 2472 auctiora.
564 2442 773 2483 (2)J1stitium
791 2439 889 2470 indici
906 2440 1024 2470 solebat
1041 2439 1074 2469 in
1090 2440 1193 2476 luctu,
1203 2439 1254 2468 vel
1278 2446 1365 2468 metu
1388 2437 1470 2478 pub-

180 2486 253 2518 lico.
299 2486 388 2528 Qid
405 2485 562 2523 fit,fus1i1s
579 2485 714 2526 explicat
744 2485 858 2521 noster,
878 2484 963 2514 infra
989 2494 1014 2514 c.
1040 2493 1091 2522 27.
1136 2483 1313 2514 Dicebatur
1330 2483 1470 2526 justitium

182 2541 219 2561 ex
237 2542 275 2562 eo
291 2532 378 2572 quod
386 2532 593 2574 jussgsteretur,
609 2529 671 2560 sive
685 2528 865 2571 jurisdictio
890 2528 1169 2560 intermitteretur.
1216 2528 1271 2569 (3)
1298 2527 1371 2557 Vid.
1403 2533 1469 2557 not.

184 2575 213 2606 8.
229 2577 269 2607 ad
286 2587 311 2607 c.
324 2586 375 2617 59.
389 2576 406 2606 l.
427 2586 452 2606 1.
484 2575 537 2617 (4)
549 2575 622 2605 Vid.
639 2575 660 2604 1.
679 2584 704 2605 1.
717 2586 742 2604 c.
756 2583 806 2611 42.
823 2581 888 2604 not.
906 2573 934 2604 8.
951 2574 981 2603 δε
999 2584 1024 2603 c.
1037 2584 1088 2610 44.
1104 2580 1170 2603 not.
1185 2582 1212 2611 3.
1230 2572 1368 2603 Censum
1391 2582 1470 2611 qua-

183 2628 232 2651 ter
243 2622 352 2652 αόὶυῃι
363 2620 452 2651 fuisse
468 2631 486 2650 a
508 2619 618 2650 Servio
629 2618 738 2649 Tullio
756 2626 864 2649 narrat
881 2618 987 2648 Valer.
1005 2619 1094 2648 Max.
1110 2620 1277 2658 Regnante
1288 2614 1470 2656 Tarquinio

184 2664 543 2706 Superbointermiss'us.
560 2671 673 2706 quater
690 2662 806 2695 deinde
830 2670 904 2694 ante
926 2663 1011 2694 hunc
1036 2673 1157 2694 annum
1173 2663 1274 2700 aetus,
1298 2660 1469 2692 secundum

185 2711 383 2753 Dionysium.

1354 2754 1469 2786 centa

1598 268 1678 319 169
