1853 3158
367 284 648 327 LIBER
708 287 804 326 vn.
865 288 1048 343 CAP·
1109 281 1308 332 xxxiv-

196 408 326 449 totum
353 400 398 439 ‘in
428 401 568 440 vallem
590 399 770 440 infimam
794 404 855 456 (2)
883 404 1110 445 demitteret
1140 420 1300 460 agmen,
1332 407 1374 447 P.
1397 407 1483 446 Dea

194 458 280 497 cius
316 458 496 497 tribunus
530 457 705 496 militurn
737 460 930 515 conspicit
965 478 1091 503 unum
1128 465 1281 503 editum
1312 464 1352 503 in
1382 464 1481 504 saltu

194 516 356 565 collem,
386 514 662 553 imminentem
684 515 858 556 hostium
881 519 1029 568 castris,
1062 521 1171 560 aditu
1201 522 1373 561 arduum
1407 522 1482 560 im·-

193 573 328 624 pedito
350 571 512 625 agmini,
543 573 737 626 expeditis
758 573 864 613 haud
889 577 1106 617 difficilem.
1167 579 1307 632 Itaque
1329 579 1481 619 consuli

194 629 330 668 territo
363 631 422 681 (3)
462 629 601 680 animi,
636 631 784 684 Videsne
820 641 877 681 tu,
909 634 1054 686 inquit,
1098 636 1150 675 A.
1186 636 1346 686 Corneli,
1376 653 1483 676 cacu-

196 702 274 724 men
295 686 388 724 illud
390 686 511 739 supra
531 686 656 742 hqstem
672 691 691 726 Ρ
715 691 774 741 (4)
797 689 886 727 Arx
902 691 965 728 illa
985 692 1030 745 (st
1036 693 1117 744 spei
1124 693 1325 747 salutisque
1344 695 1482 749 nostrae,

180 742 220 796 st
237 758 327 790 eam,
359 758 469 795 quam
490 746 570 782 caeci
594 747 769 798 reliquere
792 746 985 796 Samnites,
1008 749 1162 801 impigre
1181 753 1356 802 capimus.
1420 752 1483 790 Ne

193 809 234 838 tu
268 799 358 838 mihi
383 801 486 852 plus,
517 802 629 855 qzthm
665 805 774 842 unius
805 804 949 857 legionis
964 807 1150 857 principes
1169 807 1385 861 hastatosque
1407 812 1482 863 (ς’),

190 856 342 896 dederis.
384 873 467 896 cum
497 861 626 912 quibus
660 861 719 900 ubi
749 866 773 911 †
793 863 935 915 evcgsero
969 864 1007 901 in
1027 863 1233 916 summum,
1257 876 1369 918 perge
1399 867 1484 905 hinc

190 915 287 952 omni
320 915 410 953 liber
445 925 554 964 metu,
586 926 687 971 teque
716 919 767 958 δῖ’
785 921 983 959 exercitum
991 921 1122 974 serva.
1152 937 1264 974 neque
1294 925 1389 961 enim
1411 939 1484 962 mo-

189 973 274 1010 veri
299 971 417 1027 hstis,
436 974 624 1028 fitlgjethcs
658 976 754 1014 nobis
772 976 824 1014 ad
840 992 958 1016 omnes
993 979 1100 1026 iffas,
1115 977 1200 1033 'fine
1218 980 1299 1032 fila‘*
1321 983 1484 1032 pernicie

182 1027 330 1080 poterit.
393 1030 473 1069 Nos
502 1031 626 1080 deinde
660 1042 725 1071 aut
741 1033 906 1088 fhrtmm
918 1037 1042 1088 populi
1073 1037 1248 1085 Romani,
1280 1047 1347 1076 aut
1367 1038 1484 1092 nqstra

188 1088 315 1126 virtus
333 1087 502 1139 expediet.
564 1087 826 1130 Collaudatus
848 1091 896 1130 ab
913 1093 1088 1142 consule,
1103 1103 1267 1146 accepto
1288 1096 1484 1147 praefidio,

189 1144 297 1183 vadit
331 1146 515 1185 occultus
550 1161 620 1199 per
657 1147 826 1196 saltum3
859 1163 932 1188 nec
952 1148 1064 1203 prius
1086 1150 1134 1189 ab
1155 1150 1266 1190 hoste
1286 1153 1342 1192 est
1363 1153 1484 1202 visus,

189 1200 311 1254 quam
333 1203 437 1251 loco,
469 1218 590 1258 quem
625 1205 797 1257 petebat,
829 1207 1179 1261 appropinquavit.»
1238 1209 1336 1248 Inde
1357 1211 1485 1250 admi&

189 1259 340 1298 ratione
365 1262 425 1313 (6)
450 1261 685 1313 paventibus
715 1262 890 1312 cunfflis,
921 1278 1048 1316 quum
1070 1265 1254 1304 onmium
1277 1268 1316 1305 in
1340 1267 1376 1307 se
1398 1282 1486 1308 vera

189 1316 290 1356 tiffet
325 1319 478 1366 oculos,
512 1321 552 1358 δε
586 1318 757 1371 spatium
791 1320 945 1359 consuli
967 1323 1076 1361 dedit
1098 1324 1146 1362 ad
1179 1323 1486 1365 subducendum

189 1388 333 1427 agmen
370 1374 410 1412 in
447 1375 665 1427 aequiorem
700 1378 853 1427 locum,
887 1379 1091 1432 &ipsein
1114 1381 1270 1421 summo
1308 1382 1486 1422 constitit

189 1432 348 1471 vertice.
410 1431 627 1483 Samnites,
659 1435 757 1473 dum
792 1434 871 1476 huc
911 1436 1005 1476 illuc
1042 1437 1148 1492 signa
1178 1449 1354 1489 vertunt,
1387 1442 1486 1480 utri-

190 1488 314 1541 usque
349 1489 405 1528 rei
426 1489 568 1530 amissa
588 1492 809 1541 occasione,
841 1507 971 1546 neque
989 1494 1142 1548 insequi
1161 1497 1382 1546 consulem,
1413 1498 1484 1537 nisi

188 1560 260 1598 per
295 1547 463 1585 eandem
484 1549 645 1600 vallem,
676 1550 717 1588 in
749 1551 827 1602 qua
846 1552 981 1603 paullo
1012 1552 1103 1591 ante
1134 1553 1360 1608 subjectum
1389 1569 1486 1595 eum

187 1603 277 1642 telis
312 1603 390 1643 suis
420 1603 656 1655 habuerant,
687 1608 870 1659 poffunt3
914 1622 987 1648 nec
1019 1615 1042 1661 †
1077 1611 1228 1664 erigere
1263 1627 1407 1666 agmen
1443 1614 1487 1651 in

189 1670 353 1713 captum
389 1661 505 1714 super
526 1662 563 1701 se
595 1663 643 1702 ab
672 1664 804 1704 Decio
838 1667 1055 1705 tumulum.
1115 1667 1195 1707 Sed
1217 1684 1344 1722 quum
1365 1670 1421 1709 ira
1444 1671 1486 1709 in

189 1716 263 1756 hos
296 1719 436 1772 magis,
469 1719 537 1771 qui
574 1719 780 1760 fortunam
812 1724 997 1775 gerendae
1027 1724 1084 1763 rei
1110 1725 1355 1778 eripuerant,
1397 1737 1486 1766 tum

188 1775 465 1828 propinquitas
485 1776 562 1816 loci
584 1787 702 1830 atque
725 1778 805 1831 ipsa
824 1780 1003 1832 paucitas
1025 1781 1185 1822 incitat:
1219 1786 1260 1824 &s
1281 1798 1389 1823 nunc
1411 1786 1488 1824 cir-

187 1834 377 1872 cumdare
412 1834 590 1886 urdique
624 1835 768 1875 collem
804 1838 965 1877 armatis
989 1840 1144 1888 volunt,
1192 1851 1235 1879 ut
1271 1856 1292 1880 a
1325 1842 1489 1882 consule

189 1889 365 1930 Decium
407 1890 701 1940 intercludant3
746 1908 854 1933 nunc
895 1895 1000 1934 viam
1041 1896 1281 1950 patefacere,
1329 1910 1372 1938 ut
1418 1901 1487 1939 de-

188 1948 333 2000 greffos
365 1949 405 1987 in
426 1949 570 1988 vallem
598 1951 841 1991 adoriantur.
874 1952 1048 1993 incertos
1070 1955 1168 2006 quid
1196 1967 1373 2009 agerent,
1406 1971 1486 1996 nox

190 2005 388 2058 oppreffit.
449 2006 626 2046 Decium
660 2006 839 2061 primum
874 2009 960 2062 spes
992 2012 1137 2061 tenuit,
1184 2027 1278 2052 cum
1314 2013 1487 2054 subeunoe

190 2062 296 2103 tibus
318 2063 359 2101 in
379 2063 587 2103 adversum
618 2067 762 2105 collem
798 2081 846 2105 ex
884 2067 1083 2120 superiore
1115 2070 1204 2110 loco
1226 2070 1264 2109 se
1285 2083 1487 2126 pugnatu—

190 2133 304 2159 rum:
336 2118 478 2160 deinde
506 2122 716 2162 admiratio
734 2129 759 2177 †
780 2124 943 2173 incessit,
975 2125 1087 2178 quod
1108 2141 1182 2167 nec
1211 2143 1389 2183 pugnarn
1412 2129 1488 2168 inim

190 2187 294 2225 rent,
326 2191 413 2227 nec,
445 2179 470 2217 fi
503 2178 550 2218 ab
578 2194 626 2219 eo
657 2181 817 2220 confilio
838 2182 1048 2235 iniquitate
1077 2185 1154 2224 loci
1176 2186 1487 2237 deterrerentur,

192 2247 311 2286 opere
334 2235 370 2274 se
391 2237 575 2289 valloque
596 2237 904 2279 circumdarent.
965 2241 1076 2280 Tum
1112 2244 1415 2284 centurionibus
1437 2247 1488 2285 ad

193 2289 232 2329 se
252 2292 417 2343 vocatis,
451 2293 638 2348 Qeaenam
677 2296 742 2335 illa
776 2297 916 2351 i'fi'il‘sa
951 2298 1032 2337 belli
1061 2315 1106 2338 ac
1130 2301 1291 2354 pigritiq
1311 2302 1389 2357 est?
1421 2312 1489 2341 aut

1332 2375 1487 2413 quonam

195 2470 302 2494 totum
329 2475 443 2505 agmen
482 2466 647 2498 demififfet
671 2468 704 2499 in
733 2470 858 2502 vallem.
903 2472 957 2511 (2)
992 2474 1177 2505 Gronovius
1207 2477 1376 2505 demitterent
1414 2475 1487 2507 sub-³

193 2508 295 2539 stituit
339 2511 501 2550 refertque
534 2513 575 2542 ad
611 2513 774 2545 Samnites.
820 2515 1108 2549 Drakenborchius
1147 2518 1307 2550 Gronovii
1338 2521 1488 2551 emenda-

194 2552 318 2584 tionem
334 2554 464 2595 recepit,
486 2555 622 2586 alteram
644 2566 752 2588 autem
776 2558 1077 2601 interpretationem
1100 2563 1260 2595 veriorem
1282 2562 1342 2594 effe
1358 2565 1488 2596 fatetur.

195 2598 309 2640 Qum
325 2597 422 2638 igitur
439 2599 549 2639 plures
566 2600 745 2642 optimique
762 2604 887 2635 codices
903 2607 1052 2636 demitteret
1067 2608 1118 2638 vel
1130 2611 1280 2639 dimitteret
1298 2610 1488 2649 praeferunt‚

195 2640 278 2672 illud
299 2645 524 2683 reponendum
546 2645 634 2675 duxi.
660 2648 697 2677 E.
744 2647 798 2687 (3)
821 2649 900 2680 Vid.
917 2657 984 2680 not.
1006 2660 1032 2680 1.
1049 2652 1088 2682 ad
1106 2663 1135 2684 c.
1161 2663 1214 2683 11.
1238 2652 1257 2683 l.
1276 2653 1302 2684 6.
1323 2654 1353 2683 δι
1376 2662 1442 2684 not.
1461 2665 1489 2691 4.

194 2687 236 2716 ad
249 2697 278 2716 c.
299 2688 348 2725 36.
365 2688 465 2728 ejusd.
486 2688 540 2718 lib.
587 2691 640 2730 (4)
664 2691 738 2721 Vid.
758 2700 824 2722 not.
847 2693 877 2724 6.
897 2695 935 2724 ad
958 2705 986 2725 c.
1002 2705 1051 2735 ²9·
1068 2697 1171 2737 suprfi.
1217 2698 1274 2738 (5)
1297 2699 1345 2728 De
1363 2697 1410 2729 his
1424 2698 1488 2728 vid,

193 2729 215 2760 L
233 2730 260 2761 8.
280 2742 308 2762 c.
323 2731 350 2762 8.
373 2731 468 2764 infra.
493 2732 683 2766 Efficiebam
697 2747 868 2769 numerum
884 2738 1050 2770 hominum
1063 2740 1189 2773 circiter
1205 2751 1300 2779 2400.
1344 2742 1401 2781 (6)
1418 2742 1491 2772 Vid.

240 2775 292 2807 TO
302 2786 344 2807 M.
362 2777 398 2808 Π.
844 2784 855 2812 Ξ
1345 2789 1361 2826 †
1380 2795 1491 2827 pavor-

1627 302 1703 344 113
