1853 3158
397 274 677 329 LIBER
737 274 789 322 Xa
849 275 1030 322 CAP.
1090 277 1222 320 XLV,

180 403 247 446 die
290 402 507 457 Aquilonia
541 403 577 440 &
613 393 849 440 Cominium
885 391 1162 451 deflagravere.
1201 395 1239 433 8<
1274 389 1470 438 consules,

184 467 247 519 (3)
269 475 360 502 cum
381 458 643 516 gratulatione
666 456 805 495 mutua
825 456 1030 510 legionum
1050 452 1211 506 suaque,
1233 450 1355 491 castra
1376 463 1474 488 cone¹

185 523 373 575 junxere.
434 518 481 556 In
512 513 730 567 conspeetu
749 513 921 552 duorum
942 511 1190 551 exercituum
1214 512 1251 549 δε
1275 506 1474 547 Carvilius

187 578 278 617 suos
304 591 375 630 pro
410 572 601 628 cujusque
635 570 777 610 merito
813 570 986 610 laudavit
1018 568 1288 620 donavitque3
1321 567 1362 605 ἃ
1399 562 1478 602 Pa·

188 636 331 689 pitius,
362 632 468 685 apud
490 643 611 683 quem
632 629 841 681 multiplex
874 627 914 666 in
950 627 1048 675 acie,
1078 626 1182 665 circa
1203 624 1341 671 castra,
1373 621 1480 660 circa

186 692 342 740 urbem,
385 688 515 728 fuerat
549 696 766 735 certamen,
808 685 878 737 Sp.
914 685 1125 731 Nautium,
1157 682 1225 735 Sp.
1257 679 1480 734 Papirium,

187 748 322 789 fratris
362 745 509 797 filium,
553 747 593 785 &
634 753 805 798 quatuor
838 742 1105 788 centuriones,
1147 739 1481 792 manipulumque

185 806 446 852 hastatorum,
477 802 640 842 armillis
657 799 862 852 aureisque
885 798 1041 838 coronis
1063 797 1225 836 donavit
1243 812 1251 836 :
1281 795 1482 835 Nautium

189 873 352 917 propter
373 860 686 914 expeditionem,
718 858 795 911 qua
830 856 964 910 magni
1000 854 1170 908 agminis
1202 855 1322 892 modo
1355 862 1483 891 terru-

190 931 275 961 erat
314 919 469 959 hostes:
497 919 687 973 juvenem
722 915 928 968 Papirium
967 921 1129 966 propter
1170 919 1352 950 navatam
1389 922 1484 949 cum

190 978 375 1031 equitatu
400 979 436 1016 δε
461 975 502 1014 in
532 975 676 1028 proelio
708 986 888 1026 operam,
923 973 962 1010 &
989 969 1124 1017 Ποξὶε,
1155 966 1233 1021 qua
1263 967 1401 1022 fugam
1423 966 1486 1004 in-

193 1036 335 1075 festam
379 1032 626 1074 Samnitibus
666 1029 714 1070 ab
757 1026 976 1081 Aquiloni&
1017 1028 1120 1066 clam
1161 1024 1316 1080 egreffis
1364 1023 1485 1064 fecit:

193 1095 257 1147 (4)
278 1091 532 1132 centuriones
569 1088 809 1140 militesque,
841 1086 933 1139 quia
964 1084 1081 1138 primi
1116 1093 1271 1136 portam
1303 1094 1486 1120 murum-

193 1163 272 1203 que
292 1147 524 1202 Aquiloniae
542 1154 742 1200 ceperant.
760 1144 914 1197 equites
931 1156 1086 1191 omnes,
1104 1141 1155 1180 ob
1172 1141 1364 1194 insignem
1380 1138 1486 1177 mul-

192 1208 243 1247 tis
265 1207 362 1246 locis
383 1219 561 1259 operam,
593 1206 653 1257 (5)
676 1201 890 1242 corniculis
926 1199 1164 1251 armillisque
1197 1197 1393 1252 argenteis
1413 1197 1486 1235 do-

194 1273 278 1305 nat.
339 1263 562 1304 Consilium
592 1261 683 1299 inde
715 1259 912 1306 habitum,
944 1271 1070 1310 quum
1102 1257 1186 1311 jam
1213 1266 1372 1308 tempus
1393 1254 1487 1293 effet

193 1320 419 1362 deducendi
440 1319 489 1359 ab
520 1318 685 1359 Samnio
715 1314 928 1364 exercitus,
951 1324 1018 1354 aut
1039 1313 1257 1366 utriusque,
1289 1321 1357 1351 aut
1378 1310 1485 1351 certe

195 1380 371 1419 alterius.
432 1377 647 1430 Optimum
674 1374 817 1424 visum,
848 1387 928 1427 quo
964 1372 1090 1426 magis
1116 1371 1255 1411 fractae
1289 1384 1351 1409 res
1372 1369 1488 1409 Sam-

194 1437 340 1476 nitium
362 1435 498 1484 essent,
530 1449 578 1474 eo
600 1430 845 1487 pertinacius
869 1434 908 1472 &
935 1428 1119 1469 infestius
1148 1442 1263 1483 agere
1284 1436 1416 1468 cetera
1444 1429 1483 1467 &

195 1494 407 1549 persequi:
439 1502 483 1531 ut
518 1491 791 1546 perdomitum
823 1489 1036 1529 Samnium
1071 1485 1368 1540 insequentibus
1394 1499 1491 1525 con-

198 1552 347 1592 sulibus
379 1546 481 1590 tradi
516 1550 651 1603 posset.
712 1547 889 1605 Qando
918 1547 1001 1601 jam
1037 1546 1171 1584 nullus
1202 1544 1294 1583 esset
1316 1543 1491 1582 hostium

196 1610 411 1656 exercitus,
442 1607 511 1660 qui
532 1607 648 1661 signis
665 1605 816 1646 collatis
836 1604 1098 1643 dimicaturus
1118 1602 1332 1650 videretur,
1364 1614 1492 1640 unum

198 1666 390 1720 superesse
442 1665 536 1704 belli
587 1677 729 1718 genus,
786 1661 946 1701 urbium
998 1660 1342 1714 oppugnationes3
1394 1672 1493 1711 qua-

198 1738 289 1764 rum
312 1737 382 1777 per
417 1722 570 1762 excidia
605 1721 773 1760 militem
806 1720 1050 1773 locupletare
1086 1718 1234 1771 praeda,
1269 1719 1306 1757 ὅ(
1336 1716 1492 1756 hostem

198 1796 271 1836 pro
307 1781 384 1820 aris
419 1794 464 1819 ac
493 1779 593 1819 focis
615 1779 872 1817 dimicantem
893 1776 1089 1817 conficere
1111 1775 1274 1829 possent.
1335 1775 1492 1827 Itaque,

196 1839 323 1879 literis
345 1838 464 1877 miffis
484 1838 533 1876 ad
555 1837 735 1876 senatum
753 1835 1029 1889 populumque
1051 1834 1285 1872 Romanum
1303 1833 1352 1871 de
1373 1832 1492 1871 rebus

200 1896 250 1937 ab
281 1896 318 1935 se
351 1895 485 1950 gestis,
515 1901 539 1947 †
560 1893 715 1942 diversi,
746 1893 929 1946 Papirius
959 1892 1009 1931 ad
1040 1891 1264 1944 Saepinum,
1296 1889 1494 1930 Carvilius

202 1955 253 1994 ad
276 1954 477 1993 Volanam
500 1951 813 2005 oppugnandam
836 1950 1012 2004 legiones
1035 1950 1202 1989 ducunt.

259 2010 392 2050 XLV.
424 2010 571 2049 Literae
589 2008 798 2049 consulum
815 2007 967 2061 ingenti
985 2006 1120 2046 laetitia
1141 2009 1179 2047 &
1202 2006 1244 2045 in
1267 2005 1376 2046 curi&
1396 2007 1432 2046 8<
1453 2005 1492 2044 in

201 2068 396 2110 concione
435 2067 608 2115 auditae3
643 2061 698 2106 &¹
721 2064 925 2118 quatridui
960 2064 1246 2118 supplicatione
1287 2063 1495 2117 publicum

202 2126 397 2185 gaudium
432 2124 594 2177 privatis
620 2122 758 2163 studiis
785 2121 1030 2162 celebratum
1051 2121 1120 2161 est.
1143 2135 1217 2161 nec
1238 2123 1387 2176 populo
1408 2122 1495 2161 Ro-

202 2197 323 2224 mano
359 2195 505 2237 magna
537 2179 684 2231 solum,
734 2181 799 2220 sed
831 2189 1128 2233 peropportuna
1164 2180 1298 2226 etiam,
1342 2193 1386 2218 ea
1414 2179 1496 2219 vic·-

203 2242 305 2283 toria
340 2240 443 2287 fuit;
476 2238 568 2291 quia
602 2251 672 2291 per
707 2238 814 2277 idem
836 2237 938 2276 forte
961 2247 1120 2292 tempus
1142 2236 1339 2276 rebellasse
1360 2236 1496 2276 Etrus-

203 2313 273 2340 cos
306 2299 471 2337 allatum
517 2295 586 2334 est.
645 2294 814 2334 Subibat
847 2295 1036 2348 cogitatio
1070 2295 1266 2343 animum,
1317 2309 1493 2346 quonam
1514 2314 1688 2354 Etrufi-orum

203 2356 326 2400 modo
347 2352 563 2394 tolerabilis
582 2351 718 2392 futura
739 2352 897 2392 Etruria
925 2348 1069 2400 fuiffet,
1102 2352 1127 2390 si
1149 2352 1246 2405 quid
1268 2352 1307 2390 in
1329 2352 1493 2392 Samnio
1514 2361 1627 2391 rebellio.

204 2471 299 2514 bazfia
328 2470 411 2506 sunt,
442 2469 529 2500 unde
555 2468 660 2500 omnis
688 2469 798 2510 praeda
828 2468 928 2510 egesta
955 2467 1008 2504 est..
1057 2467 1106 2499 Sic
1136 2468 1220 2498 infra
1252 2468 1272 2498 1.
1304 2468 1355 2500 26.
1382 2479 1410 2499 c.
1440 2478 1495 2508 30.
1540 2468 1543 2474 '

205 2516 230 2546 l.
250 2526 298 2554 34.
316 2526 344 2546 c.
365 2524 414 2552 13.
459 2515 514 2554 (3)
537 2513 692 2554 Legiones
720 2513 909 2554 legionibus,
935 2512 1045 2543 consul
1063 2513 1182 2543 consuli
1200 2512 1370 2543 vime-iam
1386 2522 1497 2554 gratu-

206 2560 265 2591 lati
292 2560 375 2589 sunt.
419 2559 474 2598 (4)
510 2559 661 2601 Qatuor
689 2557 902 2593 centuriones,
938 2557 1204 2598 manipulumque
1232 2556 1323 2588 illum
1350 2557 1496 2588 Hastam-

207 2614 292 2638 rum,
314 2604 354 2633 de
381 2603 498 2643 quibus
514 2603 612 2633 modo
629 2601 750 2633 mentio
776 2603 862 2633 facta
887 2601 938 2633 est.
983 2602 1038 2642 (5)
1062 2602 1151 2644 Qid
1180 2612 1237 2642 per
1264 2605 1398 2632 cornicula
1427 2603 1497 2636 haee

206 2647 453 2688 intelligendum
465 2647 512 2684 sit,
535 2647 693 2677 incertum
716 2646 770 2677 est.
818 2647 1012 2686 Plerumque
1036 2646 1227 2688 intelligitur
1244 2657 1283 2678 eo
1300 2647 1429 2678 nomine
1445 2657 1497 2677 or=¹

206 2700 396 2726 namentum
411 2691 520 2734 galeae,
541 2692 630 2733 quod
646 2701 805 2724 cornuum
820 2691 959 2734 speciem
976 2690 1144 2723 referebat.

1350 2751 1503 2801 advers}
