<?xml version="1.0" encoding="UTF-8"?>
<!DOCTYPE html PUBLIC "-//W3C//DTD XHTML 1.0 Transitional//EN"
    "http://www.w3.org/TR/xhtml1/DTD/xhtml1-transitional.dtd">
<html xmlns="http://www.w3.org/1999/xhtml" xml:lang="en" lang="en">
 <head>
  <title>
</title>
<meta http-equiv="Content-Type" content="text/html;charset=utf-8" />
  <meta name='ocr-system' content='tesseract 3.04.00' />
  <meta name='ocr-capabilities' content='ocr_page ocr_carea ocr_par ocr_line ocrx_word'/>
</head>
<body>
  <div class='ocr_page' id='page_1' title='image "./historiaeromanae01livyuoft_0514.png"; bbox 0 0 1853 3158; ppageno 0'>
   <div class='ocr_carea' id='block_1_1' title="bbox 165 275 218 312">
    <p class='ocr_par' dir='ltr' id='par_1_1' title="bbox 165 275 218 312">
     <span class='ocr_line' id='line_1_1' title="bbox 165 275 218 312; baseline 0 -8"><span class='ocrx_word' id='word_1_1' title='bbox 165 275 218 312; x_wconf 86' lang='lat'><strong>42</strong></span> 
     </span>
    </p>
   </div>
   <div class='ocr_carea' id='block_1_2' title="bbox 848 264 1215 308">
    <p class='ocr_par' dir='ltr' id='par_1_2' title="bbox 848 264 1215 308">
     <span class='ocr_line' id='line_1_2' title="bbox 848 264 1215 308; baseline -0.003 -1"><span class='ocrx_word' id='word_1_2' title='bbox 848 264 899 307; x_wconf 86' lang='lat' dir='ltr'><strong>T.</strong></span> <span class='ocrx_word' id='word_1_3' title='bbox 959 265 1215 308; x_wconf 89' lang='lat' dir='ltr'>LIVII</span> 
     </span>
    </p>
   </div>
   <div class='ocr_carea' id='block_1_3' title="bbox 161 379 1674 435">
    <p class='ocr_par' dir='ltr' id='par_1_3' title="bbox 161 379 1674 435">
     <span class='ocr_line' id='line_1_3' title="bbox 161 379 1674 435; baseline 0.007 -21"><span class='ocrx_word' id='word_1_4' title='bbox 161 383 272 416; x_wconf 60' lang='lat' dir='ltr'><strong>Bellum</strong></span> <span class='ocrx_word' id='word_1_5' title='bbox 284 387 364 418; x_wconf 71' lang='lat' dir='ltr'><em>Prae-</em></span> <span class='ocrx_word' id='word_1_6' title='bbox 387 382 424 420; x_wconf 75' lang='lat' dir='ltr'><strong>Sc</strong></span> <span class='ocrx_word' id='word_1_7' title='bbox 449 380 498 419; x_wconf 86' lang='lat' dir='ltr'><strong>ad</strong></span> <span class='ocrx_word' id='word_1_8' title='bbox 531 379 766 421; x_wconf 82' lang='lat' dir='ltr'><strong>Praenestini</strong></span> <span class='ocrx_word' id='word_1_9' title='bbox 800 380 950 421; x_wconf 86' lang='lat' dir='ltr'><strong>famam</strong></span> <span class='ocrx_word' id='word_1_10' title='bbox 980 380 1073 421; x_wconf 90' lang='lat' dir='ltr'><strong>belli</strong></span> <span class='ocrx_word' id='word_1_11' title='bbox 1106 395 1228 422; x_wconf 85' lang='lat' dir='ltr'><strong>novas</strong></span> <span class='ocrx_word' id='word_1_12' title='bbox 1253 379 1429 435; x_wconf 84' lang='lat' dir='ltr'><strong>legiones</strong></span> <span class='ocrx_word' id='word_1_13' title='bbox 1453 381 1674 424; x_wconf 81' lang='lat' dir='ltr'><strong>scribendas</strong></span> 
     </span>
    </p>
   </div>
   <div class='ocr_carea' id='block_1_4' title="bbox 161 431 295 473">
    <p class='ocr_par' dir='ltr' id='par_1_4' title="bbox 161 431 295 473">
     <span class='ocr_line' id='line_1_4' title="bbox 161 431 295 473; baseline 0 -12"><span class='ocrx_word' id='word_1_14' title='bbox 161 431 295 473; x_wconf 63' lang='lat' dir='ltr'><strong>nfstmum.</strong></span> 
     </span>
    </p>
   </div>
   <div class='ocr_carea' id='block_1_5' title="bbox 148 1444 348 1519">
    <p class='ocr_par' dir='ltr' id='par_1_5' title="bbox 148 1444 348 1519">
     <span class='ocr_line' id='line_1_5' title="bbox 152 1444 348 1485; baseline 0.02 -14"><span class='ocrx_word' id='word_1_15' title='bbox 152 1444 187 1471; x_wconf 68' lang='grc' dir='ltr'><strong>Τ.</strong></span> <span class='ocrx_word' id='word_1_16' title='bbox 199 1444 348 1485; x_wconf 53' lang='lat' dir='ltr'><strong>in&#39;mffi&#39;us</strong></span> 
     </span>
     <span class='ocr_line' id='line_1_6' title="bbox 148 1490 272 1519; baseline 0.016 -2"><span class='ocrx_word' id='word_1_17' title='bbox 148 1490 272 1519; x_wconf 55' lang='lat' dir='ltr'><strong>difflatur.</strong></span> 
     </span>
    </p>
   </div>
   <div class='ocr_carea' id='block_1_6' title="bbox 361 437 1674 1933">
    <p class='ocr_par' dir='ltr' id='par_1_6' title="bbox 372 437 1674 1011">
     <span class='ocr_line' id='line_1_7' title="bbox 381 437 1673 492; baseline 0.002 -15"><span class='ocrx_word' id='word_1_18' title='bbox 381 437 521 478; x_wconf 86' lang='lat' dir='ltr'><strong>Patres</strong></span> <span class='ocrx_word' id='word_1_19' title='bbox 543 438 791 478; x_wconf 87' lang='lat' dir='ltr'><strong>censuerant.</strong></span> <span class='ocrx_word' id='word_1_20' title='bbox 826 453 916 491; x_wconf 82' lang='lat' dir='ltr'><strong>quae</strong></span> <span class='ocrx_word' id='word_1_21' title='bbox 949 449 1116 492; x_wconf 86' lang='lat' dir='ltr'><strong>utraque</strong></span> <span class='ocrx_word' id='word_1_22' title='bbox 1145 441 1258 479; x_wconf 76' lang='lat' dir='ltr'><strong>simul</strong></span> <span class='ocrx_word' id='word_1_23' title='bbox 1291 439 1438 478; x_wconf 86' lang='lat' dir='ltr'><strong>auxilio</strong></span> <span class='ocrx_word' id='word_1_24' title='bbox 1459 439 1673 480; x_wconf 89' lang='lat' dir='ltr'><strong>tribunicio</strong></span> 
     </span>
     <span class='ocr_line' id='line_1_8' title="bbox 385 495 1674 551; baseline 0.002 -17"><span class='ocrx_word' id='word_1_25' title='bbox 385 497 422 535; x_wconf 71' lang='grc' dir='ltr'>ἃ</span> <span class='ocrx_word' id='word_1_26' title='bbox 462 495 655 535; x_wconf 89' lang='lat' dir='ltr'><strong>consensu</strong></span> <span class='ocrx_word' id='word_1_27' title='bbox 689 496 814 549; x_wconf 87' lang='lat' dir='ltr'><strong>plebis</strong></span> <span class='ocrx_word' id='word_1_28' title='bbox 848 497 1032 550; x_wconf 89' lang='lat' dir='ltr'><strong>impediri</strong></span> <span class='ocrx_word' id='word_1_29' title='bbox 1068 507 1212 551; x_wconf 85' lang='lat' dir='ltr'><strong>coepta.</strong></span> <span class='ocrx_word' id='word_1_30' title='bbox 1276 497 1383 536; x_wconf 86' lang='lat' dir='ltr'><strong>Nam</strong></span> <span class='ocrx_word' id='word_1_31' title='bbox 1415 510 1544 549; x_wconf 91' lang='lat' dir='ltr'><strong>neque</strong></span> <span class='ocrx_word' id='word_1_32' title='bbox 1581 498 1674 537; x_wconf 90' lang='lat' dir='ltr'><strong>duci</strong></span> 
     </span>
     <span class='ocr_line' id='line_1_9' title="bbox 378 553 1671 609; baseline 0.002 -17"><span class='ocrx_word' id='word_1_33' title='bbox 378 553 562 593; x_wconf 67' lang='lat' dir='ltr'><strong>addi&amp;os</strong></span> <span class='ocrx_word' id='word_1_34' title='bbox 585 553 736 593; x_wconf 88' lang='lat' dir='ltr'><strong>tribuni</strong></span> <span class='ocrx_word' id='word_1_35' title='bbox 759 553 950 605; x_wconf 75' lang='lat' dir='ltr'>sinebant,</span> <span class='ocrx_word' id='word_1_36' title='bbox 982 569 1112 607; x_wconf 89' lang='lat' dir='ltr'><strong>neque</strong></span> <span class='ocrx_word' id='word_1_37' title='bbox 1125 555 1305 609; x_wconf 87' lang='lat' dir='ltr'><strong>juniores</strong></span> <span class='ocrx_word' id='word_1_38' title='bbox 1327 554 1489 593; x_wconf 86' lang='lat' dir='ltr'><strong>nomina</strong></span> <span class='ocrx_word' id='word_1_39' title='bbox 1511 554 1671 594; x_wconf 89' lang='lat' dir='ltr'><strong>dabant.</strong></span> 
     </span>
     <span class='ocr_line' id='line_1_10' title="bbox 379 610 1672 668; baseline 0.002 -18"><span class='ocrx_word' id='word_1_40' title='bbox 379 611 522 668; x_wconf 86' lang='lat' dir='ltr'><strong>Qum</strong></span> <span class='ocrx_word' id='word_1_41' title='bbox 552 610 735 651; x_wconf 86' lang='lat' dir='ltr'><strong>Patribus</strong></span> <span class='ocrx_word' id='word_1_42' title='bbox 757 613 816 666; x_wconf 91' lang='lat'><strong>(7)</strong></span> <span class='ocrx_word' id='word_1_43' title='bbox 840 611 971 652; x_wconf 90' lang='lat' dir='ltr'><strong>minor</strong></span> <span class='ocrx_word' id='word_1_44' title='bbox 989 612 1159 665; x_wconf 76' lang='lat' dir='ltr'><strong>praesens</strong></span> <span class='ocrx_word' id='word_1_45' title='bbox 1181 627 1276 652; x_wconf 88' lang='lat' dir='ltr'><strong>cura</strong></span> <span class='ocrx_word' id='word_1_46' title='bbox 1298 612 1458 652; x_wconf 65' lang='lat' dir='ltr'><strong>creditae</strong></span> <span class='ocrx_word' id='word_1_47' title='bbox 1490 612 1672 664; x_wconf 84' lang='lat' dir='ltr'><strong>pecuniae</strong></span> 
     </span>
     <span class='ocr_line' id='line_1_11' title="bbox 372 668 1673 723; baseline 0.002 -17"><span class='ocrx_word' id='word_1_48' title='bbox 372 669 476 722; x_wconf 84' lang='lat' dir='ltr'><strong>juris</strong></span> <span class='ocrx_word' id='word_1_49' title='bbox 516 668 772 722; x_wconf 83' lang='lat' dir='ltr'><strong>exsequendi,</strong></span> <span class='ocrx_word' id='word_1_50' title='bbox 805 668 927 722; x_wconf 66' lang='lat' dir='ltr'><strong>quarn</strong></span> <span class='ocrx_word' id='word_1_51' title='bbox 963 668 1162 721; x_wconf 61' lang='lat' dir='ltr'><strong>deleeffis,</strong></span> <span class='ocrx_word' id='word_1_52' title='bbox 1193 670 1314 717; x_wconf 82' lang='lat' dir='ltr'><strong>effet3</strong></span> <span class='ocrx_word' id='word_1_53' title='bbox 1347 670 1495 723; x_wconf 83' lang='lat' dir='ltr'>quippe</span> <span class='ocrx_word' id='word_1_54' title='bbox 1530 670 1615 723; x_wconf 86' lang='lat' dir='ltr'><strong>jam</strong></span> <span class='ocrx_word' id='word_1_55' title='bbox 1649 684 1673 709; x_wconf 82' lang='lat' dir='ltr'><strong>a</strong></span> 
     </span>
     <span class='ocr_line' id='line_1_12' title="bbox 376 723 1672 780; baseline 0 -14"><span class='ocrx_word' id='word_1_56' title='bbox 376 726 575 766; x_wconf 82' lang='lat' dir='ltr'><strong>Praeneste</strong></span> <span class='ocrx_word' id='word_1_57' title='bbox 598 726 801 780; x_wconf 61' lang='lat' dir='ltr'><strong>profeEIos</strong></span> <span class='ocrx_word' id='word_1_58' title='bbox 830 726 963 767; x_wconf 88' lang='lat' dir='ltr'>hostes</span> <span class='ocrx_word' id='word_1_59' title='bbox 985 728 1024 766; x_wconf 90' lang='lat' dir='ltr'><strong>in</strong></span> <span class='ocrx_word' id='word_1_60' title='bbox 1047 741 1142 780; x_wconf 82' lang='lat' dir='ltr'><strong>agro</strong></span> <span class='ocrx_word' id='word_1_61' title='bbox 1171 729 1232 780; x_wconf 90' lang='lat'><strong>(8)</strong></span> <span class='ocrx_word' id='word_1_62' title='bbox 1267 723 1429 766; x_wconf 85' lang='lat' dir='ltr'><strong>Gabino</strong></span> <span class='ocrx_word' id='word_1_63' title='bbox 1460 726 1672 767; x_wconf 71' lang='lat' dir='ltr'><strong>consedifl&#39;e</strong></span> 
     </span>
     <span class='ocr_line' id='line_1_13' title="bbox 376 783 1673 837; baseline 0.001 -15"><span class='ocrx_word' id='word_1_64' title='bbox 376 783 670 833; x_wconf 80' lang='lat' dir='ltr'><strong>nunciabatur3</strong></span> <span class='ocrx_word' id='word_1_65' title='bbox 702 784 862 824; x_wconf 85' lang='lat' dir='ltr'>interim</span> <span class='ocrx_word' id='word_1_66' title='bbox 883 784 1064 824; x_wconf 85' lang='lat' dir='ltr'><strong>tribunos</strong></span> <span class='ocrx_word' id='word_1_67' title='bbox 1086 783 1212 837; x_wconf 88' lang='lat' dir='ltr'><strong>plebis</strong></span> <span class='ocrx_word' id='word_1_68' title='bbox 1241 783 1348 823; x_wconf 87' lang='lat' dir='ltr'><strong>fama</strong></span> <span class='ocrx_word' id='word_1_69' title='bbox 1368 799 1414 823; x_wconf 86' lang='lat' dir='ltr'><strong>ea</strong></span> <span class='ocrx_word' id='word_1_70' title='bbox 1435 784 1516 837; x_wconf 86' lang='lat' dir='ltr'><strong>ipsa</strong></span> <span class='ocrx_word' id='word_1_71' title='bbox 1544 784 1673 823; x_wconf 83' lang='lat' dir='ltr'><strong>irrita-</strong></span> 
     </span>
     <span class='ocr_line' id='line_1_14' title="bbox 375 840 1669 896; baseline 0.001 -16"><span class='ocrx_word' id='word_1_72' title='bbox 375 851 485 881; x_wconf 78' lang='lat' dir='ltr'><strong>verat</strong></span> <span class='ocrx_word' id='word_1_73' title='bbox 505 841 632 896; x_wconf 86' lang='lat' dir='ltr'><strong>magis</strong></span> <span class='ocrx_word' id='word_1_74' title='bbox 666 843 715 881; x_wconf 89' lang='lat' dir='ltr'><strong>ad</strong></span> <span class='ocrx_word' id='word_1_75' title='bbox 749 841 975 896; x_wconf 88' lang='lat' dir='ltr'><strong>susceptum</strong></span> <span class='ocrx_word' id='word_1_76' title='bbox 1004 852 1222 893; x_wconf 85' lang='lat' dir='ltr'><strong>certamen,</strong></span> <span class='ocrx_word' id='word_1_77' title='bbox 1254 840 1377 893; x_wconf 70' lang='lat' dir='ltr'><strong>quam</strong></span> <span class='ocrx_word' id='word_1_78' title='bbox 1410 842 1669 882; x_wconf 78' lang='lat' dir='ltr'>deterruerat.</span> 
     </span>
     <span class='ocr_line' id='line_1_15' title="bbox 374 897 1673 953; baseline 0 -15"><span class='ocrx_word' id='word_1_79' title='bbox 374 912 505 952; x_wconf 88' lang='lat' dir='ltr'><strong>neque</strong></span> <span class='ocrx_word' id='word_1_80' title='bbox 528 900 635 939; x_wconf 88' lang='lat' dir='ltr'><strong>aliud</strong></span> <span class='ocrx_word' id='word_1_81' title='bbox 657 900 706 939; x_wconf 85' lang='lat' dir='ltr'><strong>ad</strong></span> <span class='ocrx_word' id='word_1_82' title='bbox 728 899 961 941; x_wconf 81' lang='lat' dir='ltr'><strong>seditionem</strong></span> <span class='ocrx_word' id='word_1_83' title='bbox 990 899 1320 953; x_wconf 85' lang='lat' dir='ltr'><strong>exstinguendam</strong></span> <span class='ocrx_word' id='word_1_84' title='bbox 1341 898 1383 937; x_wconf 89' lang='lat' dir='ltr'><strong>in</strong></span> <span class='ocrx_word' id='word_1_85' title='bbox 1404 897 1517 947; x_wconf 87' lang='lat' dir='ltr'><strong>urbe,</strong></span> <span class='ocrx_word' id='word_1_86' title='bbox 1549 898 1673 952; x_wconf 62' lang='lat' dir='ltr'><strong>quam</strong></span> 
     </span>
     <span class='ocr_line' id='line_1_16' title="bbox 373 956 1363 1011; baseline 0 -16"><span class='ocrx_word' id='word_1_87' title='bbox 373 970 497 1010; x_wconf 85' lang='lat' dir='ltr'><strong>prope</strong></span> <span class='ocrx_word' id='word_1_88' title='bbox 519 957 673 996; x_wconf 86' lang='lat' dir='ltr'><strong>illatum</strong></span> <span class='ocrx_word' id='word_1_89' title='bbox 696 957 899 997; x_wconf 86' lang='lat' dir='ltr'><strong>moenibus</strong></span> <span class='ocrx_word' id='word_1_90' title='bbox 921 958 1010 1011; x_wconf 87' lang='lat' dir='ltr'><strong>ipfis</strong></span> <span class='ocrx_word' id='word_1_91' title='bbox 1030 957 1195 1005; x_wconf 90' lang='lat' dir='ltr'><strong>bellum,</strong></span> <span class='ocrx_word' id='word_1_92' title='bbox 1227 956 1363 995; x_wconf 80' lang='lat' dir='ltr'><strong>valuit.</strong></span> 
     </span>
    </p>

    <p class='ocr_par' dir='ltr' id='par_1_7' title="bbox 361 1013 1671 1933">
     <span class='ocr_line' id='line_1_17' title="bbox 431 1013 1671 1067; baseline -0.001 -14"><span class='ocrx_word' id='word_1_93' title='bbox 431 1014 631 1054; x_wconf 90' lang='lat' dir='ltr'>XXVIII.</span> <span class='ocrx_word' id='word_1_94' title='bbox 674 1014 783 1053; x_wconf 90' lang='lat' dir='ltr'><strong>Nam</strong></span> <span class='ocrx_word' id='word_1_95' title='bbox 824 1029 951 1067; x_wconf 91' lang='lat' dir='ltr'><strong>quum</strong></span> <span class='ocrx_word' id='word_1_96' title='bbox 991 1016 1083 1054; x_wconf 85' lang='lat' dir='ltr'><strong>effet</strong></span> <span class='ocrx_word' id='word_1_97' title='bbox 1122 1013 1378 1054; x_wconf 71' lang='lat' dir='ltr'><strong>Praenestinis</strong></span> <span class='ocrx_word' id='word_1_98' title='bbox 1414 1013 1671 1066; x_wconf 83' lang='lat' dir='ltr'><strong>nunciatum,</strong></span> 
     </span>
     <span class='ocr_line' id='line_1_18' title="bbox 372 1071 1669 1125; baseline 0.001 -16"><span class='ocrx_word' id='word_1_99' title='bbox 372 1072 530 1110; x_wconf 87' lang='lat' dir='ltr'><strong>nullum</strong></span> <span class='ocrx_word' id='word_1_100' title='bbox 562 1071 784 1111; x_wconf 86' lang='lat' dir='ltr'><strong>exercitum</strong></span> <span class='ocrx_word' id='word_1_101' title='bbox 820 1072 1090 1125; x_wconf 87' lang='lat' dir='ltr'><strong>conscriptum</strong></span> <span class='ocrx_word' id='word_1_102' title='bbox 1125 1073 1286 1120; x_wconf 75' lang='lat' dir='ltr'><strong>Romae,</strong></span> <span class='ocrx_word' id='word_1_103' title='bbox 1331 1072 1488 1111; x_wconf 89' lang='lat' dir='ltr'><strong>nullum</strong></span> <span class='ocrx_word' id='word_1_104' title='bbox 1523 1072 1669 1111; x_wconf 88' lang='lat' dir='ltr'><strong>ducem</strong></span> 
     </span>
     <span class='ocr_line' id='line_1_19' title="bbox 371 1128 1668 1182; baseline 0.001 -15"><span class='ocrx_word' id='word_1_105' title='bbox 371 1138 528 1168; x_wconf 87' lang='lat' dir='ltr'><strong>certum</strong></span> <span class='ocrx_word' id='word_1_106' title='bbox 549 1129 638 1176; x_wconf 84' lang='lat' dir='ltr'><strong>effe,</strong></span> <span class='ocrx_word' id='word_1_107' title='bbox 670 1128 808 1167; x_wconf 87' lang='lat' dir='ltr'><strong>Patres</strong></span> <span class='ocrx_word' id='word_1_108' title='bbox 825 1142 868 1168; x_wconf 89' lang='lat' dir='ltr'><strong>ac</strong></span> <span class='ocrx_word' id='word_1_109' title='bbox 885 1129 1043 1181; x_wconf 88' lang='lat' dir='ltr'><strong>plebem</strong></span> <span class='ocrx_word' id='word_1_110' title='bbox 1060 1130 1101 1169; x_wconf 86' lang='lat' dir='ltr'><strong>in</strong></span> <span class='ocrx_word' id='word_1_111' title='bbox 1122 1129 1349 1182; x_wconf 86' lang='lat' dir='ltr'><strong>semetipsos</strong></span> <span class='ocrx_word' id='word_1_112' title='bbox 1365 1128 1520 1168; x_wconf 87' lang='lat' dir='ltr'><strong>versos:</strong></span> <span class='ocrx_word' id='word_1_113' title='bbox 1551 1143 1668 1168; x_wconf 89' lang='lat' dir='ltr'><strong>occa-</strong></span> 
     </span>
     <span class='ocr_line' id='line_1_20' title="bbox 372 1185 1668 1240; baseline 0.002 -16"><span class='ocrx_word' id='word_1_114' title='bbox 372 1185 520 1225; x_wconf 81' lang='lat' dir='ltr'><strong>fionem</strong></span> <span class='ocrx_word' id='word_1_115' title='bbox 537 1185 610 1225; x_wconf 76' lang='lat' dir='ltr'><strong>rati</strong></span> <span class='ocrx_word' id='word_1_116' title='bbox 625 1186 747 1225; x_wconf 90' lang='lat' dir='ltr'><strong>duces</strong></span> <span class='ocrx_word' id='word_1_117' title='bbox 768 1199 925 1234; x_wconf 90' lang='lat' dir='ltr'><strong>eorum,</strong></span> <span class='ocrx_word' id='word_1_118' title='bbox 956 1186 1101 1238; x_wconf 85' lang='lat' dir='ltr'><strong>raptim</strong></span> <span class='ocrx_word' id='word_1_119' title='bbox 1123 1187 1282 1240; x_wconf 86' lang='lat' dir='ltr'><strong>agmine</strong></span> <span class='ocrx_word' id='word_1_120' title='bbox 1299 1187 1406 1234; x_wconf 61' lang='lat' dir='ltr'><strong>aeto,</strong></span> <span class='ocrx_word' id='word_1_121' title='bbox 1437 1186 1668 1240; x_wconf 80' lang='lat' dir='ltr'><strong>pervastatis</strong></span> 
     </span>
     <span class='ocr_line' id='line_1_21' title="bbox 370 1242 1666 1298; baseline 0.001 -17"><span class='ocrx_word' id='word_1_122' title='bbox 370 1244 432 1297; x_wconf 86' lang='lat'><strong>(1)</strong></span> <span class='ocrx_word' id='word_1_123' title='bbox 466 1243 649 1296; x_wconf 83' lang='lat' dir='ltr'><strong>protinus</strong></span> <span class='ocrx_word' id='word_1_124' title='bbox 683 1242 802 1297; x_wconf 83' lang='lat' dir='ltr'><strong>agris,</strong></span> <span class='ocrx_word' id='word_1_125' title='bbox 835 1243 885 1282; x_wconf 84' lang='lat' dir='ltr'><strong>ad</strong></span> <span class='ocrx_word' id='word_1_126' title='bbox 916 1253 1073 1296; x_wconf 85' lang='lat' dir='ltr'><strong>portam</strong></span> <span class='ocrx_word' id='word_1_127' title='bbox 1109 1242 1310 1282; x_wconf 84' lang='lat' dir='ltr'><strong>Collinam</strong></span> <span class='ocrx_word' id='word_1_128' title='bbox 1343 1244 1448 1298; x_wconf 77' lang='lat' dir='ltr'><strong>ligna</strong></span> <span class='ocrx_word' id='word_1_129' title='bbox 1482 1244 1666 1283; x_wconf 89' lang='lat' dir='ltr'><strong>intulere.</strong></span> 
     </span>
     <span class='ocr_line' id='line_1_22' title="bbox 368 1299 1666 1355; baseline 0.001 -17"><span class='ocrx_word' id='word_1_130' title='bbox 368 1300 516 1355; x_wconf 82' lang='lat' dir='ltr'><strong>Ingens</strong></span> <span class='ocrx_word' id='word_1_131' title='bbox 553 1301 593 1339; x_wconf 88' lang='lat' dir='ltr'><strong>in</strong></span> <span class='ocrx_word' id='word_1_132' title='bbox 629 1301 727 1340; x_wconf 88' lang='lat' dir='ltr'><strong>urbe</strong></span> <span class='ocrx_word' id='word_1_133' title='bbox 763 1300 976 1354; x_wconf 78' lang='lat' dir='ltr'><strong>trepidatio</strong></span> <span class='ocrx_word' id='word_1_134' title='bbox 1011 1299 1101 1339; x_wconf 87' lang='lat' dir='ltr'><strong>fuit.</strong></span> <span class='ocrx_word' id='word_1_135' title='bbox 1134 1301 1430 1340; x_wconf 84' lang='lat' dir='ltr'><strong>conclamatum</strong></span> <span class='ocrx_word' id='word_1_136' title='bbox 1463 1302 1513 1340; x_wconf 77' lang='lat' dir='ltr'><strong>acl</strong></span> <span class='ocrx_word' id='word_1_137' title='bbox 1542 1317 1666 1349; x_wconf 80' lang='lat' dir='ltr'><strong>arma,</strong></span> 
     </span>
     <span class='ocr_line' id='line_1_23' title="bbox 369 1356 1666 1412; baseline 0.001 -16"><span class='ocrx_word' id='word_1_138' title='bbox 369 1358 692 1411; x_wconf 82' lang='lat' dir='ltr'><strong>concursumque</strong></span> <span class='ocrx_word' id='word_1_139' title='bbox 710 1358 751 1396; x_wconf 90' lang='lat' dir='ltr'><strong>in</strong></span> <span class='ocrx_word' id='word_1_140' title='bbox 772 1372 909 1398; x_wconf 86' lang='lat' dir='ltr'><strong>muros</strong></span> <span class='ocrx_word' id='word_1_141' title='bbox 925 1360 986 1412; x_wconf 86' lang='lat'><strong>(2)</strong></span> <span class='ocrx_word' id='word_1_142' title='bbox 1009 1368 1128 1411; x_wconf 86' lang='lat' dir='ltr'><strong>atque</strong></span> <span class='ocrx_word' id='word_1_143' title='bbox 1150 1367 1284 1411; x_wconf 81' lang='lat' dir='ltr'><strong>portas</strong></span> <span class='ocrx_word' id='word_1_144' title='bbox 1298 1356 1378 1397; x_wconf 89' lang='lat' dir='ltr'><strong>est:</strong></span> <span class='ocrx_word' id='word_1_145' title='bbox 1408 1359 1666 1411; x_wconf 84' lang='lat' dir='ltr'><strong>tandemque,</strong></span> 
     </span>
     <span class='ocr_line' id='line_1_24' title="bbox 368 1415 1665 1472; baseline 0.001 -17"><span class='ocrx_word' id='word_1_146' title='bbox 368 1415 416 1455; x_wconf 86' lang='lat' dir='ltr'><strong>ab</strong></span> <span class='ocrx_word' id='word_1_147' title='bbox 439 1416 630 1456; x_wconf 86' lang='lat' dir='ltr'><strong>seditione</strong></span> <span class='ocrx_word' id='word_1_148' title='bbox 663 1417 711 1456; x_wconf 86' lang='lat' dir='ltr'><strong>ad</strong></span> <span class='ocrx_word' id='word_1_149' title='bbox 732 1415 883 1455; x_wconf 92' lang='lat' dir='ltr'><strong>bellum</strong></span> <span class='ocrx_word' id='word_1_150' title='bbox 912 1416 1023 1464; x_wconf 86' lang='lat' dir='ltr'><strong>verfi,</strong></span> <span class='ocrx_word' id='word_1_151' title='bbox 1056 1415 1295 1455; x_wconf 64' lang='lat' dir='ltr'><strong>dietatorem</strong></span> <span class='ocrx_word' id='word_1_152' title='bbox 1329 1415 1381 1454; x_wconf 91' lang='lat' dir='ltr'><strong>T.</strong></span> <span class='ocrx_word' id='word_1_153' title='bbox 1419 1415 1665 1472; x_wconf 71' lang='lat' dir='ltr'><strong>Qin&amp;ium</strong></span> 
     </span>
     <span class='ocr_line' id='line_1_25' title="bbox 368 1473 1668 1527; baseline -0.003 -12"><span class='ocrx_word' id='word_1_154' title='bbox 368 1474 660 1515; x_wconf 82' lang='lat' dir='ltr'><strong>Cincinnatum</strong></span> <span class='ocrx_word' id='word_1_155' title='bbox 682 1487 878 1513; x_wconf 84' lang='lat' dir='ltr'><strong>creavere.</strong></span> <span class='ocrx_word' id='word_1_156' title='bbox 940 1474 979 1513; x_wconf 86' lang='lat' dir='ltr'><strong>Is</strong></span> <span class='ocrx_word' id='word_1_157' title='bbox 1001 1473 1235 1527; x_wconf 84' lang='lat' dir='ltr'><strong>magistrum</strong></span> <span class='ocrx_word' id='word_1_158' title='bbox 1263 1473 1446 1526; x_wconf 86' lang='lat' dir='ltr'><strong>equitum</strong></span> <span class='ocrx_word' id='word_1_159' title='bbox 1478 1473 1528 1512; x_wconf 81' lang='lat' dir='ltr'><strong>A.</strong></span> <span class='ocrx_word' id='word_1_160' title='bbox 1553 1473 1668 1512; x_wconf 87' lang='lat' dir='ltr'><strong>Sem-</strong></span> 
     </span>
     <span class='ocr_line' id='line_1_26' title="bbox 367 1529 1667 1589; baseline -0.002 -18"><span class='ocrx_word' id='word_1_161' title='bbox 367 1532 556 1585; x_wconf 88' lang='lat' dir='ltr'><strong>pronium</strong></span> <span class='ocrx_word' id='word_1_162' title='bbox 576 1532 810 1571; x_wconf 87' lang='lat' dir='ltr'><strong>Atratinum</strong></span> <span class='ocrx_word' id='word_1_163' title='bbox 832 1531 944 1572; x_wconf 86' lang='lat' dir='ltr'><strong>dixit.</strong></span> <span class='ocrx_word' id='word_1_164' title='bbox 1007 1531 1130 1589; x_wconf 84' lang='lat' dir='ltr'><strong>Qod</strong></span> <span class='ocrx_word' id='word_1_165' title='bbox 1154 1530 1220 1570; x_wconf 89' lang='lat' dir='ltr'><strong>ubi</strong></span> <span class='ocrx_word' id='word_1_166' title='bbox 1249 1531 1433 1572; x_wconf 80' lang='lat' dir='ltr'><strong>auditum</strong></span> <span class='ocrx_word' id='word_1_167' title='bbox 1461 1529 1531 1579; x_wconf 81' lang='lat' dir='ltr'><strong>est,</strong></span> <span class='ocrx_word' id='word_1_168' title='bbox 1565 1532 1667 1581; x_wconf 83' lang='lat' dir='ltr'><strong>(tan-</strong></span> 
     </span>
     <span class='ocr_line' id='line_1_27' title="bbox 365 1587 1667 1645; baseline -0.001 -16"><span class='ocrx_word' id='word_1_169' title='bbox 365 1601 429 1630; x_wconf 83' lang='lat' dir='ltr'><strong>tus</strong></span> <span class='ocrx_word' id='word_1_170' title='bbox 449 1591 535 1644; x_wconf 86' lang='lat' dir='ltr'><strong>ejus</strong></span> <span class='ocrx_word' id='word_1_171' title='bbox 557 1588 812 1645; x_wconf 69' lang='lat' dir='ltr'><strong>magistratus</strong></span> <span class='ocrx_word' id='word_1_172' title='bbox 835 1598 961 1628; x_wconf 87' lang='lat' dir='ltr'><strong>terror</strong></span> <span class='ocrx_word' id='word_1_173' title='bbox 981 1597 1081 1642; x_wconf 84' lang='lat' dir='ltr'><strong>erat)</strong></span> <span class='ocrx_word' id='word_1_174' title='bbox 1116 1589 1229 1631; x_wconf 83' lang='lat' dir='ltr'><strong>fimul</strong></span> <span class='ocrx_word' id='word_1_175' title='bbox 1257 1588 1388 1628; x_wconf 87' lang='lat' dir='ltr'><strong>hostes</strong></span> <span class='ocrx_word' id='word_1_176' title='bbox 1418 1603 1439 1627; x_wconf 88' lang='lat' dir='ltr'><strong>a</strong></span> <span class='ocrx_word' id='word_1_177' title='bbox 1460 1587 1667 1628; x_wconf 67' lang='lat' dir='ltr'><strong>moenibus</strong></span> 
     </span>
     <span class='ocr_line' id='line_1_28' title="bbox 364 1645 1663 1701; baseline -0.002 -14"><span class='ocrx_word' id='word_1_178' title='bbox 364 1648 566 1695; x_wconf 69' lang='lat' dir='ltr'><strong>recellere,</strong></span> <span class='ocrx_word' id='word_1_179' title='bbox 600 1650 640 1688; x_wconf 68' lang='grc' dir='ltr'><strong>δε</strong></span> <span class='ocrx_word' id='word_1_180' title='bbox 658 1647 839 1701; x_wconf 79' lang='lat' dir='ltr'><strong>juniores</strong></span> <span class='ocrx_word' id='word_1_181' title='bbox 859 1647 1037 1687; x_wconf 82' lang='lat' dir='ltr'><strong>Romani</strong></span> <span class='ocrx_word' id='word_1_182' title='bbox 1060 1647 1109 1685; x_wconf 83' lang='lat' dir='ltr'><strong>ad</strong></span> <span class='ocrx_word' id='word_1_183' title='bbox 1129 1646 1311 1691; x_wconf 50' lang='lat' dir='ltr'><strong>edietum</strong></span> <span class='ocrx_word' id='word_1_184' title='bbox 1329 1647 1407 1685; x_wconf 85' lang='lat' dir='ltr'><strong>fine</strong></span> <span class='ocrx_word' id='word_1_185' title='bbox 1428 1651 1452 1697; x_wconf 89' lang='lat'>†</span> <span class='ocrx_word' id='word_1_186' title='bbox 1472 1645 1663 1685; x_wconf 49' lang='lat' dir='ltr'><strong>retraeta-</strong></span> 
     </span>
     <span class='ocr_line' id='line_1_29' title="bbox 364 1703 1662 1751; baseline -0.004 -5"><span class='ocrx_word' id='word_1_187' title='bbox 364 1705 472 1746; x_wconf 86' lang='lat' dir='ltr'><strong>tione</strong></span> <span class='ocrx_word' id='word_1_188' title='bbox 509 1718 745 1745; x_wconf 89' lang='lat' dir='ltr'><strong>convenere.</strong></span> <span class='ocrx_word' id='word_1_189' title='bbox 804 1704 919 1743; x_wconf 91' lang='lat' dir='ltr'><strong>Dum</strong></span> <span class='ocrx_word' id='word_1_190' title='bbox 962 1703 1224 1744; x_wconf 79' lang='lat' dir='ltr'><strong>conscribitur</strong></span> <span class='ocrx_word' id='word_1_191' title='bbox 1267 1705 1413 1743; x_wconf 73' lang='lat' dir='ltr'><strong>Romae</strong></span> <span class='ocrx_word' id='word_1_192' title='bbox 1448 1703 1662 1751; x_wconf 84' lang='lat' dir='ltr'><strong>exercitus,</strong></span> 
     </span>
     <span class='ocr_line' id='line_1_30' title="bbox 362 1760 1661 1814; baseline -0.002 -12"><span class='ocrx_word' id='word_1_193' title='bbox 362 1762 488 1802; x_wconf 78' lang='lat' dir='ltr'><strong>castra</strong></span> <span class='ocrx_word' id='word_1_194' title='bbox 510 1762 668 1801; x_wconf 86' lang='lat' dir='ltr'><strong>interim</strong></span> <span class='ocrx_word' id='word_1_195' title='bbox 687 1761 863 1801; x_wconf 86' lang='lat' dir='ltr'><strong>hostium</strong></span> <span class='ocrx_word' id='word_1_196' title='bbox 889 1761 996 1800; x_wconf 83' lang='lat' dir='ltr'><strong>haud</strong></span> <span class='ocrx_word' id='word_1_197' title='bbox 1018 1762 1157 1814; x_wconf 71' lang='lat' dir='ltr'><strong>procul</strong></span> <span class='ocrx_word' id='word_1_198' title='bbox 1192 1760 1296 1800; x_wconf 65' lang='lat' dir='ltr'><strong>Allia</strong></span> <span class='ocrx_word' id='word_1_199' title='bbox 1325 1760 1491 1799; x_wconf 85' lang='lat' dir='ltr'><strong>flumine</strong></span> <span class='ocrx_word' id='word_1_200' title='bbox 1513 1761 1661 1814; x_wconf 81' lang='lat' dir='ltr'><strong>posita:</strong></span> 
     </span>
     <span class='ocr_line' id='line_1_31' title="bbox 363 1817 1660 1875; baseline -0.002 -16"><span class='ocrx_word' id='word_1_201' title='bbox 363 1820 456 1859; x_wconf 82' lang='lat' dir='ltr'><strong>inde</strong></span> <span class='ocrx_word' id='word_1_202' title='bbox 479 1834 619 1875; x_wconf 84' lang='lat' dir='ltr'><strong>agrum</strong></span> <span class='ocrx_word' id='word_1_203' title='bbox 643 1817 721 1859; x_wconf 70' lang='lat' dir='ltr'><strong>late</strong></span> <span class='ocrx_word' id='word_1_204' title='bbox 744 1820 997 1872; x_wconf 69' lang='lat' dir='ltr'><strong>populantes,</strong></span> <span class='ocrx_word' id='word_1_205' title='bbox 1016 1817 1230 1875; x_wconf 72' lang='lat' dir='ltr'><strong>flztalemst’</strong></span> <span class='ocrx_word' id='word_1_206' title='bbox 1249 1819 1333 1857; x_wconf 74' lang='lat' dir='ltr'><strong>urbi</strong></span> <span class='ocrx_word' id='word_1_207' title='bbox 1352 1819 1527 1857; x_wconf 74' lang='lat' dir='ltr'><strong>Romame</strong></span> <span class='ocrx_word' id='word_1_208' title='bbox 1547 1818 1660 1857; x_wconf 73' lang='lat' dir='ltr'><strong>locum</strong></span> 
     </span>
     <span class='ocr_line' id='line_1_32' title="bbox 361 1875 1659 1933; baseline -0.002 -16"><span class='ocrx_word' id='word_1_209' title='bbox 361 1878 492 1933; x_wconf 67' lang='lat' dir='ltr'><strong>stPff,</strong></span> <span class='ocrx_word' id='word_1_210' title='bbox 522 1878 624 1916; x_wconf 84' lang='lat' dir='ltr'><strong>inter</strong></span> <span class='ocrx_word' id='word_1_211' title='bbox 657 1877 694 1917; x_wconf 85' lang='lat' dir='ltr'><strong>se</strong></span> <span class='ocrx_word' id='word_1_212' title='bbox 723 1875 956 1931; x_wconf 53' lang='lat' dir='ltr'><strong>jaetabant:</strong></span> <span class='ocrx_word' id='word_1_213' title='bbox 970 1875 1131 1931; x_wconf 66' lang='lat' dir='ltr'><strong>stinilem</strong></span> <span class='ocrx_word' id='word_1_214' title='bbox 1157 1886 1334 1927; x_wconf 78' lang='lat' dir='ltr'><strong>pavorem</strong></span> <span class='ocrx_word' id='word_1_215' title='bbox 1364 1876 1446 1914; x_wconf 79' lang='lat' dir='ltr'><strong>inde</strong></span> <span class='ocrx_word' id='word_1_216' title='bbox 1466 1876 1659 1930; x_wconf 73' lang='lat' dir='ltr'><strong>acfilgctm</strong></span> 
     </span>
    </p>
   </div>
   <div class='ocr_carea' id='block_1_7' title="bbox 347 1933 1657 2045">
    <p class='ocr_par' dir='ltr' id='par_1_8' title="bbox 347 1933 1657 2045">
     <span class='ocr_line' id='line_1_33' title="bbox 347 1933 1656 1991; baseline -0.003 -16"><span class='ocrx_word' id='word_1_217' title='bbox 347 1936 450 1991; x_wconf 78' lang='lat' dir='ltr'><strong>fore,</strong></span> <span class='ocrx_word' id='word_1_218' title='bbox 481 1952 524 1975; x_wconf 77' lang='lat' dir='ltr'><strong>ac</strong></span> <span class='ocrx_word' id='word_1_219' title='bbox 553 1935 636 1975; x_wconf 83' lang='lat' dir='ltr'><strong>bello</strong></span> <span class='ocrx_word' id='word_1_220' title='bbox 665 1933 806 1974; x_wconf 83' lang='lat' dir='ltr'><strong>Gallico</strong></span> <span class='ocrx_word' id='word_1_221' title='bbox 821 1934 962 1991; x_wconf 61' lang='lat' dir='ltr'><strong>fuerit,</strong></span> <span class='ocrx_word' id='word_1_222' title='bbox 1023 1934 1191 1985; x_wconf 73' lang='lat' dir='ltr'><strong>Etenim,</strong></span> <span class='ocrx_word' id='word_1_223' title='bbox 1233 1933 1372 1983; x_wconf 55' lang='lat' dir='ltr'><strong>aliem,</strong></span> <span class='ocrx_word' id='word_1_224' title='bbox 1403 1939 1428 1985; x_wconf 87' lang='lat'>†</span> <span class='ocrx_word' id='word_1_225' title='bbox 1452 1937 1656 1976; x_wconf 59' lang='lat' dir='ltr'><strong>contafflum</strong></span> 
     </span>
     <span class='ocr_line' id='line_1_34' title="bbox 1474 1991 1657 2045; baseline 0 -16"><span class='ocrx_word' id='word_1_226' title='bbox 1474 1991 1657 2045; x_wconf 61' lang='lat' dir='ltr'><strong>religione,</strong></span> 
     </span>
    </p>
   </div>
   <div class='ocr_carea' id='block_1_8' title="bbox 359 2106 1662 2241">
    <p class='ocr_par' dir='ltr' id='par_1_9' title="bbox 359 2106 1662 2241">
     <span class='ocr_line' id='line_1_35' title="bbox 359 2106 1655 2152; baseline -0.001 -12"><span class='ocrx_word' id='word_1_227' title='bbox 359 2110 415 2151; x_wconf 82' lang='lat'><strong>(7)</strong></span> <span class='ocrx_word' id='word_1_228' title='bbox 440 2112 548 2140; x_wconf 66' lang='lat' dir='ltr'><strong>Minor</strong></span> <span class='ocrx_word' id='word_1_229' title='bbox 558 2112 676 2151; x_wconf 65' lang='lat' dir='ltr'><strong>proeflns</strong></span> <span class='ocrx_word' id='word_1_230' title='bbox 692 2123 768 2147; x_wconf 75' lang='lat' dir='ltr'><strong>cura,</strong></span> <span class='ocrx_word' id='word_1_231' title='bbox 792 2120 862 2152; x_wconf 83' lang='lat' dir='ltr'><strong>pro,</strong></span> <span class='ocrx_word' id='word_1_232' title='bbox 885 2116 1030 2141; x_wconf 87' lang='lat' dir='ltr'><strong>nontam</strong></span> <span class='ocrx_word' id='word_1_233' title='bbox 1047 2120 1162 2151; x_wconf 79' lang='lat' dir='ltr'><strong>urgens</strong></span> <span class='ocrx_word' id='word_1_234' title='bbox 1179 2119 1266 2140; x_wconf 79' lang='lat' dir='ltr'><strong>cura.</strong></span> <span class='ocrx_word' id='word_1_235' title='bbox 1316 2107 1364 2138; x_wconf 84' lang='lat' dir='ltr'><strong>Sic</strong></span> <span class='ocrx_word' id='word_1_236' title='bbox 1391 2106 1475 2138; x_wconf 63' lang='lat' dir='ltr'><strong>infra</strong></span> <span class='ocrx_word' id='word_1_237' title='bbox 1492 2108 1511 2138; x_wconf 92' lang='lat' dir='ltr'><strong>l.</strong></span> <span class='ocrx_word' id='word_1_238' title='bbox 1532 2106 1559 2138; x_wconf 83' lang='lat'><strong>8.</strong></span> <span class='ocrx_word' id='word_1_239' title='bbox 1576 2118 1605 2137; x_wconf 87' lang='lat' dir='ltr'><strong>c.</strong></span> <span class='ocrx_word' id='word_1_240' title='bbox 1625 2116 1655 2139; x_wconf 58' lang='lat'><strong>21</strong></span> 
     </span>
     <span class='ocr_line' id='line_1_36' title="bbox 359 2155 1662 2197; baseline -0.002 -12"><span class='ocrx_word' id='word_1_241' title='bbox 359 2159 468 2197; x_wconf 49' lang='grc' dir='ltr'><strong>ὑψωθῶ</strong></span> <span class='ocrx_word' id='word_1_242' title='bbox 490 2157 668 2192; x_wconf 69' lang='grc' dir='ltr'><strong>ιςιιηιηὶἰιιυιὶ,</strong></span> <span class='ocrx_word' id='word_1_243' title='bbox 690 2156 767 2196; x_wconf 64' lang='lat' dir='ltr'><strong>quaint</strong></span> <span class='ocrx_word' id='word_1_244' title='bbox 783 2156 901 2197; x_wconf 56' lang='lat' dir='ltr'><strong>hengficii</strong></span> <span class='ocrx_word' id='word_1_245' title='bbox 916 2157 1112 2189; x_wconf 66' lang='lat' dir='ltr'><strong>Romnum-mn,</strong></span> <span class='ocrx_word' id='word_1_246' title='bbox 1138 2157 1267 2184; x_wconf 69' lang='lat' dir='ltr'><strong>menmria</strong></span> <span class='ocrx_word' id='word_1_247' title='bbox 1284 2155 1443 2194; x_wconf 55' lang='lat' dir='ltr'><strong>presb-§liar</strong></span> <span class='ocrx_word' id='word_1_248' title='bbox 1460 2160 1529 2184; x_wconf 79' lang='lat' dir='ltr'><strong>erat.</strong></span> <span class='ocrx_word' id='word_1_249' title='bbox 1576 2155 1662 2183; x_wconf 82' lang='lat' dir='ltr'><strong>Gro-</strong></span> 
     </span>
     <span class='ocr_line' id='line_1_37' title="bbox 359 2197 1656 2241; baseline -0.002 -10"><span class='ocrx_word' id='word_1_250' title='bbox 359 2200 486 2235; x_wconf 83' lang='lat' dir='ltr'><strong>novius,</strong></span> <span class='ocrx_word' id='word_1_251' title='bbox 508 2200 679 2241; x_wconf 83' lang='lat' dir='ltr'><strong>legendum</strong></span> <span class='ocrx_word' id='word_1_252' title='bbox 701 2200 804 2230; x_wconf 85' lang='lat' dir='ltr'><strong>censet</strong></span> <span class='ocrx_word' id='word_1_253' title='bbox 822 2201 907 2230; x_wconf 63' lang='lat' dir='ltr'><strong>minin</strong></span> <span class='ocrx_word' id='word_1_254' title='bbox 920 2202 1051 2241; x_wconf 71' lang='lat' dir='ltr'><strong>prasens.</strong></span> <span class='ocrx_word' id='word_1_255' title='bbox 1097 2201 1143 2229; x_wconf 83' lang='lat' dir='ltr'><strong>At</strong></span> <span class='ocrx_word' id='word_1_256' title='bbox 1161 2209 1265 2238; x_wconf 89' lang='lat' dir='ltr'><strong>neque</strong></span> <span class='ocrx_word' id='word_1_257' title='bbox 1282 2198 1420 2233; x_wconf 74' lang='lat' dir='ltr'><strong>alterum</strong></span> <span class='ocrx_word' id='word_1_258' title='bbox 1442 2197 1588 2238; x_wconf 79' lang='lat' dir='ltr'><strong>exemplo</strong></span> <span class='ocrx_word' id='word_1_259' title='bbox 1605 2208 1656 2228; x_wconf 85' lang='lat' dir='ltr'><strong>ca-</strong></span> 
     </span>
    </p>
   </div>
   <div class='ocr_carea' id='block_1_9' title="bbox 357 2243 1659 2332">
    <p class='ocr_par' dir='ltr' id='par_1_10' title="bbox 357 2243 1659 2332">
     <span class='ocr_line' id='line_1_38' title="bbox 359 2243 1659 2287; baseline -0.004 -11"><span class='ocrx_word' id='word_1_260' title='bbox 359 2254 418 2276; x_wconf 76' lang='lat' dir='ltr'><strong>ret.</strong></span> <span class='ocrx_word' id='word_1_261' title='bbox 464 2244 513 2275; x_wconf 79' lang='lat' dir='ltr'><strong>Sic</strong></span> <span class='ocrx_word' id='word_1_262' title='bbox 534 2247 600 2276; x_wconf 79' lang='lat' dir='ltr'><strong>scre</strong></span> <span class='ocrx_word' id='word_1_263' title='bbox 621 2246 696 2275; x_wconf 75' lang='lat' dir='ltr'><strong>Ter.</strong></span> <span class='ocrx_word' id='word_1_264' title='bbox 723 2243 754 2274; x_wconf 75' lang='lat' dir='ltr'><strong>in</strong></span> <span class='ocrx_word' id='word_1_265' title='bbox 772 2246 894 2275; x_wconf 75' lang='lat' dir='ltr'><strong>Heaut.</strong></span> <span class='ocrx_word' id='word_1_266' title='bbox 914 2254 940 2275; x_wconf 83' lang='lat'><strong>2.</strong></span> <span class='ocrx_word' id='word_1_267' title='bbox 959 2255 990 2283; x_wconf 85' lang='lat'><strong>3.</strong></span> <span class='ocrx_word' id='word_1_268' title='bbox 1011 2254 1082 2283; x_wconf 78' lang='lat'>113.</span> <span class='ocrx_word' id='word_1_269' title='bbox 1129 2246 1221 2287; x_wconf 62' lang='lat' dir='ltr'><strong>ngsi</strong></span> <span class='ocrx_word' id='word_1_270' title='bbox 1237 2246 1325 2273; x_wconf 78' lang='lat' dir='ltr'><strong>minor</strong></span> <span class='ocrx_word' id='word_1_271' title='bbox 1340 2244 1396 2286; x_wconf 65' lang='lat' dir='ltr'><strong>fiic</strong></span> <span class='ocrx_word' id='word_1_272' title='bbox 1412 2256 1470 2273; x_wconf 72' lang='lat' dir='ltr'><strong>mea</strong></span> <span class='ocrx_word' id='word_1_273' title='bbox 1488 2256 1529 2272; x_wconf 73' lang='lat' dir='ltr'><strong>res</strong></span> <span class='ocrx_word' id='word_1_274' title='bbox 1546 2249 1659 2284; x_wconf 75' lang='lat' dir='ltr'><strong>agatur,</strong></span> 
     </span>
     <span class='ocr_line' id='line_1_39' title="bbox 357 2288 1654 2332; baseline -0.002 -12"><span class='ocrx_word' id='word_1_275' title='bbox 357 2292 438 2332; x_wconf 62' lang='lat' dir='ltr'><strong>qmim</strong></span> <span class='ocrx_word' id='word_1_276' title='bbox 464 2298 526 2321; x_wconf 76' lang='lat' dir='ltr'><strong>tua.</strong></span> <span class='ocrx_word' id='word_1_277' title='bbox 572 2289 626 2330; x_wconf 85' lang='lat'><strong>(8)</strong></span> <span class='ocrx_word' id='word_1_278' title='bbox 652 2291 770 2320; x_wconf 83' lang='lat' dir='ltr'><strong>Omnes</strong></span> <span class='ocrx_word' id='word_1_279' title='bbox 798 2288 907 2331; x_wconf 79' lang='lat' dir='ltr'><strong>scripti</strong></span> <span class='ocrx_word' id='word_1_280' title='bbox 937 2289 1056 2319; x_wconf 85' lang='lat' dir='ltr'><strong>habent</strong></span> <span class='ocrx_word' id='word_1_281' title='bbox 1086 2289 1197 2325; x_wconf 72' lang='lat' dir='ltr'><strong>Sabino,</strong></span> <span class='ocrx_word' id='word_1_282' title='bbox 1220 2288 1492 2328; x_wconf 78' lang='lat' dir='ltr'><strong>quemadmodum</strong></span> <span class='ocrx_word' id='word_1_283' title='bbox 1519 2288 1551 2317; x_wconf 65' lang='lat' dir='ltr'><strong>Sc</strong></span> <span class='ocrx_word' id='word_1_284' title='bbox 1579 2294 1654 2318; x_wconf 83' lang='lat' dir='ltr'><strong>ante</strong></span> 
     </span>
    </p>
   </div>
   <div class='ocr_carea' id='block_1_10' title="bbox 357 2331 1657 2510">
    <p class='ocr_par' dir='ltr' id='par_1_11' title="bbox 357 2331 1657 2510">
     <span class='ocr_line' id='line_1_40' title="bbox 359 2331 1654 2375; baseline -0.004 -9"><span class='ocrx_word' id='word_1_285' title='bbox 359 2334 665 2366; x_wconf 72' lang='lat' dir='ltr'><strong>Drakenborchium</strong></span> <span class='ocrx_word' id='word_1_286' title='bbox 681 2334 845 2364; x_wconf 83' lang='lat' dir='ltr'><strong>edebatur.</strong></span> <span class='ocrx_word' id='word_1_287' title='bbox 891 2335 951 2364; x_wconf 81' lang='lat' dir='ltr'><strong>Sed</strong></span> <span class='ocrx_word' id='word_1_288' title='bbox 975 2347 1042 2375; x_wconf 69' lang='lat' dir='ltr'><strong>ager</strong></span> <span class='ocrx_word' id='word_1_289' title='bbox 1063 2335 1179 2363; x_wconf 59' lang='lat' dir='ltr'><strong>Sabinas</strong></span> <span class='ocrx_word' id='word_1_290' title='bbox 1196 2332 1229 2363; x_wconf 88' lang='lat' dir='ltr'><strong>in</strong></span> <span class='ocrx_word' id='word_1_291' title='bbox 1252 2331 1310 2364; x_wconf 61' lang='lat' dir='ltr'><strong>hac</strong></span> <span class='ocrx_word' id='word_1_292' title='bbox 1328 2331 1457 2367; x_wconf 71' lang='lat' dir='ltr'><strong>historia</strong></span> <span class='ocrx_word' id='word_1_293' title='bbox 1473 2332 1581 2363; x_wconf 89' lang='lat' dir='ltr'><strong>locum</strong></span> <span class='ocrx_word' id='word_1_294' title='bbox 1598 2331 1654 2362; x_wconf 83' lang='lat' dir='ltr'><strong>ha-</strong></span> 
     </span>
     <span class='ocr_line' id='line_1_41' title="bbox 357 2376 1654 2420; baseline -0.003 -10"><span class='ocrx_word' id='word_1_295' title='bbox 357 2380 434 2411; x_wconf 91' lang='lat' dir='ltr'><strong>bere</strong></span> <span class='ocrx_word' id='word_1_296' title='bbox 463 2390 529 2410; x_wconf 88' lang='lat' dir='ltr'><strong>non</strong></span> <span class='ocrx_word' id='word_1_297' title='bbox 557 2379 669 2420; x_wconf 86' lang='lat' dir='ltr'><strong>potest,</strong></span> <span class='ocrx_word' id='word_1_298' title='bbox 692 2386 806 2419; x_wconf 80' lang='lat' dir='ltr'><strong>utpote</strong></span> <span class='ocrx_word' id='word_1_299' title='bbox 830 2378 885 2418; x_wconf 91' lang='lat' dir='ltr'><strong>qui</strong></span> <span class='ocrx_word' id='word_1_300' title='bbox 912 2379 997 2409; x_wconf 79' lang='lat' dir='ltr'><strong>ultra</strong></span> <span class='ocrx_word' id='word_1_301' title='bbox 1022 2378 1182 2409; x_wconf 73' lang='lat' dir='ltr'><strong>Anienem</strong></span> <span class='ocrx_word' id='word_1_302' title='bbox 1209 2376 1283 2409; x_wconf 79' lang='lat' dir='ltr'><strong>situs</strong></span> <span class='ocrx_word' id='word_1_303' title='bbox 1310 2376 1419 2414; x_wconf 82' lang='lat' dir='ltr'><strong>fuerit,</strong></span> <span class='ocrx_word' id='word_1_304' title='bbox 1442 2387 1543 2416; x_wconf 90' lang='lat' dir='ltr'><strong>quum</strong></span> <span class='ocrx_word' id='word_1_305' title='bbox 1566 2387 1654 2407; x_wconf 84' lang='lat' dir='ltr'><strong>nune</strong></span> 
     </span>
     <span class='ocr_line' id='line_1_42' title="bbox 357 2420 1654 2466; baseline -0.003 -11"><span class='ocrx_word' id='word_1_306' title='bbox 357 2432 471 2466; x_wconf 79' lang='lat' dir='ltr'><strong>agatur</strong></span> <span class='ocrx_word' id='word_1_307' title='bbox 488 2425 527 2455; x_wconf 87' lang='lat' dir='ltr'><strong>de</strong></span> <span class='ocrx_word' id='word_1_308' title='bbox 543 2423 648 2454; x_wconf 80' lang='lat' dir='ltr'><strong>Latio.</strong></span> <span class='ocrx_word' id='word_1_309' title='bbox 693 2425 772 2464; x_wconf 75' lang='lat' dir='ltr'><strong>Ager</strong></span> <span class='ocrx_word' id='word_1_310' title='bbox 792 2425 926 2459; x_wconf 69' lang='lat' dir='ltr'><strong>Gabinus,</strong></span> <span class='ocrx_word' id='word_1_311' title='bbox 952 2425 982 2452; x_wconf 69' lang='lat' dir='ltr'><strong>&amp;z</strong></span> <span class='ocrx_word' id='word_1_312' title='bbox 1000 2423 1066 2464; x_wconf 76' lang='lat' dir='ltr'><strong>ipsa</strong></span> <span class='ocrx_word' id='word_1_313' title='bbox 1091 2423 1168 2453; x_wconf 77' lang='lat' dir='ltr'><strong>urbs</strong></span> <span class='ocrx_word' id='word_1_314' title='bbox 1194 2421 1299 2456; x_wconf 82' lang='lat' dir='ltr'><strong>Gabii,</strong></span> <span class='ocrx_word' id='word_1_315' title='bbox 1324 2421 1410 2453; x_wconf 83' lang='lat' dir='ltr'><strong>inter</strong></span> <span class='ocrx_word' id='word_1_316' title='bbox 1439 2420 1594 2457; x_wconf 74' lang='lat' dir='ltr'><strong>Praeneste</strong></span> <span class='ocrx_word' id='word_1_317' title='bbox 1622 2422 1654 2451; x_wconf 82' lang='lat'>&amp;</span> 
     </span>
     <span class='ocr_line' id='line_1_43' title="bbox 358 2465 1657 2510; baseline -0.002 -10"><span class='ocrx_word' id='word_1_318' title='bbox 358 2472 495 2500; x_wconf 80' lang='lat' dir='ltr'><strong>Romam</strong></span> <span class='ocrx_word' id='word_1_319' title='bbox 508 2468 612 2500; x_wconf 85' lang='lat' dir='ltr'><strong>media</strong></span> <span class='ocrx_word' id='word_1_320' title='bbox 629 2470 769 2500; x_wconf 86' lang='lat' dir='ltr'><strong>fuerunt.</strong></span> <span class='ocrx_word' id='word_1_321' title='bbox 815 2470 922 2510; x_wconf 80' lang='lat' dir='ltr'><strong>Agros</strong></span> <span class='ocrx_word' id='word_1_322' title='bbox 941 2468 1105 2499; x_wconf 78' lang='lat' dir='ltr'><strong>Gabinum</strong></span> <span class='ocrx_word' id='word_1_323' title='bbox 1125 2479 1161 2499; x_wconf 83' lang='lat' dir='ltr'><strong>ac</strong></span> <span class='ocrx_word' id='word_1_324' title='bbox 1176 2465 1407 2499; x_wconf 81' lang='lat' dir='ltr'><strong>Praenestinum</strong></span> <span class='ocrx_word' id='word_1_325' title='bbox 1420 2465 1526 2509; x_wconf 85' lang='lat' dir='ltr'><strong>jungit</strong></span> <span class='ocrx_word' id='word_1_326' title='bbox 1539 2465 1657 2501; x_wconf 59' lang='lat' dir='ltr'><strong>Livius</strong></span> 
     </span>
    </p>
   </div>
   <div class='ocr_carea' id='block_1_11' title="bbox 357 2514 1652 2618">
    <p class='ocr_par' dir='ltr' id='par_1_12' title="bbox 357 2514 1652 2618">
     <span class='ocr_line' id='line_1_44' title="bbox 357 2514 625 2556; baseline -0.007 -10"><span class='ocrx_word' id='word_1_327' title='bbox 357 2514 453 2556; x_wconf 59' lang='lat' dir='ltr'><strong>supra</strong></span> <span class='ocrx_word' id='word_1_328' title='bbox 471 2514 491 2544; x_wconf 90' lang='lat' dir='ltr'><strong>l.</strong></span> <span class='ocrx_word' id='word_1_329' title='bbox 512 2524 540 2553; x_wconf 86' lang='lat'><strong>3.</strong></span> <span class='ocrx_word' id='word_1_330' title='bbox 553 2525 578 2544; x_wconf 89' lang='lat' dir='ltr'><strong>c.</strong></span> <span class='ocrx_word' id='word_1_331' title='bbox 593 2514 625 2545; x_wconf 85' lang='lat'><strong>8.</strong></span> 
     </span>
     <span class='ocr_line' id='line_1_45' title="bbox 402 2572 1652 2618; baseline -0.004 -11"><span class='ocrx_word' id='word_1_332' title='bbox 402 2578 441 2608; x_wconf 92' lang='lat' dir='ltr'><strong>C.</strong></span> <span class='ocrx_word' id='word_1_333' title='bbox 461 2577 511 2608; x_wconf 86' lang='lat'><strong>28.</strong></span> <span class='ocrx_word' id='word_1_334' title='bbox 536 2576 591 2618; x_wconf 93' lang='lat'><strong>(1)</strong></span> <span class='ocrx_word' id='word_1_335' title='bbox 615 2578 691 2607; x_wconf 89' lang='lat' dir='ltr'><strong>Uno</strong></span> <span class='ocrx_word' id='word_1_336' title='bbox 714 2583 826 2607; x_wconf 88' lang='lat' dir='ltr'><strong>tenore</strong></span> <span class='ocrx_word' id='word_1_337' title='bbox 854 2583 952 2617; x_wconf 89' lang='lat' dir='ltr'><strong>prout</strong></span> <span class='ocrx_word' id='word_1_338' title='bbox 982 2575 1182 2606; x_wconf 86' lang='lat' dir='ltr'><strong>incedebant.</strong></span> <span class='ocrx_word' id='word_1_339' title='bbox 1232 2577 1292 2616; x_wconf 80' lang='lat' dir='ltr'><strong>Agi</strong></span> <span class='ocrx_word' id='word_1_340' title='bbox 1308 2586 1402 2615; x_wconf 80' lang='lat' dir='ltr'><strong>agmen</strong></span> <span class='ocrx_word' id='word_1_341' title='bbox 1419 2572 1539 2603; x_wconf 87' lang='lat' dir='ltr'><strong>dicitur</strong></span> <span class='ocrx_word' id='word_1_342' title='bbox 1555 2572 1652 2612; x_wconf 72' lang='lat' dir='ltr'><strong>supra</strong></span> 
     </span>
    </p>
   </div>
   <div class='ocr_carea' id='block_1_12' title="bbox 355 2617 1655 2707">
    <p class='ocr_par' dir='ltr' id='par_1_13' title="bbox 355 2617 1655 2707">
     <span class='ocr_line' id='line_1_46' title="bbox 355 2617 1654 2661; baseline -0.005 -9"><span class='ocrx_word' id='word_1_343' title='bbox 355 2622 380 2652; x_wconf 88' lang='lat'><strong>1.</strong></span> <span class='ocrx_word' id='word_1_344' title='bbox 399 2631 427 2653; x_wconf 82' lang='lat'><strong>2.</strong></span> <span class='ocrx_word' id='word_1_345' title='bbox 444 2632 469 2652; x_wconf 90' lang='lat' dir='ltr'><strong>c.</strong></span> <span class='ocrx_word' id='word_1_346' title='bbox 488 2621 544 2659; x_wconf 80' lang='lat'><strong>58.</strong></span> <span class='ocrx_word' id='word_1_347' title='bbox 570 2621 655 2651; x_wconf 67' lang='lat' dir='ltr'><strong>infra</strong></span> <span class='ocrx_word' id='word_1_348' title='bbox 672 2621 691 2651; x_wconf 90' lang='lat' dir='ltr'><strong>l.</strong></span> <span class='ocrx_word' id='word_1_349' title='bbox 712 2630 737 2660; x_wconf 90' lang='lat'><strong>7.</strong></span> <span class='ocrx_word' id='word_1_350' title='bbox 750 2633 774 2651; x_wconf 88' lang='lat' dir='ltr'><strong>c.</strong></span> <span class='ocrx_word' id='word_1_351' title='bbox 794 2631 843 2660; x_wconf 78' lang='lat'><strong>37.</strong></span> <span class='ocrx_word' id='word_1_352' title='bbox 868 2622 899 2651; x_wconf 83' lang='lat'>&amp;</span> <span class='ocrx_word' id='word_1_353' title='bbox 916 2620 990 2651; x_wconf 80' lang='lat' dir='ltr'><strong>alibi</strong></span> <span class='ocrx_word' id='word_1_354' title='bbox 1009 2620 1181 2661; x_wconf 76' lang='lat' dir='ltr'><strong>saepissime.</strong></span> <span class='ocrx_word' id='word_1_355' title='bbox 1226 2621 1280 2659; x_wconf 85' lang='lat'><strong>(2)</strong></span> <span class='ocrx_word' id='word_1_356' title='bbox 1305 2620 1381 2649; x_wconf 90' lang='lat' dir='ltr'><strong>Non</strong></span> <span class='ocrx_word' id='word_1_357' title='bbox 1398 2617 1543 2658; x_wconf 78' lang='lat' dir='ltr'><strong>displicet</strong></span> <span class='ocrx_word' id='word_1_358' title='bbox 1569 2619 1654 2646; x_wconf 87' lang='lat' dir='ltr'><strong>Gro-</strong></span> 
     </span>
     <span class='ocr_line' id='line_1_47' title="bbox 356 2661 1655 2707; baseline -0.005 -11"><span class='ocrx_word' id='word_1_359' title='bbox 356 2666 444 2696; x_wconf 80' lang='lat' dir='ltr'><strong>novii</strong></span> <span class='ocrx_word' id='word_1_360' title='bbox 462 2667 648 2707; x_wconf 69' lang='lat' dir='ltr'><strong>conje&amp;ura</strong></span> <span class='ocrx_word' id='word_1_361' title='bbox 663 2669 691 2696; x_wconf 81' lang='lat' dir='ltr'><strong>in</strong></span> <span class='ocrx_word' id='word_1_362' title='bbox 708 2679 798 2696; x_wconf 81' lang='lat' dir='ltr'><strong>muros</strong></span> <span class='ocrx_word' id='word_1_363' title='bbox 811 2669 896 2706; x_wconf 78' lang='lat' dir='ltr'><strong>adque</strong></span> <span class='ocrx_word' id='word_1_364' title='bbox 909 2673 1016 2707; x_wconf 76' lang='lat' dir='ltr'><strong>portas.</strong></span> <span class='ocrx_word' id='word_1_365' title='bbox 1062 2665 1147 2695; x_wconf 85' lang='lat' dir='ltr'><strong>Solet</strong></span> <span class='ocrx_word' id='word_1_366' title='bbox 1166 2663 1250 2695; x_wconf 88' lang='lat' dir='ltr'><strong>enim</strong></span> <span class='ocrx_word' id='word_1_367' title='bbox 1267 2663 1380 2694; x_wconf 86' lang='lat' dir='ltr'><strong>Livius</strong></span> <span class='ocrx_word' id='word_1_368' title='bbox 1397 2661 1507 2703; x_wconf 77' lang='lat' dir='ltr'><strong>passim</strong></span> <span class='ocrx_word' id='word_1_369' title='bbox 1527 2671 1655 2702; x_wconf 64' lang='lat' dir='ltr'><strong>praepo-</strong></span> 
     </span>
    </p>
   </div>
   <div class='ocr_carea' id='block_1_13' title="bbox 355 2708 1653 2793">
    <p class='ocr_par' dir='ltr' id='par_1_14' title="bbox 355 2708 1653 2793">
     <span class='ocr_line' id='line_1_48' title="bbox 355 2708 1570 2793; baseline -0.004 -50"><span class='ocrx_word' id='word_1_370' title='bbox 355 2710 482 2743; x_wconf 72' lang='lat' dir='ltr'><strong>fitiones</strong></span> <span class='ocrx_word' id='word_1_371' title='bbox 506 2717 662 2754; x_wconf 81' lang='lat' dir='ltr'><strong>repetere,</strong></span> <span class='ocrx_word' id='word_1_372' title='bbox 685 2712 716 2743; x_wconf 61' lang='grc' dir='ltr'><strong>ὃς</strong></span> <span class='ocrx_word' id='word_1_373' title='bbox 739 2711 870 2753; x_wconf 83' lang='lat' dir='ltr'><strong>quidem</strong></span> <span class='ocrx_word' id='word_1_374' title='bbox 895 2711 993 2742; x_wconf 75' lang='lat' dir='ltr'><strong>modo</strong></span> <span class='ocrx_word' id='word_1_375' title='bbox 1016 2710 1159 2747; x_wconf 56' lang='lat' dir='ltr'><strong>easdenu</strong></span> <span class='ocrx_word' id='word_1_376' title='bbox 1183 2709 1280 2740; x_wconf 84' lang='lat' dir='ltr'><strong>modo</strong></span> <span class='ocrx_word' id='word_1_377' title='bbox 1305 2708 1390 2740; x_wconf 77' lang='lat' dir='ltr'><strong>alias.</strong></span> <span class='ocrx_word' id='word_1_378' title='bbox 1438 2752 1452 2793; x_wconf 81' lang='grc'>(</span> <span class='ocrx_word' id='word_1_379' title='bbox 1479 2749 1493 2790; x_wconf 78' lang='lat'>)</span> <span class='ocrx_word' id='word_1_380' title='bbox 1519 2750 1570 2793; x_wconf 58' lang='lat' dir='ltr'>Q</span> 
     </span>
     <span class='ocr_line' id='line_1_49' title="bbox 1458 2757 1653 2791; baseline 0.015 -12"><span class='ocrx_word' id='word_1_381' title='bbox 1458 2760 1473 2791; x_wconf 86' lang='lat'>3</span> <span class='ocrx_word' id='word_1_382' title='bbox 1551 2757 1653 2782; x_wconf 73' lang='lat' dir='ltr'><strong>nanto</strong></span> 
     </span>
    </p>
   </div>
  </div>
 </body>
</html>
