1853 3158
213 338 265 377 16
888 333 1255 382 TLLIVII

429 451 648 506 tuendique
665 466 759 494 cura
777 461 873 493 erat.
935 453 1064 509 Igitur
1085 453 1236 496 senatui
1253 467 1348 495 cum
1366 449 1540 496 Camillo
1561 453 1624 510 agi
1640 455 1725 510 pla,

427 511 527 561 cuit,
559 521 618 560 ut,
649 511 786 550 omisso
810 510 951 561 Antio,
981 511 1133 552 bellum
1155 511 1367 553 Etruscum
1389 511 1613 566 susciperet.
1645 513 1724 556 Le·-

425 569 565 624 giones
578 568 756 619 urbanae,
787 568 933 622 quibus
955 569 1177 627 Qinaefitius
1199 569 1430 623 praefuerat,
1446 570 1484 610 ei
1499 570 1724 613 decernun-

426 638 503 667 tur.
528 641 759 680 quanquam
775 636 985 680 expertum
1004 627 1228 669 exercitum
1247 629 1522 681 assuetumque
1539 627 1724 682 imperio,

425 685 499 738 qui
533 685 574 724 in
610 684 768 725 Volscis
800 694 899 733 erat,
930 686 1083 735 mallet,
1114 684 1214 725 nihil
1246 685 1468 726 recusavit:
1508 685 1721 727 Valerium

424 743 708 783 tantummodo
729 742 887 795 imperii
909 742 1058 782 socium
1077 743 1321 796 depoposcit.
1382 742 1605 802 Qincffius
1633 743 1724 785 Ho-

423 800 626 854 ratiusque
655 800 888 840 successores
911 801 1076 841 Valerio
1105 803 1165 854 (4)
1197 800 1238 841 in
1259 801 1418 842 Volscis
1451 800 1564 841 miffi.
1625 802 1724 843 Pro-

424 858 523 898 feffi
543 859 592 898 ab
613 857 710 898 urbe
730 858 913 898 Sutrium
935 858 1079 899 Furius
1114 861 1152 900 &
1177 858 1366 898 Valerius
1394 868 1549 912 partem
1582 856 1723 913 oppidi

418 916 505 971 jam
528 926 686 970 captam
708 916 756 958 ab
777 916 953 957 Etruscis
975 916 1189 964 invenere3
1221 930 1270 956 ex
1293 925 1404 969 parte
1420 915 1558 965 altera,
1581 919 1640 970 (5)
1663 917 1724 957 in-

424 974 604 1027 terseptis
626 974 849 1022 itineribus,
881 988 985 1028 aegre
1019 974 1241 1027 oppidanos
1273 974 1355 1014 vim
1390 972 1567 1015 hostium
1601 973 1723 1015 absc

421 1042 615 1071 arcentes.
677 1032 820 1089 Qum
842 1031 1021 1071 Romani
1043 1031 1180 1071 auxilii
1201 1032 1412 1081 adventus,
1442 1041 1531 1072 tum
1549 1030 1723 1074 *Camilli

422 1103 569 1128 nomen
593 1088 899 1129 celeberrimum
927 1090 1034 1142 apud
1068 1088 1201 1131 hostes
1232 1089 1451 1142 sociosque,
1484 1092 1525 1130 δε
1559 1089 1600 1129 in
1622 1100 1726 1142 praee·

422 1145 546 1185 senti&
566 1160 651 1185 rem
673 1146 906 1185 inclinatam
935 1146 1135 1198 sustinuit,
1170 1149 1208 1187 ἃ
1245 1147 1417 1200 spatium
1440 1147 1490 1186 ad
1511 1160 1632 1200 opem
1663 1145 1724 1185 fe·

422 1205 589 1244 rendam
624 1203 747 1243 dedit.
809 1203 951 1256 Itaque
980 1204 1104 1244 diviso
1136 1205 1333 1254 exercitu,
1366 1204 1565 1246 Camillus
1601 1205 1723 1244 colle-

421 1276 532 1315 gam,
561 1275 651 1301 eam
680 1261 721 1300 in
755 1270 911 1314 partem
932 1260 1222 1302 circumductis
1258 1262 1399 1315 copiis,
1430 1276 1552 1314 quam
1587 1260 1722 1302 hostes

422 1320 626 1368 tenebant,
658 1319 809 1358 moenia
831 1318 993 1373 aggredi
1017 1317 1148 1373 jubet,
1180 1332 1262 1357 non
1282 1318 1393 1359 tant&
1414 1319 1479 1372 spe
1501 1319 1612 1360 scalis
1634 1319 1723 1372 capi

424 1377 563 1417 urbem
586 1378 707 1430 pofl'e,
739 1375 862 1430 quirm
885 1386 943 1425 ut,
976 1377 1037 1430 (6)
1071 1372 1212 1416 averfis
1233 1375 1284 1416 eo
1304 1375 1501 1426 hostibus,
1534 1380 1575 1418 ὃ(
1603 1378 1720 1430 oppi-

422 1436 535 1475 danis
553 1437 637 1490 jam
659 1435 877 1490 pugnando
894 1433 998 1475 feffis
1013 1435 1214 1474 laxaretur
1230 1433 1356 1482 labor,
1390 1436 1430 1474 δε
1450 1433 1531 1486 ipse
1553 1433 1724 1487 spatium

424 1493 598 1533 intrandi
636 1493 714 1532 fine
752 1492 970 1533 certamine
1007 1491 1158 1533 moenia
1193 1491 1371 1533 haberet.
1432 1491 1558 1548 Qod
1594 1506 1722 1544 quum

424 1551 538 1590 simul
570 1551 761 1604 utrinque
784 1550 941 1590 fafitum
974 1551 1082 1599 effer,
1114 1549 1339 1603 ancepsque
1374 1558 1500 1589 terror
1534 1548 1724 1590 Etruscos

423 1609 713 1657 circumstaret,
748 1611 788 1649 δε
822 1608 974 1648 moenia
1009 1606 1166 1648 summ&
1195 1608 1233 1648 vi
1269 1606 1510 1662 oppugnari,
1546 1609 1584 1647 δε
1618 1604 1723 1646 intra

423 1666 575 1706 moenia
597 1667 670 1706 effe
684 1666 839 1706 hostem
860 1666 1067 1714 viderent3
1098 1664 1214 1719 port&
1231 1665 1284 1718 se,
1306 1680 1396 1719 quae
1419 1679 1497 1706 una
1515 1663 1618 1704 forte
1640 1678 1722 1704 non

422 1725 690 1774 obfidebatur,
721 1724 867 1777 trepidi
889 1738 972 1763 uno
1000 1723 1160 1778 agmine
1182 1724 1349 1778 ejecere.
1410 1724 1568 1777 Magna
1594 1723 1724 1763 caedes

423 1782 669 1837 fugientium
695 1785 731 1822 8:
751 1783 791 1821 in
812 1781 909 1821 urbe
928 1784 965 1821 8<
989 1796 1059 1835 per
1081 1795 1196 1836 agros
1218 1780 1273 1820 est
1288 1780 1410 1821 faeta,
1440 1781 1575 1835 plures
1600 1795 1621 1819 a
1643 1781 1724 1819 Fu·-

424 1841 545 1880 rianis
567 1841 670 1880 intra
692 1839 843 1879 moenia
868 1840 953 1879 caefi
971 1855 980 1879 ε
1013 1839 1218 1879 Valeriani
1245 1838 1512 1893 expeditiores
1528 1838 1577 1877 ad
1594 1838 1725 1891 perse·

424 1900 607 1951 quendos
628 1897 768 1947 suere3
800 1912 873 1937 nec
904 1906 996 1937 ante
1022 1897 1203 1946 no&em‚
1235 1912 1325 1950 quae
1347 1895 1611 1950 conspetfilum
1631 1897 1725 1935 ade-

426 1957 513 2006 mit,
545 1956 668 1996 finem
689 1955 869 1996 credendi
891 1955 1036 1995 fecere.
1098 1954 1235 1994 Sutrio
1267 1964 1429 2008 recepto
1459 1953 1734 2006 restitutoque-

427 2014 555 2063 sociis.²
585 2014 744 2068 Nepete
765 2013 964 2067 exercitus
985 2012 1149 2060 duetus,
1179 2013 1290 2066 quod
1311 2026 1381 2067 per
1397 2011 1643 2052 deditionem
1660 2025 1725 2051 ac-

423 2082 588 2125 ceptum
603 2074 686 2127 jam
704 2083 835 2112 totum
857 2071 1011 2110 Etrusci
1033 2070 1247 2110 habebant.
1281 2068 1286 2072 ’

482 2130 535 2169 X.
567 2130 795 2169 Videbatur
825 2129 915 2183 plus
937 2129 976 2167 in
1006 2127 1052 2168 etr
1074 2128 1170 2167 urbe
1192 2126 1422 2182 recipienda
1442 2127 1587 2167 laboris
1608 2127 1723 2175 sore;

425 2202 508 2227 non
526 2188 565 2226 in
588 2202 636 2227 eo
658 2186 802 2236 solum,
825 2186 935 2240 quod
957 2196 1039 2225 tota
1054 2186 1229 2225 hostium
1246 2195 1345 2235 erat,
1376 2185 1442 2224 sed
1459 2185 1579 2224 etiam
1595 2183 1723 2237 quod,

207 2256 392 2296 vaefercci=
424 2256 536 2300 parte
558 2246 853 2299 Nepesinorum
871 2246 1066 2298 prodente
1085 2244 1302 2293 civitatem,
1325 2243 1433 2283 faeta
1454 2254 1539 2282 erat
1560 2242 1723 2282 deditio.

201 2304 292 2341 prm.
426 2304 539 2342 Mitti
562 2313 696 2343 tamen
725 2304 774 2342 ad
796 2303 996 2356 principes
1023 2316 1163 2341 eorum
1184 2301 1355 2355 placuit,
1388 2311 1432 2340 ut
1460 2303 1518 2354 (ι)
1545 2299 1722 2341 secerne-

426 2372 515 2401 rent
535 2361 571 2401 se
594 2361 642 2401 ab
663 2361 854 2409 Etruscis,
887 2360 1105 2413 fidemque,
1136 2373 1259 2412 quam
1280 2358 1549 2412 implorassent
1565 2357 1614 2397 ab
1636 2357 1724 2397 Ro-

1575 2429 1721 2465 mams,

426 2538 505 2567 fore.
554 2535 603 2567 Sic
619 2537 693 2568 Ter.
709 2535 742 2566 in
760 2537 844 2568 Eun.
860 2546 888 2575 3.
905 2546 933 2575 5.
950 2545 1006 2575 57.
1019 2537 1054 2566 E.
1077 2536 1132 2577 (4)
1146 2534 1165 2565 i,
1181 2546 1206 2566 e.
1223 2534 1279 2576 qui
1295 2541 1363 2565 erat
1376 2533 1410 2564 in
1423 2532 1554 2564 Volscis.
1599 2532 1655 2572 (5)
1671 2531 1719 2563 Sic

425 2582 511 2612 lnfrst
543 2582 561 2611 l.
599 2581 625 2612 8.
653 2593 679 2612 c.
709 2591 758 2620 25.
791 2584 944 2624 interseptis
975 2584 1145 2612 munimentis
1173 2582 1281 2623 hqstizmz
1307 2587 1381 2622 pars
1402 2581 1487 2622 parti
1512 2577 1623 2620 abscffz
1650 2584 1721 2607 erat.

425 2628 480 2666 (6)
505 2628 629 2666 Nempe
646 2626 686 2657 ab
701 2625 738 2657 εὲι
754 2634 857 2667 parte,
878 2625 942 2666 qui
960 2625 1113 2657 Camillus
1127 2625 1286 2667 oppidum
1297 2624 1420 2655 intrare
1433 2621 1656 2664 proposuerat,
1679 2622 1720 2652 ad

424 2682 495 2702 earn
512 2682 608 2711 quam
626 2671 773 2702 Valerius
790 2671 974 2702 invadebat.

471 2736 506 2764 C.
526 2743 573 2764 10.
597 2733 652 2774 (t)
675 2732 724 2764 Sic
747 2733 830 2764 infrli
848 2733 868 2763 1.
891 2742 940 2771 35.
960 2744 985 2763 c.
1006 2742 1054 2770 14.
1102 2734 1188 2776 Qud
1201 2746 1214 2762 e
1230 2733 1358 2774 gregese
1373 2733 1569 2772 imperatorum
1584 2729 1661 2758 velut
1676 2729 1720 2757 in-

424 2780 602 2821 estimabilem
616 2779 784 2821 fictevg'fflz‘.
808 2778 872 2810 Cic.
901 2780 959 2812 Or*
987 2788 1017 2808 1.
1048 2779 1117 2809 Cat.
1140 2788 1168 2807 e.
1195 2787 1214 2820 9
1248 2778 1279 2807 Ex·
1308 2775 1562 2817 13.ficernerese
1588 2786 1605 2802 a
1632 2773 1721 2803 bonis.

1462 2819 1519 2860 (2)
1545 2816 1716 2858 Postquam
