1853 3158
381 283 663 328 LIBER
723 281 775 323 X.
835 282 1017 325 CAP.
1080 281 1277 323 XXXVI.

181 414 267 441 rem
293 402 495 449 excitaret,
527 399 710 452 equitum
725 413 872 452 paucas
893 403 1045 438 turmas
1067 408 1177 438 extra
1198 397 1378 438 ordinem
1397 396 1471 437 im·-

179 460 311 499 mifit:
342 472 514 513 quorum
535 470 663 509 quum
685 456 863 509 plerique
885 457 1028 510 delapsi
1051 471 1098 496 ex
1120 456 1232 509 equis
1261 455 1397 505 effent,
1430 457 1470 495 &

179 517 246 555 alii
269 516 442 563 turbati,
477 517 513 554 81
548 513 596 553 ab
632 512 875 553 Samnitium
907 515 990 553 acie
1013 515 1061 553 ad
1082 513 1366 567 opprimendos
1388 526 1473 561 eos,

180 574 252 626 qui
286 574 525 620 ceciderant,
559 574 599 611 δε
632 571 682 610 ad
715 570 804 611 suos
825 572 996 611 tuendos
1017 571 1065 610 ab
1086 570 1283 610 Romanis
1306 583 1473 623 procur-

181 630 270 670 sum
289 630 357 670 est.
416 629 516 668 Inde
536 628 759 682 paullulum
781 628 930 667 irritata
947 643 1081 682 pugna
1101 628 1169 668 est.
1205 628 1270 667 sed
1292 627 1471 679 aliquan-

180 696 224 727 to
247 686 477 741 &impigre
511 685 654 740 magi3‚
687 688 728 726 δι’
762 686 897 738 plures
930 694 1211 738 procurrerant
1243 685 1472 725 Samnites:

183 747 223 784 8<
257 744 439 784 turbatus
475 757 597 796 eques
618 743 685 782 sua
707 742 786 796 ipse
824 742 989 781 subfidia
1012 743 1159 782 territis
1179 742 1293 795 equis
1314 742 1473 795 procul-

178 800 298 841 cavit.
329 800 423 842 hinc
450 800 546 855 fuga
575 810 708 854 coepta
741 808 867 839 totam
893 799 1033 838 avertit
1065 799 1191 838 aciem
1227 800 1470 838 Romanam.

179 859 354 912 Jamque
389 861 462 913 (3)
482 859 524 897 in
556 866 666 912 terga
704 857 949 912 fugientium
983 856 1184 896 Samnites
1224 856 1474 909 pugnabant,

181 930 311 969 quum
332 917 485 964 consul,
515 930 621 969 equo
652 914 874 968 praevectus
898 916 958 968 (4)
980 913 1029 952 ad
1060 922 1216 966 portam
1238 913 1474 961 castrorum,

181 987 228 1013 ac
251 973 416 1013 statione
434 973 617 1026 equitum
642 972 697 1011 ibi
716 971 907 1025 opposita,
924 971 1155 1023 edifitoque,
1187 979 1241 1018 ut,
1272 972 1474 1023 quicunque

184 1031 237 1071 ad
255 1031 397 1070 vallum
417 1031 589 1079 tenderet,
604 1029 691 1084 five
710 1030 769 1068 ille
789 1029 996 1077 Romanus,
1014 1027 1100 1082 five
1122 1028 1269 1066 Samnis
1287 1028 1380 1082 fft,
1403 1038 1476 1080 pro

181 1088 272 1143 hqste
286 1088 478 1132 haberent,›
512 1090 574 1141 (5)
594 1086 680 1126 haec
703 1086 784 1140 ipsa
804 1086 1008 1135 minitans,
1036 1084 1187 1124 obstitit
1203 1082 1366 1137 profuse
1388 1093 1476 1124 ten—

183 1145 370 1185 dentibus
386 1145 463 1184 suis
480 1145 521 1184 in
539 1144 676 1184 castra.
740 1141 832 1198 Q&
846 1145 987 1196 pergis,
1005 1142 1152 1195 inquit,
1175 1142 1275 1181 miles
1289 1144 1309 1179 Ρ
1343 1142 1394 1182 {9³
1413 1142 1476 1181 hz‘c

182 1218 291 1241 arma
316 1203 368 1244 ῥεῖ’
382 1204 482 1242 viros
497 1204 670 1241 invenies.
685 1216 761 1248 nec,
783 1202 869 1240 vivo
889 1201 1023 1255 confide
1042 1209 1115 1248 tuo,
1137 1198 1203 1254 njsi
1220 1201 1339 1238 vic'lor
1358 1199 1475 1253 cqstra

175 1261 356 1314 intrabis.
417 1260 580 1299 Proinde
599 1260 702 1312 elige,
733 1273 813 1297 cum
841 1260 933 1306 cive,
964 1273 1013 1296 an
1034 1257 1137 1313 hqste,
1160 1267 1332 1310 pugnare
1353 1257 1475 1296 malis.

181 1317 286 1358 Haec
324 1318 480 1357 dicente
514 1316 691 1367 consule,
732 1315 889 1370 equites
923 1313 1075 1354 infestis
1111 1312 1364 1367 conspidibus
1400 1314 1477 1353 cir-

184 1375 540 1423 cumfunduntur,·
568 1388 612 1413 ac
647 1374 823 1427 peditem
857 1373 900 1412 in
939 1386 1116 1427 pugnam
1156 1372 1284 1412 redire
1317 1370 1475 1426 jubent.

184 1433 282 1472 Nou
319 1432 444 1472 virtus
480 1430 609 1471 solum
645 1430 863 1479 consulem,
906 1430 972 1470 sed
1012 1429 1094 1469 fors
1135 1429 1255 1469 etiam
1296 1428 1475 1483 adjuvit;

186 1489 298 1543 quod
313 1504 394 1530 nou
412 1490 639 1529 institerunt
660 1488 876 1538 Samnites,
907 1488 1159 1541 spatiumque
1176 1487 1478 1541 circumagendi

186 1549 308 1602 ligna,
338 1548 597 1600 vertendique
620 1546 747 1586 aciem
769 1561 790 1585 a
811 1545 945 1586 castris
967 1546 1007 1584 in
1028 1545 1182 1584 hostem
1211 1543 1301 1584 fuit.
1362 1544 1476 1583 Tum

185 1606 252 1644 alii
274 1605 370 1646 alios
391 1605 558 1656 hortari,
590 1614 634 1643 ut
666 1612 891 1657 repeterent
921 1617 1121 1657 pugnam:
1152 1601 1405 1642 centuriones
1427 1601 1478 1641 ab

185 1662 381 1717 {igniferis
414 1672 524 1716 rapta
559 1662 678 1716 figna*
698 1660 871 1700 inferre:
905 1663 944 1701 δε
967 1660 1172 1700 ostendere
1204 1659 1297 1709 suis,
1327 1672 1477 1713 paucos

188 1723 230 1761 δε
269 1720 476 1760 ordinibus
515 1719 784 1773 incompositis
822 1713 947 1757 effuse
988 1718 1122 1758 venire
1160 1717 1305 1756 hostes.
1366 1717 1478 1756 Inter

186 1778 273 1817 haec
309 1777 462 1827 consul,
494 1791 636 1817 manus
658 1777 706 1816 ad
728 1777 879 1816 coelum
912 1776 1113 1827 attollens,
1139 1789 1235 1814 voce
1272 1774 1391 1824 clara,
1423 1773 1480 1813 ita

186 1844 231 1876 ut
251 1835 521 1883 exaudiretur,
552 1835 748 1888 templum
779 1834 869 1886 Jovi
889 1839 913 1885 †
933 1832 1081 1873 Statori
1111 1843 1241 1880 vovet,
1273 1831 1299 1870 fi
1334 1830 1480 1870 consti-

187 1893 289 1932 tiffet
310 1908 331 1932 a
353 1891 449 1946 fuga
472 1893 658 1931 Romana
686 1892 804 1940 acies,
835 1891 1185 1945 redintegratoque
1207 1888 1351 1942 proelio
1373 1888 1479 1928 ceci-

184 1951 297 1990 disset
330 1950 557 2003 viciss'etque
593 1949 769 2004 legiones
803 1948 1060 1988 Samnitium.
1122 1947 1278 1986 Omnes
1300 1946 1480 1999 undique

186 2008 308 2047 annifi
340 2009 390 2047 ad
409 2008 693 2047 restituendam
714 2020 905 2060 pugnam,
937 2006 1075 2056 duces,
1105 2004 1266 2055 milites,
1297 2003 1478 2056 peditum

187 2065 451 2119 equitumque
472 2065 531 2105 vis
548 2081 556 2105 ε
586 2070 610 2117 †
631 2078 782 2103 numen
802 2064 921 2103 etiam
942 2063 1126 2102 Deorum
1144 2061 1348 2115 respexisse
1364 2067 1388 2114 †
1405 2075 1479 2100 no-

188 2137 282 2162 men
305 2123 539 2162 Romanum
570 2122 709 2162 visum.
745 2119 845 2161 adeo
882 2119 998 2160 facile
1020 2121 1209 2159 inclinata
1239 2133 1315 2167 res,
1346 2118 1480 2172 repul-

191 2182 297 2234 fique
314 2194 336 2219 a
364 2180 499 2220 castris
518 2180 649 2219 hostes
667 2195 678 2227 ;
711 2193 804 2218 mox
834 2178 955 2218 etiam
974 2177 1127 2217 redacti
1146 2177 1196 2216 ad
1217 2190 1310 2216 eum
1327 2177 1484 2226 locum,

189 2238 232 2278 in
255 2252 336 2291 quo
357 2237 559 2276 commiffa
579 2251 714 2291 pugna
734 2246 830 2276 erat.
891 2235 966 2285 Ibi,
999 2235 1207 2289 objacente
1237 2233 1481 2273 sarcinarum

191 2295 373 2343 cumulo,
405 2309 503 2347 quas
523 2295 776 2349 conjecerant
804 2294 845 2332 in
871 2294 1065 2341 medium,
1095 2291 1242 2332 haesere
1272 2291 1482 2344 impediti:

193 2352 358 2401 deinde,
389 2365 439 2391 ne
461 2352 728 2405 diriperentur
762 2366 841 2401 res,
872 2350 1011 2390 orbem
1036 2358 1283 2389 armatorum
1319 2348 1483 2387 sarcinis

193 2410 458 2449 circumdant.
518 2410 629 2448 Tum
649 2407 744 2448 vero
766 2423 834 2448 eos
855 2423 877 2447 a
898 2407 1029 2447 fronte
1059 2420 1200 2461 urgere
1234 2405 1401 2459 pedites,
1433 2404 1484 2444 ab

174 2476 309 2521 *tergo
344 2466 602 2506 circumvecti
633 2467 800 2519 equites.
832 2466 886 2504 ita
925 2465 966 2503 in
1001 2465 1133 2503 medio
1166 2462 1250 2503 caefi
1282 2462 1482 2515 captique.

196 2524 461 2578 Captivorum
492 2537 685 2565 numerus
715 2523 793 2563 fuit
823 2522 973 2576 septem
1008 2522 1180 2561 millium
1211 2534 1256 2560 ac
1290 2521 1485 2559 ducento-

410 2602 412 2605 ν
1376 2590 1483 2624 rum,

197 2697 295 2738 supr}
311 2708 336 2728 c.
356 2707 406 2737 13.
423 2697 508 2730 infr&
523 2699 545 2729 l.
563 2707 615 2731 22.
633 2698 726 2736 c.-48.
769 2697 825 2739 (3)
848 2696 897 2728 Sic
908 2704 1034 2740 pugnare
1050 2696 1222 2736 bifrontem,
1243 2696 1270 2725 ἰη
1287 2695 1378 2724 latera
1395 2692 1418 2723 l.
1433 2700 1488 2722 21..

200 2753 228 2774 c-
248 2753 277 2779 4·
321 2744 375 2783 (4)
401 2743 432 2774 h.
459 2755 488 2776 e.
516 2752 633 2787 proeter
659 2743 815 2787 fugientes
831 2744 955 2774 vedius.
1001 2743 1057 2783 (5)
1080 2742 1160 2773 Haec
1177 2739 1254 2782 ipsa,
1275 2748 1346 2780 quae
1364 2735 1490 2785 stationi

244 2787 338 2819 Tora.
363 2789 396 2817 11.
860 2788 893 2819 Χ
1343 2787 1489 2820 equitum

1609 296 1689 339 305
