1853 3158
381 273 664 319 LIBER
723 274 800 315 VI.
859 274 1045 316 CAP.
1106 274 1265 316 XXIV.

176 391 245 432 ubi
265 393 367 432 vallo
387 388 730 445 appropinquasset
749 388 887 439 hostis,
908 399 1178 444 erumperent.
1239 390 1467 439 Romanus,

173 452 383 490 cedentem
402 448 556 489 hostem
577 445 701 486 effuse
724 446 925 500 sequendo
947 448 988 486 in
1009 449 1144 488 locum
1172 447 1357 501 iniquum
1379 461 1469 501 per-

176 508 344 558 traetus,
373 513 398 559 †
427 514 678 559 opportunus
698 503 794 544 huic
816 505 1017 558 eruptioni
1034 505 1124 545 fuit.
1157 507 1218 559 (2)
1239 505 1372 545 versus
1394 506 1467 544 ita·
1486 518 1583 548 Prima}
1598 520 1656 549 Ro-

174 578 253 616 que
274 565 315 603 in
345 563 540 604 victorem
571 571 712 610 terror,
747 564 784 601 δε
814 576 918 602 novo
939 562 1066 611 hoste,
1101 566 1139 603 δε
1161 569 1186 614 †
1207 563 1343 617 supina
1365 564 1465 603 valle
1482 567 1571 593 manis
1591 567 1643 593 im-

174 621 403 661 Romanam
444 620 650 660 inclinavit
689 619 831 661 aciem.
896 619 1050 659 Instant
1089 620 1228 660 Volsci
1269 630 1465 669 recentes,
1478 610 1595 650 pr‘sP‘r
1595 621 1625 638 ‘¹⁵’

174 679 243 732 qui
265 692 286 718 e
307 678 441 718 castris
457 678 654 731 impetum
675 676 879 724 fecerant3
911 676 1111 731 integrant
1134 681 1173 718 &
1198 678 1253 717 illi
1272 693 1466 733 pugnam,

173 736 243 788 qui
265 735 444 775 fimulata
464 736 653 776 cesserant
674 734 781 788 fugz‘i.
843 734 935 786 Jam
957 748 1039 773 non
1061 735 1277 788 recipiebat
1312 735 1349 775 se
1380 736 1468 776 Ro-

173 807 315 832 manus
336 793 480 842 miles;
512 792 596 844 sed,
626 793 841 832 immemor
861 791 1032 831 recentis
1054 791 1215 832 ferociae
1243 793 1466 846 veterisque

171 850 345 901 decoris,
376 860 486 906 terga
513 850 649 904 passim
670 849 802 898 dabat,
834 858 954 902 atque
975 849 1100 888 effuso
1121 849 1239 889 cursu
1260 850 1384 889 castra
1405 865 1462 890 re-

172 907 333 961 petebat
349 924 357 948 :
389 922 516 963 quum
533 908 744 958 Camillus,
776 908 838 960 (3)
859 906 1062 962 subjectus
1079 922 1099 946 a
1118 906 1467 948 circumstantibus

174 965 214 1003 in
245 979 414 1018 equum,
447 968 486 1007 &
514 966 660 1019 raptim
682 964 859 1005 subsidiis
887 964 1091 1018 oppositis,
1122 964 1214 1003 Haec
1233 966 1291 1019 ψ,
1321 965 1468 1018 inquit,

174 1023 320 1072 milites,
345 1034 489 1076 pugna,
511 1039 620 1077 quam
630 1022 825 1077 poposcistis
840 1026 860 1060 Ρ
924 1022 1031 1077 Quis
1050 1022 1163 1072 homo,
1184 1024 1265 1075 quis
1285 1023 1392 1062 Deus
1408 1040 1425 1062 e
1454 1055 1468 1074 ,

173 1095 277 1132 quem
297 1082 465 1135 acczfsare
475 1080 612 1135 pfftis
626 1084 646 1118 ?
679 1080 798 1135 vestra
821 1081 881 1134 (4)
904 1081 967 1119 illa
988 1082 1189 1130 temeritas,
1222 1080 1340 1135 vssm
1362 1083 1469 1135 igna—

174 1138 238 1176 via
259 1137 330 1177 haec
344 1137 400 1193 fst.
464 1138 586 1177 Secuti
603 1139 718 1177 alium
740 1137 879 1186 ducem,
897 1138 1098 1192 stquimini
1118 1153 1215 1176 nunc
1237 1138 1436 1178 Camillum
1452 1162 1466 1184 ,-

176 1194 242 1242 (9³,
273 1196 368 1248 quod
385 1196 498 1236 duffu
519 1212 591 1235 meo
598 1197 737 1250 fhletis,
767 1197 915 1234 vincite.
975 1201 1000 1247 †
1024 1195 1138 1249 Qlid
1155 1195 1297 1234 vallum
1323 1196 1375 1237 Εἴ
1393 1198 1469 1251 caſs

170 1260 234 1291 tra
242 1254 418 1307 speffatis
432 1257 452 1292 Ρ
485 1255 662 1292 neminem
683 1252 842 1308 vestrum
862 1253 943 1303 illa,
975 1252 1041 1307 ⁷²?st
1059 1255 1249 1304 vifiorem,
1281 1263 1469 1307 receptura

160 1310 266 1364 sunt.
326 1311 464 1350 Pudor
499 1308 631 1364 primo
669 1310 797 1349 tenuit
833 1309 1002 1350 effusos:
1034 1311 1142 1361 inde,
1175 1320 1219 1350 ut
1250 1311 1470 1366 circumagi

174 1367 298 1422 signa,
330 1367 564 1421 obvertique
581 1368 708 1408 aciem
725 1368 912 1407 viderunt
932 1367 972 1406 in
992 1367 1163 1416 hostem,
1188 1370 1225 1408 &
1249 1369 1346 1418 dux,
1368 1384 1471 1423 prae-

173 1433 358 1478 terquam
378 1425 490 1480 quod
512 1428 572 1480 (5)
594 1435 654 1465 tot
676 1425 836 1480 insignis
863 1425 1092 1479 triumphis,
1124 1425 1245 1465 etiam
1267 1436 1382 1466 aetate
1403 1442 1471 1467 ve-

172 1482 377 1533 nerabilis,
410 1483 513 1522 inter
544 1483 672 1538 prima
695 1483 800 1537 figna
822 1482 908 1537 (ubi
941 1483 1138 1537 plurimus
1171 1482 1282 1523 labor
1313 1485 1471 1538 pericu-

173 1540 340 1593 lumque
361 1543 464 1595 erat)
485 1540 522 1580 se
542 1540 750 1588 offerebat,
781 1541 986 1594 increpare
1008 1540 1149 1595 singuli
1177 1540 1216 1580 se
1237 1542 1405 1595 quisque
1428 1546 1471 1583 &

170 1597 284 1646 alios,
304 1600 344 1638 &
367 1597 592 1638 adhortatio
613 1598 654 1637 in
670 1598 799 1638 vicem
821 1607 948 1637 totam
969 1599 1088 1638 alacri
1111 1598 1283 1638 clamore
1304 1601 1473 1654 pervasit

171 1655 236 1708 (6)
256 1655 396 1694 aciem.
456 1655 602 1711 Neque
629 1657 728 1695 alter
759 1654 943 1696 tribunus
964 1656 1020 1695 rei
1042 1655 1193 1695 defuit:
1225 1655 1305 1705 sed,
1337 1657 1472 1700 miffus

171 1725 196 1750 a
218 1711 369 1766 collega
388 1712 619 1752 restituente
633 1712 815 1766 peditum
832 1713 958 1753 aciem
981 1714 1030 1752 ad
1051 1713 1222 1766 equites,
1254 1727 1336 1753 non
1357 1715 1472 1755 casti·-

170 1770 318 1822 gando,
352 1771 418 1822 (ad
452 1784 574 1822 quam
610 1784 694 1809 rem
734 1769 924 1809 leviorem
961 1770 1170 1810 au&orem
1210 1784 1305 1810 eum
1342 1774 1470 1827 culpae

171 1826 335 1866 societas
357 1826 524 1881 fecerat)
555 1827 636 1876 sed,
668 1827 716 1866 ab
748 1826 917 1883 imperio
950 1838 1058 1868 totus
1080 1829 1128 1868 ad
1161 1843 1298 1882 preces
1318 1830 1471 1884 versus,

169 1897 283 1923 orare
317 1884 489 1938 smgulos
524 1884 819 1938 universosque,
852 1895 893 1925 ut
910 1886 967 1940 se,
1001 1888 1060 1940 (7)
1095 1902 1197 1929 reum
1205 1886 1373 1941 fortuna>
1392 1891 1472 1943 ejus

172 1941 258 1991 diei,
279 1944 433 1982 crimine
445 1944 506 1998 (8)
521 1944 730 1983 eximerent.
764 1945 825 1997 (9)
843 1943 1036 1988 Abnuente
1047 1944 1304 1997 acprohibente
1319 1946 1470 2000 collegd‚

1251 2011 1471 2044 temerztatzs

171 2115 193 2146 1.
213 2115 241 2146 8.
257 2127 286 2147 c.
304 2125 354 2156 43.
378 2116 400 2147 1.
419 2125 468 2148 22.
485 2127 510 2147 c.
529 2125 582 2158 39.
629 2115 683 2158 (2)
707 2116 846 2148 Romani
862 2115 968 2148 territi
985 2125 1077 2149 erant
1100 2117 1131 2149 δι
1148 2117 1304 2154 inclinati,
1328 2120 1419 2160 quod
1436 2120 1469 2151 δε

173 2159 245 2190 loco
262 2161 411 2192 subissent
430 2161 554 2198 acclivi,
576 2161 648 2202 (qui
665 2161 750 2192 inter
763 2162 863 2192 aciem
880 2162 1072 2193 Volscorum
1089 2163 1121 2193 δε
1142 2164 1241 2194 castra
1263 2163 1354 2195 fuiffe
1371 2165 1469 2206 supr}

173 2204 309 2242 dicitur)
326 2206 356 2236 &
374 2207 414 2236 ab
428 2215 554 2238 recente
570 2206 658 2238 hoste
673 2207 809 2248 desuper
826 2206 1034 2240 incumbente
1055 2208 1291 2249 exciperentur.
1338 2210 1395 2250 (3)
1419 2210 1467 2241 Sic

173 2248 258 2279 infra
275 2249 294 2279 l.
312 2260 361 2288 31.
378 2261 406 2281 c.
426 2259 476 2289 37.
499 2265 584 2294 regem
599 2254 626 2281 in
641 2254 869 2293 equumsubjecit.
892 2251 986 2293 Virg.
1003 2252 1022 2282 l.
1042 2262 1092 2283 12.
1107 2255 1184 2283 AEn.
1204 2264 1233 2284 v.
1251 2254 1323 2292 287.
1352 2263 1468 2296 corpora

161 2295 243 2334 saltu
258 2295 410 2336 Sub-ficiunt
426 2299 454 2326 in
471 2309 554 2336 equos.
600 2297 734 2338 Suhjicere
750 2296 783 2326 in
800 2296 848 2326 his
866 2296 1081 2338 slmilibusque
1096 2297 1315 2330 locutionibus
1331 2299 1469 2340 ponitur

174 2347 236 2378 pro
252 2339 374 2370 sursum
390 2339 521 2381 erigere.
568 2341 624 2382 (4)
647 2342 735 2372 Nota
758 2341 889 2372 voculas
917 2343 979 2379 illa,
1001 2352 1073 2382 quae
1096 2342 1299 2384 praeteritum
1318 2351 1468 2385 tempus;

170 2383 237 2419 haec,
260 2394 331 2423 quae
348 2384 483 2424 praesens
499 2384 629 2416 indicat.
677 2385 788 2416 Vestra
804 2385 966 2417 temeritas
983 2386 1056 2424 fuit,
1079 2398 1180 2428 quum
1196 2398 1339 2429 pugnam
1355 2388 1468 2423 incon÷

172 2427 258 2458 fulto
275 2427 446 2458 lacessistis:
472 2429 575 2461 vestra
594 2441 681 2462 nunc
709 2429 837 2472 ignavia
861 2431 915 2468 est,
937 2442 1039 2471 quum
1064 2431 1182 2474 fugitis.
1230 2433 1282 2473 (5)
1308 2433 1468 2474 Supplen-

171 2473 252 2503 dum
269 2472 311 2504 est
326 2479 396 2502 .·?rat.
440 2473 496 2513 (6)
520 2474 569 2505 Sic
585 2474 682 2516 supra
694 2475 713 2505 l.
726 2485 759 2513 5,
773 2486 801 2505 c.
822 2483 849 2513 7.
862 2478 1001 2517 famaque
1012 2479 1145 2518 eafhrum
1157 2484 1241 2518 atque
1253 2478 1345 2508 urbem
1355 2485 1467 2520 perva-

157 2518 247 2560 sfft.
282 2516 367 2547 infr&
395 2517 417 2549 l,
448 2517 499 2549 26.
530 2529 556 2549 c.
588 2529 639 2557 15.
671 2532 796 2550 murmur
827 2521 861 2550 ab
886 2522 1019 2551 tribunali
1046 2529 1130 2552 totam
1158 2524 1304 2553 concionem
1327 2524 1466 2564 pervqfit0

156 2562 186 2602 ’(
193 2563 228 2603 7)
250 2564 324 2593 Reus
341 2562 475 2603 alicujus
492 2562 537 2593 rei
550 2563 680 2601 dicitur,
695 2563 751 2604 qui
764 2565 830 2606 ejus
844 2564 889 2596 rei
907 2565 1024 2596 rationi
1041 2567 1213 2597 reddendae
1226 2566 1386 2598 obnoxius
1403 2567 1464 2603 est·‚

170 2617 268 2647 quem
291 2606 428 2648 Anglice
454 2606 589 2639 dicimus
617 2609 778 2651 resporfible.
824 2609 874 2639 Sic
890 2609 977 2640 infra
998 2610 1020 2641 1.
1041 2621 1091 2649 25.
1107 2622 1133 2642 c.
1151 2621 1204 2650 30.
1229 2619 1382 2653 opportuna
1407 2614 1466 2643 loca

166 2655 314 2685 dividenda
332 2654 475 2694 prafec‘iis
495 2650 554 2693 effi,
575 2660 602 2683 ut
607 2655 668 2694 suae
689 2655 796 2694 quisque
813 2656 911 2696 partis
935 2656 1054 2686 tutandae
1081 2669 1142 2687 reus
1157 2657 1214 2699 stt.
1261 2656 1315 2697 (8)
1337 2655 1467 2688 Dicitur

169 2696 267 2732 etiam
283 2709 358 2729 noxae
371 2699 491 2731 eximere
505 2697 592 2730 infra
604 2698 624 2734 l.
642 2698 669 2731 8.
686 2709 710 2730 c.
730 2708 745 2738 3
750 2708 779 2738 5.
816 2699 873 2741 (9)
887 2699 961 2733 Vid,
977 2699 1073 2743 supra
1086 2708 1155 2733 not.
1176 2710 1203 2740 3.
1219 2702 1269 2732 ad.
1286 2711 1311 2731 c.
1330 2710 1384 2739 13.
1401 2701 1419 2730 1.
1440 2709 1462 2731 1>v

1274 2745 1352 2785 (10)
1364 2745 1464 2776 Red'te
