1853 3158
414 259 702 305 LIBER
763 261 840 303 IV.
900 262 1087 306 CAP.
1149 264 1246 308 XV.

188 374 402 416 habiturum
420 376 537 433 fuiffl‘
557 375 733 416 Maelium
737 376 900 432 similem
921 380 1032 433 causa
1036 379 1255 435 fortunam.
1318 378 1404 418 Vim
1418 389 1492 432 pa-

189 442 350 484 rantem,
381 448 424 472 ne
445 433 589 487 judicio
608 435 654 488 se
686 436 939 485 committeret,
970 438 1013 475 vi
1046 438 1243 476 co'e'rcitum
1273 437 1346 492 ff.
1409 437 1492 476 Nec

188 504 272 529 cum
290 506 340 539 eo,
369 499 547 543 tanquam
575 505 658 530 cum
678 493 773 540 cive,
803 493 986 546 agendum
991 494 1066 548 fui
1091 510 1109 533 e
1119 515 1134 540 ,·
1167 495 1233 547 qui
1253 503 1364 533 natus
1384 495 1423 532 in
1443 494 1492 533 li-

188 547 269 586 bero
278 547 407 600 populo
438 549 537 586 inter
542 548 643 602 jura
662 548 834 602 legesque,
864 564 909 588 ex
928 552 1006 603 qud
1027 551 1114 590 urbe
1145 566 1246 605 reges
1264 551 1492 604 exafiossci-

188 612 263 654 ret,
293 604 477 658 eodemque
506 619 602 645 anno
623 607 683 659 (2)
703 607 845 659 fhroris
863 605 970 661 filios
990 609 1104 660 regis,
1134 616 1169 646 et
1195 608 1322 648 liberos
1340 608 1492 662 cotgsulis

187 660 394 700 liberatoris
424 663 574 714 patria,
609 671 762 716 propter
788 664 994 716 pafflionem
1032 664 1234 704 indicatam
1274 665 1492 719 recipiendo-

189 732 276 756 rum
294 719 334 756 in
353 719 479 757 urbem
509 734 653 773 regum,
683 736 707 759 a
728 730 839 774 patre
855 722 985 775 securi
1015 721 1077 776 effi
1098 722 1279 777 percuffbs
1289 744 1304 768 ;
1337 737 1381 761 ex
1412 723 1492 776 qud

188 773 414 814 Collatinum
454 775 709 830 Tarquinium
747 778 920 831 corficlem
959 779 1118 817 nominis
1147 779 1223 818 odio
1261 779 1430 818 abdicare
1445 781 1492 833 se

186 831 404 888 magistratu
442 842 553 887 atque
590 834 755 888 exsulare
779 836 923 890 juffitm
935 856 951 880 ;
984 837 1023 873 in
1055 837 1134 888 qud
1167 835 1211 875 de
1247 836 1308 889 Sp.
1358 835 1488 890 Caffio,

176 890 255 944 pqst
273 889 411 943 aliquot
441 905 569 941 annos,
592 899 746 943 propter
777 891 918 945 corffllia
956 893 1051 931 inita
1091 893 1134 931 de
1174 908 1283 947 regno
1309 894 1489 947 supplici-

184 961 248 985 um
274 947 469 1000 sumptum
482 968 498 992 ;
531 948 570 986 in
609 950 687 1001 quav
727 958 844 1002 nuper
881 949 1103 988 decemviros
1122 951 1235 1001 bonis,
1267 950 1395 1004 efflio,
1426 967 1488 989 ca-

175 1004 256 1054 pite
287 1004 479 1043 mulHatos
508 1004 548 1044 ob
567 1005 782 1059 superbiam
816 1008 972 1060 regiam,
1003 1008 1042 1044 in
1078 1009 1123 1046 ed
1156 1009 1218 1061 (3)
1246 1007 1307 1060 Sp.
1329 1007 1488 1047 Maelius

170 1059 275 1113 spem
296 1062 402 1114 regni
419 1064 628 1115 conceperit.
688 1062 746 1102 Et
760 1065 843 1117 quis
862 1063 961 1103 homo
975 1066 996 1102 Ρ
1031 1066 1089 1118 (4)
1112 1080 1325 1118 quanquam
1344 1066 1486 1104 nullam

183 1117 420 1169 nobilitatem,
452 1119 568 1158 nullos
586 1119 749 1168 honores,
787 1121 890 1160 nulla
909 1122 1042 1160 merita
1063 1123 1233 1175 cuiquam
1254 1122 1306 1161 ad
1323 1123 1487 1161 domina-

181 1174 312 1213 tionem
325 1175 491 1227 pandere
511 1177 614 1215 viam
628 1198 643 1222 ;
663 1177 736 1231 sed
757 1186 880 1216 tamen
903 1178 1092 1231 Claudios,
1128 1178 1274 1233 Caffios,
1296 1180 1487 1233 corffulati-

181 1231 261 1279 bus,
282 1231 601 1282 decemviratibus,
619 1235 706 1288 suis
727 1236 981 1290 musarumque
1000 1235 1205 1285 honoribus,
1213 1237 1407 1290 splendore
1412 1237 1487 1294 fa-

181 1289 373 1328 miliarum
394 1290 573 1346 fistulgffe
607 1293 761 1340 animos,
793 1290 863 1345 quo
885 1293 991 1348 nefas
1010 1293 1141 1348 suerit
1155 1311 1167 1332 .-
1206 1294 1268 1346 Sp.
1293 1294 1487 1344 Maelium,

179 1347 240 1384 cui
259 1347 473 1386 tribunatus
485 1349 602 1400 plebis
623 1349 743 1402 magis
760 1350 952 1401 optandus,
974 1349 1087 1403 quam
1095 1351 1321 1404 sperandus,
1343 1351 1486 1407 fuerit,

167 1401 472 1456 frumentarium
503 1405 672 1453 divitem,
704 1408 766 1459 (5)
788 1406 929 1447 bilibris
947 1408 1085 1461 fhrris
1104 1409 1264 1463 speraſje
1282 1409 1486 1448 libertatem

166 1459 212 1512 se
231 1461 372 1499 civium
380 1461 537 1514 suorum
553 1462 681 1517 emiffi’,
714 1464 775 1515 (6)
797 1463 938 1516 ciboque
951 1464 1141 1518 objiciendo
1161 1474 1288 1504 ratum
1310 1467 1486 1509 vinctorem

166 1514 423 1570 finitimorum
444 1519 604 1557 omnium
631 1519 806 1571 populum
828 1521 868 1558 in
888 1521 1115 1574 servitutem
1128 1523 1264 1574 perlici
1275 1523 1367 1578 poffi’
1381 1541 1394 1562 .-
1427 1532 1485 1573 ut,

174 1571 285 1625 'quem
292 1574 501 1628 senatorem
523 1578 584 1629 (7)
605 1591 815 1628 concoquere
829 1578 966 1616 civitas
987 1579 1055 1617 vix
1066 1578 1189 1633 pfft,
1209 1594 1330 1632 regem
1336 1580 1485 1634 ferret,

179 1629 336 1684 Romuli
354 1631 561 1683 conditoris,
591 1633 636 1672 ab
652 1632 746 1673 Diis
764 1635 852 1685 orti,
884 1635 1017 1688 recepti
1036 1635 1088 1674 ad
1102 1635 1219 1688 Deos,
1250 1635 1405 1691 i⁷fig7²ia
1422 1648 1484 1689 >at2=

1417 1710 1486 1751 qllc'

174 1802 233 1844 (2)
257 1803 400 1848 Qidam
417 1815 475 1848 per
488 1807 684 1849 firorisfilios
700 1810 772 1850 regis
794 1807 982 1850 intelligunt
999 1808 1149 1849 Vitellios
1165 1810 1405 1852 Aquilliosque,
1427 1821 1484 1847 nae

177 1855 238 1885 tos,
260 1849 435 1882 secundum
464 1851 688 1888 Plutarchum,
721 1863 761 1885 ex
789 1853 915 1884 duabus
943 1854 1109 1885 sororibus
1139 1855 1294 1886 Collatini
1322 1855 1484 1894 consulis;

177 1891 265 1923 hunc
292 1901 402 1925 autem
432 1908 521 1938 regem
538 1896 696 1937 appellari
714 1908 775 1939 pro
792 1905 930 1938 cognato
958 1897 1052 1940 regis.
1069 1898 1148 1935 Alii,
1173 1899 1292 1940 quibus
1308 1900 1340 1930 ἃ
1357 1899 1484 1931 codices

176 1935 302 1976 aliquot
325 1938 554 1981 suffragantur,
575 1951 690 1972 vocem
717 1944 787 1983 regis
804 1942 1022 1973 inducendam
1039 1951 1168 1984 putant,
1189 1943 1235 1975 ita
1252 1952 1287 1976 ut
1309 1946 1419 1985 corsulis
1432 1944 1484 1975 bis

177 1981 404 2022 accipiendum
417 1984 465 2014 fit.
513 1987 671 2016 Attamen
688 1986 740 2017 vel
756 1986 797 2017 fic
819 1985 1025 2018 incommoda
1042 1987 1115 2019 sunt
1140 1988 1240 2019 verba
1257 1988 1484 2029 subsequentia

174 2037 193 2055 a
204 2029 392 2068 patresecuri
407 2029 455 2070 ff·
471 2029 608 2071 percnffis
619 2045 629 2064 ;
657 2040 729 2070 quae
746 2031 833 2061 reete
851 2031 891 2062 de
907 2030 980 2061 filiis
993 2031 1086 2063 Bruti
1098 2032 1162 2064 dici
1181 2032 1321 2074 poffunt,
1342 2044 1409 2064 non
1426 2044 1484 2064 au-

174 2076 241 2100 tem
257 2071 298 2101 de
314 2071 386 2103 filiis
413 2072 531 2103 sororis
555 2074 719 2104 Collatini.
766 2074 879 2106 Potius
905 2074 1005 2117 igitur
1024 2075 1156 2117 videtur
1179 2077 1359 2120 intelligere
1382 2078 1484 2113 verba

174 2113 244 2156 ,haec
255 2117 451 2159 sororisfilios
468 2120 540 2158 segis
561 2119 600 2149 {9³
620 2119 717 2149 liberos
733 2121 842 2160 corfiaelis
864 2120 904 2150 de
929 2119 1001 2160 solis
1019 2120 1112 2162 Bruti
1134 2120 1254 2159 liberis,
1277 2122 1333 2163 qui
1349 2122 1484 2162 quidem

175 2158 293 2190 sororis
305 2160 387 2201 regis
403 2171 471 2192 non
473 2163 543 2202 filii
557 2164 659 2200 fuere,
673 2163 727 2194 sed
738 2171 843 2205 nepotes
854 2177 865 2194 .·
890 2160 966 2195 nam
984 2172 1077 2206 pater
1094 2176 1208 2197 eorum
1220 2168 1258 2197 L.
1270 2166 1386 2208 JunIus
1401 2168 1483 2198 Bru·

176 2208 228 2234 tus
248 2204 407 2245 ‘Tarquinia¹
420 2207 520 2247 sorore
536 2209 609 2248 regis
629 2215 711 2238 natus
739 2208 793 2249 est,
815 2208 990 2239 secundum
1006 2209 1139 2240 Livium
1164 2210 1262 2252 supra
1288 2211 1312 2241 l.
1332 2220 1358 2241 1.
1375 2222 1403 2243 c.
1427 2211 1483 2250 56·

176 2245 310 2278 Livium
334 2251 530 2292 autemfllios
546 2261 665 2282 vocare
692 2251 749 2292 qui
777 2259 881 2294 nepotes
909 2261 1012 2290 erant,
1034 2253 1098 2284 five
1115 2254 1256 2285 oblitum
1276 2266 1391 2286 eorum
1408 2266 1482 2296 quae

176 2293 250 2321 ante
268 2291 446 2333 scripserat,
468 2293 531 2325 five
555 2296 664 2326 dedita
681 2295 790 2338 opera,
813 2296 859 2327 rei
876 2298 1031 2338 augendae
1059 2298 1162 2330 causfi.
1211 2300 1268 2340 (3)
1291 2301 1341 2341 Sp.
1358 2302 1482 2331 Maelius

176 2335 338 2367 redundat
352 2348 360 2374 ;
383 2338 521 2369 verbum
533 2339 619 2370 enim
630 2345 779 2382 conceperit
794 2342 1002 2372 referendum
1018 2341 1061 2373 est
1077 2343 1117 2374 ad
1134 2344 1321 2384 praecedens
1335 2348 1382 2385 qui
1391 2358 1401 2374 .·
1427 2344 1481 2376 sed

176 2378 220 2409 ob
238 2380 334 2420 plura
359 2380 547 2424 interposita
569 2394 690 2414 nomen
706 2384 848 2415 hominis
870 2396 908 2416 ex
936 2386 1117 2417 abundanti
1144 2387 1317 2428 repetitur.
1365 2390 1482 2429 Neque

176 2423 271 2455 aliter
295 2424 436 2456 otiosum
463 2426 524 2463 est3
548 2436 642 2468 auget
667 2429 754 2459 enim
782 2428 939 2460 invidiam
962 2430 1018 2466 rei,
1043 2432 1229 2463 revocando
1245 2431 1279 2463 in
1292 2432 1482 2464 memoriam

176 2468 280 2508 qualis
298 2469 360 2500 fuit
388 2469 443 2501 iste
469 2471 525 2510 qui
553 2471 642 2512 spem
658 2472 748 2514 regni
765 2473 961 2514 conceperit.
985 2476 1020 2505 E.
1068 2476 1125 2516 (4)
1149 2477 1347 2519 Qanquam
1363 2476 1397 2508 id
1413 2488 1482 2508 non

174 2511 259 2549 dico,
287 2513 375 2553 quasi
392 2514 459 2544 ulla
476 2514 629 2546 nobilitas
655 2516 741 2547 viam
770 2517 896 2558 aperire
913 2517 1029 2549 debeat
1057 2521 1097 2550 ad
1126 2521 1400 2552 dominationem:
1428 2522 1482 2553 sed

176 2563 284 2588 xamen
299 2559 467 2589 fatendum
485 2559 528 2590 est
541 2568 665 2591 ceteros
681 2560 853 2592 nobilitate
876 2562 907 2591 δε
924 2562 1104 2594 honoribus
1117 2565 1218 2597 elatos
1235 2576 1370 2607 regnum
1386 2566 1482 2597 affec-

175 2600 270 2631 tass'e:
297 2609 330 2632 at
353 2604 405 2644 Sp.
431 2602 582 2634 Maelium
609 2605 667 2635 ἃς.
694 2606 732 2635 E.
779 2606 835 2647 (5)
859 2607 955 2637 Binas
973 2606 1100 2649 singulis
1118 2605 1243 2640 civibus
1271 2610 1370 2641 libras
1387 2610 1483 2641 farris

174 2644 352 2686 largiendo.
397 2647 453 2689 (6)
477 2648 650 2688 Tanquam
663 2649 750 2687 feris,
766 2661 838 2690 quae
854 2650 922 2682 escfi
939 2651 1065 2692 objecitfi
1076 2653 1264 2684 alliciuntur
1280 2654 1314 2684 in
1332 2656 1481 2686 fraudem

171 2688 205 2718 δε
222 2689 383 2730 laqueum.
430 2693 485 2733 (7)
528 2694 692 2734 Concoquere
724 2704 786 2735 pro
804 2695 892 2736 pati;
915 2703 950 2726 ut
967 2697 1055 2737 apud
1074 2697 1140 2729 Cic.
1166 2698 1186 2727 l.
1203 2707 1232 2738 9.
1258 2700 1299 2729 ad
1318 2700 1401 2729 Fam.
1423 2699 1482 2738 Ep.

175 2743 204 2773 A,-
237 2734 286 2768 Sic
308 2736 406 2769 etiam
439 2735 528 2773 xnb'sa
555 2751 643 2780 μυρια
670 2751 777 2771 πᾶσαν.
827 2740 924 2772 Hom.
944 2740 977 2771 ll.
1002 2755 1035 2772 n.
1064 2750 1095 2775 V.
1121 2742 1195 2784 639·
1219 2743 1483 2818 eademquehme-

314 2801 318 2805 1
1340 2795 1396 2830 tap
1424 2796 1481 2821 ora
