1905 3168
148 273 223 308 118

147 609 188 637 Bt*
195 609 252 636 ''t'um
268 620 325 636 (tem

149 654 295 683 ,ἄκη-μηρὼ.

151 1031 167 1045 v
175 1031 229 1046 ’.τῆς
244 1030 337 1047 recru-

838 266 1202 308 T.L1V11

366 380 501 421 Noete
525 380 603 419 una
626 379 761 419 audito
794 377 1055 432 perfectoque
1077 378 1181 419 bello
1202 379 1367 429 Sabino,
1397 378 1554 432 postero
1580 379 1663 428 die,

367 439 407 477 in
439 438 585 491 magna
614 438 698 491 jam
731 437 795 490 spe
818 436 995 489 undique
1028 446 1151 490 partae
1182 438 1305 490 pacis,
1335 437 1454 491 legati
1476 437 1660 476 Aurunci

367 495 548 534 senatum
571 496 746 542 adeunt,
779 494 820 538 ni
842 495 1057 534 decedatur
1077 495 1226 535 Volsco
1248 510 1358 549 agro,
1389 495 1537 534 bellum
1560 494 1664 535 indi-

367 564 516 593 centes.
578 553 686 593 Cum
709 552 847 606 legatis
869 553 982 591 simul
1003 553 1201 592 exercitus
1225 553 1513 593 Auruncorum
1542 552 1663 591 domo

367 611 577 664 profeCms
599 619 710 658 erat3
742 611 858 665 cujus
879 609 1001 658 fama,
1037 610 1146 650 haud
1179 612 1318 664 procul
1348 611 1432 664 jam
1454 610 1502 649 ab
1527 609 1664 648 Aricia

369 669 452 719 visi,
494 678 606 707 tanto
640 669 818 707 tumultu
851 668 1022 707 concivit
1057 668 1281 716 Romanos,
1322 678 1366 706 ut
1402 681 1475 707 nec
1511 665 1663 706 consuli

369 726 509 766 ordine
526 726 682 776 Patres,
713 740 786 765 nec
808 736 996 780 pacatum
1017 725 1248 779 responsum
1270 739 1379 764 arma
1401 723 1664 764 inferentibus

370 799 480 823 arma
501 784 571 837 ipfi
592 783 793 837 capientes
815 785 908 824 dare
929 783 1093 837 pofl'ent.
1144 782 1323 823 Ariciam
1344 781 1488 821 infesto
1505 781 1664 835 agmine

371 841 475 882 itur:
511 856 584 881 nec
612 842 752 894 procul
784 842 876 881 inde
897 855 994 880 cum
1016 840 1222 880 Auruncis
1244 840 1350 894 signa
1369 839 1526 888 collata,
1557 852 1665 892 proc-2

370 899 505 951 lioque
527 914 608 938 uno
630 898 873 938 debellatum
895 898 964 938 est.

429 957 610 996 XXVII.
642 957 751 996 Fusis
782 956 1007 1005 Auruncis,
1036 956 1166 996 viEtor
1187 965 1247 995 tot
1280 956 1382 995 intra
1411 969 1559 1008 paucos
1581 953 1666 993 dies

370 1015 484 1055 bellis
502 1015 715 1054 Romanus
730 1014 914 1067 promiffa
928 1013 1100 1054 consulis
1119 1013 1321 1067 fidemque
1337 1010 1495 1053 senatus
1508 1011 1669 1065 exspec-

371 1073 505 1112 tabat:
537 1087 665 1125 quum
684 1072 857 1125 Appius,
892 1075 933 1112 &
955 1072 1067 1111 inlita
1083 1071 1263 1125 superbia
1286 1071 1439 1122 animo,
1464 1072 1500 1110 8<
1526 1079 1570 1108 ut
1586 1070 1669 1109 col-

372 1132 471 1185 legae
504 1144 649 1168 vanam
670 1128 819 1169 faceret
841 1129 978 1178 fidem,
1012 1128 1134 1182 quam
1171 1127 1382 1183 asperrime
1404 1137 1575 1182 poterat,
1601 1128 1669 1182 jus

373 1190 421 1227 de
437 1188 596 1228 creditis¹
614 1187 795 1240 pecuniis
817 1187 962 1226 dicere.
977 1187 1164 1240 deinceps
1184 1191 1242 1237 ἂν,
1264 1187 1333 1240 qui
1355 1184 1446 1226 ante
1468 1185 1560 1225 nexi
1582 1183 1670 1223 fue-

372 1256 480 1296 rant,
502 1245 766 1287 creditoribus
787 1244 1060 1293 tradebantur,
1093 1247 1133 1285 ἂν
1152 1244 1416 1284 nectebantur
1434 1244 1511 1284 alii.
1545 1243 1669 1300 Qod

375 1303 442 1342 ubi
466 1304 530 1342 cui
553 1303 669 1342 militi
704 1303 912 1352 inciderat,
945 1304 1139 1357 collegam
1173 1302 1420 1356 appellabat:
1451 1300 1670 1342 concursus

374 1362 424 1400 ad
446 1360 660 1404 Servilium
682 1359 820 1410 fiebat,
851 1360 956 1399 illius
989 1360 1173 1413 promiffa
1190 1360 1414 1414 jactabant,
1445 1359 1501 1397 illi
1529 1372 1672 1410 expro-

375 1418 543 1458 brabant
565 1418 632 1459 sua
654 1417 821 1470 quisque
851 1417 944 1459 belli
982 1417 1124 1456 merita
1160 1416 1441 1469 cicatricesque
1475 1424 1671 1468 acceptas.

376 1475 645 1530 postulabant,
678 1484 723 1514 ut
758 1484 827 1514 aut
859 1474 1026 1516 referret
1048 1475 1097 1514 ad
1127 1474 1326 1525 senatum,
1357 1483 1426 1513 aut
1459 1482 1504 1512 ut
1525 1472 1673 1511 auxilio

375 1535 469 1574 csffct
490 1533 628 1573 consul
665 1532 817 1573 civibus
839 1532 934 1582 suis,
966 1532 1183 1586 imperator
1213 1531 1419 1572 militibus.
1452 1530 1674 1573 Movchant

377 1591 583 1631 consulem
603 1591 691 1631 haec
710 1608 721 1639 3
754 1590 819 1629 sed
837 1590 1083 1644 tergiversari
1105 1605 1165 1630 res
1189 1590 1368 1643 cogebat.
1392 1586 1493 1628 adeo
1516 1589 1556 1627 in
1579 1589 1676 1629 alte-

377 1665 463 1689 ram
493 1649 650 1689 eausam
680 1663 762 1687 non
784 1649 936 1702 collega
958 1648 1085 1687 solum
1111 1662 1289 1701 praeceps
1310 1648 1422 1696 ierat,
1455 1646 1520 1685 sed
1542 1646 1673 1685 omnis

376 1707 502 1756 faedio
525 1707 734 1746 nobilium.
758 1706 826 1753 ita,
859 1706 1040 1744 medium
1062 1705 1099 1744 sc
1121 1706 1312 1760 gerendo,
1334 1716 1407 1744 ne-'c
1430 1703 1555 1758 plebis
1576 1704 1675 1742 vita-

374 1766 433 1804 rit
448 1765 604 1813 odium,
621 1779 694 1803 nec
713 1764 819 1817 apud
841 1764 978 1803 Patres
999 1763 1168 1818 gratiam
1190 1763 1290 1802 iniit.
1351 1763 1489 1802 Patres
1510 1761 1674 1800 mollem

378 1823 585 1862 consulem
618 1825 657 1862 &
681 1824 743 1875 (1)
765 1820 1021 1860 ambitiosum
1035 1821 1110 1859 rati
1129 1838 1140 1869 3
1173 1821 1306 1874 plebes
1322 1819 1519 1864 fallacem.
1549 1819 1679 1861 brevi.-

378 1895 457 1933 que
491 1879 690 1933 apparuit,
729 1879 896 1932 aequasie
919 1881 980 1933 (2)
1002 1893 1096 1918 eum
1119 1879 1243 1931 Appii
1264 1878 1416 1918 odium.
1459 1877 1675 1918 Certamen

378 1938 607 1978 consulibus
642 1937 851 1986 inciderat,
882 1946 971 1979 uter
992 1939 1054 1990 (3)
1076 1937 1279 1975 dedicaret
1299 1935 1497 1975 Mercurii
1533 1935 1674 1974 aedem.

378 1998 551 2036 Senatus
566 2011 587 2034 a
610 1995 646 2034 se
661 2009 747 2033 rem
768 1995 818 2034 ad
839 1995 1035 2048 populum
1058 1994 1220 2049 rejecit:
1253 1993 1331 2033 utri
1356 2007 1497 2033 eorum
1519 1992 1677 2032 dedica·

380 2055 436 2093 rio
454 2054 559 2108 juffu
581 2052 721 2106 populi
742 2053 833 2091 data
864 2052 971 2102 effer,
1004 2066 1097 2099 eum
1120 2051 1278 2105 praeefl'e
1307 2065 1495 2101 annonae,
1526 2064 1678 2089 merca-

380 2123 514 2151 torum
537 2113 599 2164 (4)
621 2110 835 2164 collegium
858 2109 1079 2160 instituere,
1102 2109 1291 2148 sollennia
1312 2111 1375 2162 (5)
1397 2123 1468 2162 pro
1486 2107 1676 2161 pontifice

375 2169 484 2224 jussit
502 2169 708 2221 suscipere.
769 2167 950 2220 Populus
983 2167 1276 2208 dedicationem
1298 2167 1393 2205 aedis
1415 2167 1481 2212 dat
1504 2166 1564 2204 M.
1588 2165 1677 2204 Lae-

383 2228 501 2278 torio,
533 2226 653 2280 primi
688 2225 756 2279 pili
778 2227 841 2279 (6)
864 2225 1113 2271 centurioni:
1150 2225 1259 2278 quod
1292 2223 1409 2264 facile
1451 2233 1677 2277 appareret,

1593 2294 1678 2321 non

431 2404 466 2433 C.
485 2411 537 2441 27.
560 2403 615 2445 (1)
638 2401 836 2443 Aucupandi
854 2401 973 2435 favoris
990 2400 1156 2444 popularis
1177 2401 1340 2442 cupidum.
1364 2400 1486 2431 Ambitio
1508 2399 1550 2430 est
1567 2398 1681 2429 intem—

385 2447 504 2488 pestiva
517 2447 658 2488 captatio
675 2446 784 2489 gratiae
802 2458 838 2478 ac
851 2447 979 2479 favoris.
1025 2447 1081 2488 (2)
1104 2449 1186 2478 Eum
1202 2457 1268 2476 non
1280 2445 1383 2476 minus
1397 2444 1534 2475 invisum
1547 2442 1606 2475 effe
1622 2454 1680 2484 po-

386 2493 474 2532 pulo,
498 2492 596 2532 qua-im
608 2492 764 2533 Appium.
811 2494 866 2533 (3)
890 2492 1038 2523 Dedicati
1064 2486 1179 2533 templi
1192 2490 1302 2532 paucis
1330 2491 1424 2531 supra
1439 2490 1504 2531 jam
1526 2487 1683 2523 meminit,

387 2549 412 2566 c.
431 2547 480 2567 21.
526 2537 579 2577 (4)
606 2537 678 2567 Illos
691 2537 810 2569 indicat
822 2537 926 2568 noster
940 2548 1020 2577 quos
1034 2536 1148 2568 Cicero
1161 2537 1180 2566 l.
1199 2546 1226 2567 2.
1243 2537 1283 2566 ad
1297 2537 1454 2579 QFratr.
1467 2536 1524 2575 Ep.
1540 2543 1571 2571 5.
1586 2540 1682 2563 vocat

384 2595 436 2613 mea
445 2584 567 2611 curiales.
614 2582 818 2613 lXOEercurium
839 2581 999 2612 mercibus
1016 2581 1143 2623 praeesse
1160 2589 1274 2612 notum
1291 2581 1341 2612 est.
1387 2580 1441 2621 (5)
1464 2578 1682 2612 Solenniadc-

383 2625 554 2657 dicationis
588 2627 711 2668 templi,
745 2627 797 2658 vel
822 2626 919 2658 etiam
946 2626 1156 2657 institutionis
1182 2625 1316 2668 collegii,
1339 2635 1500 2667 peragere,
1523 2621 1682 2664 pontificis

384 2671 469 2708 vice3
493 2671 565 2707 slve,
580 2680 616 2702 ut
634 2671 686 2702 alii
700 2679 881 2713 exponunt,
904 2672 1061 2713 praesente
1074 2683 1111 2702 ac
1125 2678 1289 2712 praeeunte
1303 2669 1462 2712 pontifice.
1508 2667 1563 2709 (6)
1587 2669 1682 2697 Primi

378 2719 438 2759 pili
464 2716 621 2755 centurio,
644 2717 695 2748 vel
722 2716 926 2759 primopilus,
949 2724 1017 2748 erat
1046 2715 1194 2757 centurio
1222 2714 1319 2763 primi
1346 2714 1533 2746 triariorum
1549 2711 1682 2753 ordini».

1138 2765 1141 2768 '
1318 2764 1320 2767 ’
1534 2757 1679 2796 adeoque
