1853 3158
440 254 726 298 LIBER
787 253 1110 297 1V-1CAP.
1171 253 1268 296 XX.

203 370 316 425 Jovis
338 370 504 410 Feretrii
525 383 648 423 prope
667 368 838 408 Romuli
859 368 998 421 spolia,
1031 383 1139 421 quae,
1171 370 1233 421 (2)
1255 365 1384 420 prima
1405 364 1509 419 Opi-

204 442 272 468 ma
294 429 504 481 appellata,
536 426 615 465 sola
643 426 690 465 ea
710 425 944 479 tempestate
965 435 1094 475 erant,
1126 439 1220 464 cum
1252 423 1419 464 sollenni
1439 425 1510 463 de-

205 485 405 525 dicatione
437 485 543 524 dono
560 482 648 522 fixit
672 485 745 537 (3).
779 491 1054 534 averteratque
1076 483 1117 521 in
1135 482 1172 521 se
1194 497 1215 521 a
1236 495 1358 521 curru
1379 480 1510 520 diota-

205 542 303 583 toris
323 541 472 582 civium
505 554 592 590 ora,
629 542 664 580 8<
706 540 947 579 celebritatis
968 541 1055 593 ejus
1076 539 1155 578 diei
1176 538 1360 578 fruCtum
1383 536 1508 591 prope

204 599 309 640 solus
331 600 488 638 tulerat.
549 597 744 637 Dictator
761 610 956 637 coronam
977 609 1141 635 auream
1159 596 1300 634 libram
1324 598 1387 648 (4)
1407 608 1510 648 pon-

205 658 258 697 do
287 670 335 696 ex
370 654 530 709 publica
565 654 752 709 pecunia,
784 653 925 707 populi
954 653 1076 707 jufl'u,
1109 652 1150 690 in
1181 652 1384 705 Capitolio
1416 651 1511 704 Jovi

204 715 358 753 donum
391 713 536 766 posuit.
599 712 757 752 Omnes
792 720 883 750 ante
917 724 982 749 me
1019 709 1207 749 auctores
1244 709 1421 758 secutus,
1456 709 1509 748 A.

205 771 444 812 Cornelium
466 769 630 810 Coffum
652 769 863 808 tribunum
885 768 1061 806 militum
1084 766 1256 806 secunda
1279 766 1401 818 spolia
1423 765 1511 818 opi-

204 843 271 868 ma
292 828 405 880 Jovis
419 827 588 868 Feretrii
610 827 762 880 templo
778 825 968 874 intulisse,
990 823 1169 877 exposui.
1188 821 1386 870 ceterum,
1408 837 1511 875 praen

205 895 390 938 terquam
406 883 518 938 quod
538 898 584 924 ea
603 880 678 924 rite
701 886 762 937 (5)
783 882 920 935 opima
941 882 1064 935 spolia
1085 880 1300 928 habentur,
1323 894 1413 932 quae
1427 880 1511 919 dux

204 944 300 983 duci
334 942 531 990 detraxit3
564 955 639 980 nec
675 941 823 979 ducem
845 939 1050 987 novimus,
1082 938 1152 976 nisi
1186 938 1302 991 cujus
1331 936 1509 989 auspicio

203 999 355 1039 bellum
377 1000 555 1054 geritur;
589 998 731 1037 titulus
767 996 864 1050 ipse,
897 997 1031 1050 spoliis
1063 995 1295 1047 inscriptus,
1329 995 1388 1047 (6)
1422 994 1511 1033 illos

203 1071 351 1109 meque
385 1056 532 1111 arguit,
564 1055 771 1095 consulem
805 1068 851 1094 ea
885 1054 1048 1094 Cofl'um
1087 1052 1241 1106 cepisse.
1304 1051 1398 1090 Hoc
1435 1065 1511 1105 ego

203 1128 333 1167 quum
355 1113 589 1168 Augustum
612 1111 832 1163 Caesarem,
864 1112 1110 1164 templorum
1129 1109 1313 1149 omnium
1327 1108 1511 1148 condito-

205 1185 292 1211 rem
324 1180 392 1211 aut
428 1171 718 1219 restitutorem,
758 1169 975 1223 ingressum
1013 1169 1141 1207 aedem
1179 1165 1348 1207 Feretrii
1384 1165 1511 1217 Jovis,

205 1243 330 1281 quam
358 1228 553 1268 vetustate
581 1227 773 1280 dilapsam
794 1226 936 1266 refecit
960 1228 1036 1278 (7),
1059 1225 1096 1264 se
1124 1224 1253 1277 ipsum
1286 1224 1326 1262 in
1347 1222 1511 1262 thorace

205 1286 331 1325 linteo
366 1286 558 1339 scriptum
595 1285 726 1338 legiss'e
763 1284 953 1322 audissem
977 1286 1064 1336 (8);
1098 1295 1222 1334 prope
1258 1280 1512 1334 sacrilegium

206 1352 317 1383 ratus
336 1343 439 1394 sum,
472 1342 589 1382 Coffo
613 1342 831 1394 spoliorum
847 1340 1011 1380 suorum
1029 1339 1247 1388 Caesarem,
1270 1338 1388 1390 ipsius
1411 1347 1514 1375 tem-

207 1401 264 1454 pli
285 1400 514 1448 auctorem,
546 1402 608 1452 (9)
628 1397 859 1438 subtrahere
891 1397 1045 1436 testem.
1089 1398 1180 1449 (10)
1200 1395 1268 1447 qui
1292 1395 1316 1433 fi
1339 1394 1385 1432 ea
1407 1393 1448 1432 in
1469 1406 1511 1432 re

210 1457 255 1497 sit
287 1470 412 1506 error,
445 1454 557 1510 quod
581 1458 671 1510 (11)
691 1464 774 1494 tam
808 1464 962 1494 veteres
998 1454 1178 1504 annales,
1212 1449 1404 1505 quodque
1428 1465 1513 1489 ma-

1272 1508 1513 1563 gistratuum

209 1629 268 1665 tio,
282 1641 391 1670 aequare
401 1630 487 1659 alicui
499 1627 532 1659 ὃς
543 1640 652 1669 aequare
670 1640 730 1658 cum
746 1630 846 1668 aliquo,
872 1626 984 1668 passim
997 1625 1149 1657 occurrit.
1185 1624 1238 1664 (2)
1263 1623 1396 1654 Romuli
1410 1623 1511 1665 spolia

209 1674 318 1715 prima
334 1675 424 1704 fuere
438 1683 510 1713 quae
528 1673 589 1703 hoc
614 1683 733 1702 nomen
747 1672 904 1707 tulerunt,
931 1672 961 1701 δε
980 1670 1015 1701 ea
1033 1669 1218 1710 tempestate
1236 1669 1308 1698 sola.
1355 1669 1411 1708 (3)
1436 1670 1515 1698 Dono

198 1719 292 1760 figere
308 1717 433 1748 di&um
449 1718 502 1754 est,
518 1725 554 1747 ut
565 1721 628 1747 dono
644 1719 722 1753 dare,
743 1719 807 1746 dono
823 1720 940 1745 mittere.
985 1715 1040 1755 (4)
1060 1713 1134 1744 Vid.
1151 1720 1218 1743 not.
1241 1723 1267 1743 2.
1284 1713 1324 1742 ad
1342 1723 1366 1742 c.
1385 1722 1435 1752 29.
1454 1712 1472 1742 l.
1488 1721 1516 1751 3,

209 1763 264 1802 (5)
288 1761 478 1802 Aliquando
500 1761 620 1791 laxiore
634 1761 723 1791 sensu
739 1762 932 1802 opimaspolia
949 1759 1114 1793 dicuntur,
1137 1768 1209 1797 quse
1222 1756 1402 1798 magnifica,
1425 1757 1512 1787 lucu-

210 1807 298 1837 lenta
315 1806 387 1837 sunt
402 1819 408 1836 ι
435 1813 471 1836 ut
488 1805 575 1836 infra
591 1805 610 1835 l.
635 1814 686 1844 23.
702 1815 727 1835 c.
745 1805 797 1842 46.
846 1804 899 1845 (6)
923 1803 1089 1834 Adversus
1102 1802 1174 1832 illos
1191 1812 1308 1841 meque
1325 1800 1429 1841 ipsum
1441 1812 1518 1842 pro-

211 1851 277 1882 bat.
324 1852 380 1892 (7)
404 1852 567 1881 Monente
583 1849 719 1886 Attico;
750 1849 798 1880 uti
827 1848 977 1879 discimus
1005 1858 1043 1878 ex
1061 1849 1161 1878 Corn.
1182 1848 1263 1886 Nep.
1281 1845 1314 1875 in
1331 1848 1401 1876 Att.
1422 1856 1446 1876 c.
1466 1855 1516 1876 20.

210 1896 265 1936 (8)
289 1896 428 1937 Aztdffem
442 1896 632 1938 Augifiumse
647 1897 733 1935 ipstcm
758 1897 811 1936 legi
833 1907 856 1930 e,
872 1904 945 1934 pro,
967 1891 1120 1923 audissem
1144 1889 1326 1932 Augustum
1342 1893 1467 1920 dicenti-m
1486 1891 1517 1922 se

211 1940 317 1981 ipsum
333 1939 446 1982 legisse.
493 1940 543 1970 Sic
556 1938 653 1980 supN}¹
667 1939 688 1969 l.
710 1949 737 1969 Ι.
754 1950 779 1970 c.
796 1938 846 1969 16.
861 1939 988 1980 effisatis
1003 1937 1126 1967 credebat
1144 1936 1430 1974 Patribzxssublimem
1448 1942 1517 1976 rap-

211 1993 267 2016 tum
280 1985 413 2027 procelli,
428 1982 653 2015 subintellecta
665 1993 745 2014 voce
757 1984 972 2025 affirmantibus.
1019 1981 1103 2011 Vide
1116 1979 1214 2010 etiam
1231 1987 1300 2009 not.
1318 1988 1349 2017 3.
1369 1980 1409 2009 ad
1427 1989 1452 2008 c.
1466 1988 1516 2018 23.

211 2030 231 2060 1.
251 2039 278 2060 1.
298 2030 329 2060 δε
346 2037 413 2060 not.
431 2041 459 2067 4.
469 2029 510 2060 ad
527 2040 552 2060 c.
569 2038 621 2067 55.
633 2028 652 2058 l.
671 2038 698 2067 3.
745 2030 849 2058 Porro
865 2037 924 2068 per
939 2028 1076 2056 thoracem
1087 2027 1211 2059 linteum,
1240 2023 1273 2053 in
1288 2034 1353 2063 quo
1371 2022 1422 2053 hic
1440 2023 1518 2054 titu-

212 2075 263 2105 lus
286 2074 424 2115 scriptus
446 2074 519 2110 fuit,
541 2073 684 2114 intellige
701 2083 775 2103 eum
791 2082 888 2112 quem
916 2070 1028 2102 Coffus
1043 2068 1222 2100 Tolumnio
1240 2069 1436 2098 detraxerat.
1452 2068 1518 2108 jam

213 2121 288 2150 ante
306 2119 426 2150 dicitur
442 2121 546 2160 spoliis
571 2117 756 2158 inscriptus.
803 2116 1015 2147 Diversarum
1031 2113 1176 2155 gentium
1192 2112 1351 2145 militibus
1369 2112 1517 2143 thoraces

213 2166 291 2194 lintei
304 2163 337 2194 in
354 2165 412 2194 usu
430 2166 529 2194 fuere.
574 2161 653 2193 Vid.
667 2163 765 2192 Hom.
779 2161 812 2191 11.
839 2162 863 2191 G.
879 2169 986 2200 v.529
1001 2160 1032 2189 Sc
1052 2159 1128 2197 830.
1176 2157 1231 2197 (9)
1256 2158 1425 2186 Subtralvere
1445 2157 1518 2197 Czffl
1558 2189 1563 2194 ,

214 2210 311 2250 testem,
337 2216 373 2239 ut
390 2208 475 2238 infrfl
500 2208 519 2238 l.
538 2206 566 2238 6.
597 2217 622 2237 C.
639 2216 665 2237 1.
692 2209 843 2247 cuijudicio
860 2218 918 2235 eum
935 2218 1006 2234 mors
1023 2202 1348 2245 opp0›·t11nasubtraxit;
1376 2202 1406 2231 δε
1430 2200 1517 2231 alibi.

217 2252 296 2293 (10)
318 2254 439 2284 Utrum
455 2263 546 2283 error
563 2251 596 2281 in
614 2262 652 2282 eo
669 2250 717 2288 sit,
740 2251 831 2291 quod
847 2249 881 2280 in
898 2259 1024 2279 nonum
1052 2246 1120 2289 post
1137 2248 1268 2277 demum
1284 2256 1408 2276 annum
1432 2244 1516 2276 Cosfi

217 2297 400 2329 consulatus
416 2297 516 2338 vulgo
529 2298 727 2332 conferatur,
751 2293 806 2335 qui
819 2293 949 2324 fortaffe
973 2292 1007 2323 in
1024 2292 1111 2323 hunc
1135 2301 1258 2322 annum
1282 2289 1402 2320 retrahi
1420 2300 1517 2330 opor-

218 2348 312 2379 teret,
334 2343 447 2373 Livius
471 2341 504 2371 in
520 2341 628 2372 medio
648 2339 812 2380 relinquit.
857 2337 982 2369 Errasse
1010 2336 1193 2377 scriptores,
1221 2334 1352 2366 Cossum
1376 2335 1518 2364 trilnsmsm

218 2388 336 2416 militum
358 2386 459 2428 spolia
472 2385 580 2426 opima
591 2384 705 2425 cepiffe
721 2390 900 2420 narrantes,
923 2393 984 2423 pro
1001 2389 1170 2422 comperto
1192 2379 1308 2409 habet:
1336 2378 1391 2408 ubi
1408 2385 1518 2409 autem

217 2431 315 2462 lateat
342 2441 445 2466 error,
468 2431 533 2470 jam
558 2427 745 2470 conjectura
771 2434 962 2469 auguratur.
1009 2425 1259 2456 Observandum
1283 2430 1391 2453 autem
1417 2422 1518 2462 quod,

217 2474 304 2506 infra
330 2487 355 2507 c.
382 2485 432 2515 32.
448 2473 619 2505 AEmilium
633 2473 828 2504 dictatorem
851 2470 976 2501 inducit
999 2470 1187 2509 loquentem
1203 2479 1241 2499 ex
1267 2466 1423 2497 sententia
1447 2466 1520 2497 vul-

217 2519 299 2561 gari,
321 2531 420 2561 quam
439 2517 492 2550 h'lc
505 2517 631 2549 refellit.
676 2517 774 2559 Sistt,
796 2526 858 2556 pro
873 2517 969 2558 unfit.
983 2514 1022 2544 sic
1039 2512 1319 2555 tentarcfi...supra
1343 2512 1361 2541 l.
1378 2521 1403 2541 1.
1424 2522 1448 2541 c.
1466 2519 1519 2548 57.

217 2564 238 2594 1.
257 2574 284 2596 2.
313 2577 340 2596 c.
359 2576 396 2604 25
415 2566 447 2595 δε
461 2574 511 2603 35.
529 2560 873 2604 percunae‘larifi...infra
888 2561 908 2590 l.
927 2569 980 2598 33.
1005 2569 1030 2589 e.
1049 2569 1099 2597 35.
1127 2559 1147 2588 l.
1166 2557 1215 2596 36.
1238 2568 1264 2587 c.
1282 2565 1332 2594 33.
1361 2557 1391 2586 ὃς
1408 2554 1521 2585 similia

219 2609 370 2650 plurima.
415 2609 493 2650 (11)
519 2607 592 2637 ‘Tam
615 2612 730 2641 veteres,
753 2615 813 2646 pro
829 2604 924 2635 valde
938 2612 1071 2639 veteres,
1093 2610 1129 2633 ut
1152 2601 1247 2642 supra
1266 2601 1284 2630 l.
1305 2610 1330 2629 1.
1350 2610 1376 2630 c.
1397 2609 1427 2638 3.
1454 2598 1520 2640 [El-

218 2654 331 2695 liptica
353 2655 396 2686 est
423 2652 558 2690 locutio,
580 2663 616 2683 ac
642 2649 738 2681 variis
766 2648 870 2679 modis
895 2648 1084 2689 supplenda,
1110 2655 1208 2687 prout
1238 2645 1343 2675 sensus
1372 2643 1520 2685 postulat.

220 2701 295 2733 ‘Tam
311 2708 415 2734 ‘veteres
428 2699 552 2735 annales,
574 2706 689 2738 nempe
701 2693 782 2737 quam
795 2693 829 2725 hi
843 2703 923 2735 quos
934 2691 1052 2725 erroris
1065 2691 1171 2733 arguit
1192 2689 1306 2722 titulus
1326 2688 1518 2760 spoliorupn,

1434 2740 1468 2762 m
1484 2740 1520 2761 ra

1647 252 1727 304 283
