1853 3158
106 1162 294 1192 Romanorum

101 1214 205 1240 pavor.

789 276 1156 319 T.1,1v11

327 394 414 433 lum
454 390 636 431 vietoriae
670 399 752 431 tarn
792 391 1012 444 repentinae
1046 391 1189 431 tenuit.
1224 391 1265 431 &
1298 388 1367 443 ipsi
1398 390 1458 442 (1)
1491 399 1635 441 pavore

327 449 450 489 defixi
473 447 652 502 primum
676 447 884 497 steterunt,
905 449 1015 488 velut
1039 448 1182 503 ignari,
1205 448 1301 500 quid
1325 446 1536 486 accidiffet.
1569 447 1638 484 de-

328 507 422 546 inde
445 505 603 545 infidias
630 505 783 553 vereri;
816 503 1019 558 postremo
1046 505 1239 546 caesorum
1263 503 1384 557 spolia
1407 505 1553 557 legere,
1575 517 1638 541 ar-

328 576 573 616 morumque
603 563 804 610 cumulos,
836 575 880 600 ut
917 576 1005 601 mos
1027 563 1082 601 eis
1115 562 1186 610 est,
1218 574 1464 601 coacervare.
1524 559 1638 598 Tum

328 621 512 668 demum,
545 619 758 673 postquam
780 619 879 659 nihil
903 619 1069 672 usquam
1093 619 1233 657 hostile
1256 617 1509 666 cernebatur,
1532 617 1638 655 viam

329 677 503 732 ingressi,
534 676 644 716 haud
685 677 815 720 multo
847 687 938 717 ante
962 677 1052 715 solis
1079 675 1265 715 occasum
1295 676 1343 714 ad
1378 674 1519 714 urbem
1552 674 1641 713 Ro-

329 748 439 775 mam
469 734 721 787 perveniunt.
756 733 823 775 ubi
850 748 977 786 quum
1015 733 1211 787 praegressi
1233 732 1404 784 equites,
1436 745 1518 770 non
1547 743 1640 783 por-

329 801 390 831 tas
422 790 588 841 clausas,
620 805 702 830 non
739 790 948 830 stationem
984 805 1057 843 pro
1078 790 1202 843 portis
1224 788 1436 835 excubare,
1469 802 1550 826 non
1579 801 1642 825 ar-

329 857 460 889 matos
480 849 555 888 esse
580 848 621 887 in
647 848 790 898 muris,
821 848 1066 895 retulissent3
1100 847 1207 886 aliud
1230 846 1352 899 priori
1376 844 1498 883 limile
1520 844 1643 882 mira-

329 907 470 945 culum
499 920 567 945 eos
601 905 813 953 sustinuit3
846 905 1093 957 no&emque
1123 903 1237 943 veriti
1273 906 1308 942 8<
1342 903 1491 955 ignotae
1523 901 1640 939 situm

331 963 458 1013 urbis,
490 963 594 1003 inter
626 962 804 1001 Romam
827 972 948 1014 atque
972 961 1175 1001 Anienem
1203 959 1431 1006 consedere,
1459 959 1643 1011 explora-

330 1019 486 1060 toribus
503 1019 623 1058 missis
646 1020 752 1058 circa
784 1019 936 1057 moenia
958 1017 1132 1071 aliasque
1161 1028 1310 1070 portas,
1343 1029 1530 1072 quaenam
1551 1014 1643 1054 hos-

331 1077 440 1117 tibus
462 1077 502 1115 in
525 1076 678 1130 perdita
705 1089 746 1114 re
776 1076 936 1115 confilia
976 1075 1111 1115 effent.
1172 1073 1369 1122 Romam,
1401 1086 1528 1125 quum
1550 1086 1642 1125 pars

332 1135 462 1189 major
483 1147 531 1172 ex
554 1132 638 1172 acie
671 1133 800 1186 Vejos
834 1132 1003 1184 petisset,
1032 1145 1154 1170 nemo
1176 1130 1368 1183 supereffe
1392 1143 1641 1182 quemquam

333 1200 479 1245 praeter
500 1204 585 1240 eos,
617 1189 687 1242 qui
710 1189 889 1228 Romam
911 1187 1161 1242 refugerant,
1191 1188 1388 1234 crederet,
1420 1186 1645 1238 complora-

333 1249 364 1287 ti
385 1261 542 1296 omnes,
588 1246 737 1300 pariter
775 1245 852 1284 vivi
891 1245 1138 1297 mortuique,
1182 1254 1309 1284 totam
1342 1241 1466 1296 prope
1501 1242 1644 1281 urbem

332 1304 520 1345 lamentis
549 1303 819 1356 impleverunt
851 1305 926 1356 (2).
989 1302 1170 1342 Privatos
1192 1301 1335 1340 deinde
1358 1300 1494 1339 luelus
1511 1299 1644 1352 stupe-

333 1362 431 1402 fecit
462 1360 649 1415 publicus
685 1374 823 1412 pavor,
855 1359 1068 1412 postquam
1096 1358 1229 1398 hostes
1257 1358 1383 1396 adcfi'e
1405 1357 1644 1396 nunciatum

332 1420 403 1459 est.
437 1433 531 1458 mox
574 1418 751 1456 ululatus
792 1415 1012 1469 cantusque
1046 1416 1233 1464 diffonos,
1265 1414 1503 1468 vagantibus
1538 1413 1644 1459 cirea

334 1476 487 1516 moenia
509 1474 718 1514 turmatim
750 1473 945 1524 barbaris,
968 1473 1196 1512 audiebant.
1260 1472 1397 1511 Omne
1429 1471 1521 1510 inde
1543 1479 1646 1511 tem-

333 1548 410 1589 pus
432 1532 638 1586 suspensos
666 1532 721 1572 ita
743 1530 874 1570 tenuit
894 1530 1050 1570 animos
1080 1529 1204 1583 usque
1236 1530 1284 1568 ad
1307 1531 1440 1567 lucem
1462 1529 1644 1575 alteram,

333 1601 379 1630 ut
400 1590 620 1630 identidem
658 1589 744 1643 jam
776 1589 816 1626 in
851 1587 993 1626 urbem
1034 1586 1196 1626 futurus
1232 1587 1436 1625 videretur
1469 1586 1645 1638 impetus

334 1651 394 1701 (3)
427 1648 559 1701 primo
579 1646 772 1694 adventu,
804 1659 886 1697 quo
909 1645 1148 1684 access‘erant
1170 1644 1217 1682 ad
1251 1643 1406 1683 urbem.
1437 1642 1644 1682 mansuros

334 1705 445 1744 enim
487 1705 535 1743 ad
576 1703 726 1742 Alliam
754 1701 883 1752 fuiffe,
915 1702 983 1740 nifi
1006 1701 1083 1740 hoc
1117 1701 1266 1740 consilii
1304 1699 1420 1739 foret.
1482 1699 1643 1740 Deinde

335 1762 405 1801 sub
427 1761 613 1801 occasum
636 1760 744 1810 solis,
766 1759 860 1811 quia
881 1758 989 1804 haud
1013 1759 1189 1798 multum
1210 1757 1288 1796 diei
1311 1757 1531 1810 supererat,
1552 1766 1643 1795 ante

335 1819 500 1859 ιιοᾶὶειῃ
528 1817 602 1857 rati
631 1817 669 1856 se
701 1815 934 1863 invasur053
968 1826 1056 1854 tum
1078 1815 1119 1853 in
1141 1814 1304 1855 noGtem
1329 1815 1497 1852 dilatum
1520 1813 1646 1853 confi-

336 1878 434 1915 lium
456 1876 546 1923 effe,
579 1889 660 1927 quo
681 1874 772 1926 plus
793 1873 951 1926 pavoris
980 1872 1188 1911 inferrent.
1247 1870 1459 1910 Postremo
1483 1871 1551 1909 lux
1575 1885 1644 1923 ap-

334 1933 611 1988 propinquans
642 1930 896 1973 exanimare:
928 1929 1144 1982 timorique
1177 1939 1373 1982 perpetuo
1393 1927 1524 1982 ipsum
1560 1942 1647 1966 ma-

1558 1986 1645 2034 lum

383 2127 419 2155 C.
445 2132 499 2163 39.
523 2123 580 2164 (1)
604 2124 706 2152 Pavor
721 2121 764 2152 est
776 2120 942 2153 interdum
959 2120 1101 2151 medium
1118 2120 1242 2160 aliquid
1260 2119 1345 2151 inter
1361 2120 1450 2161 spem
1467 2119 1498 2149 &
1513 2126 1647 2156 metum,

337 2180 441 2210 quum
458 2167 575 2198 scilicet
590 2167 714 2197 animus
735 2166 768 2195 in
786 2166 969 2196 discrimine
983 2166 1094 2204 aliquo
1113 2167 1143 2195 ὃς
1157 2165 1330 2196 success'um
1347 2164 1463 2205 sperat,
1489 2165 1519 2194 &
1537 2172 1644 2195 tamen

337 2217 406 2255 quo
423 2224 471 2243 res
494 2212 629 2242 evasura
649 2210 684 2241 fit
702 2209 843 2241 dubitat.
869 2210 918 2240 Sic
936 2209 987 2239 Sil.
1012 2210 1079 2239 Ital.
1104 2210 1122 2239 Ι.
1150 2209 1203 2241 16.
1226 2220 1260 2241 v.
1279 2219 1352 2248 432.
1364 2210 1482 2251 succffu
1503 2212 1586 2238 nimio
1599 2211 1647 2238 lae-

336 2267 414 2299 toque
429 2265 540 2299 pavore
552 2258 689 2298 proditus.
736 2254 825 2298 Virg.
849 2254 868 2284 l.
887 2264 914 2293 3.
932 2256 1051 2295 Georg.
1070 2265 1103 2285 V.
1132 2263 1203 2291 105.
1254 2255 1346 2296 Qum
1363 2256 1430 2295 spes
1456 2258 1574 2284 arrn‘Jae
1591 2256 1646 2292 ju-

336 2315 447 2338 venum,
468 2302 685 2341 exfiltantiaque
701 2301 797 2329 haurit
823 2301 911 2329 Corda
924 2306 1029 2340 pavor.
1075 2299 1131 2329 Ad
1156 2309 1252 2338 quem
1273 2297 1381 2328 locum
1411 2297 1473 2328 vid.
1505 2296 1646 2328 (1οέἶίΠῖ-

338 2358 429 2377 mum
446 2347 576 2387 Heyne.
624 2344 679 2384 (2)
702 2344 872 2374 Dederunt
896 2343 1023 2374 causam
1039 2341 1187 2373 lamentis
1204 2342 1322 2382 quibus
1338 2342 1416 2372 urbs
1440 2342 1573 2383 impleta
1589 2341 1646 2372 est.

338 2393 501 2433 Qaerunt
523 2396 632 2420 autem
649 2387 711 2418 viri
735 2388 824 2418 doffl
848 2390 915 2427 quo
940 2397 1003 2417 vox
1020 2387 1116 2427 hujus
1138 2386 1264 2428 periodi
1288 2385 1420 2417 initialis
1436 2389 1558 2417 Romani
1574 2397 1647 2427 per-

338 2436 448 2466 tineat.
495 2433 564 2464 Alii
582 2434 615 2463 τὸ
631 2434 752 2463 Romani
769 2433 914 2463 referunt
931 2432 973 2464 ad
998 2431 1192 2473 complorati
1210 2431 1438 2472 impleverunt.
1484 2430 1563 2465 Alii,
1587 2432 1646 2459 Ro-

337 2482 416 2510 mani
430 2492 508 2519 quum
516 2486 588 2520 pars
606 2480 704 2518 major,
719 2484 898 2516 exponunt,
913 2490 993 2516 quum
1005 2484 1078 2517 pars
1089 2479 1178 2516 mqjor
1194 2478 1390 2506 Romanorum.
1421 2475 1471 2505 Sic
1484 2476 1571 2516 apud
1588 2475 1647 2506 ΑΞ·

336 2524 461 2554 lianum
484 2523 507 2554 l.
535 2532 587 2555 10„
612 2523 692 2552 Var.
719 2520 798 2551 Hist.
816 2532 841 2551 c.
861 2521 913 2551 16.
939 2522 960 2550 ἑι
977 2519 1014 2555 δε,
1036 2519 1103 2556 ἔδεις
1132 2523 1214 2551 dun-as
1231 2533 1395 2563 wgoffetxov.
1420 2519 1507 2560 [Vox
1524 2521 1645 2549 Romam·

336 2567 390 2599 hic
403 2568 488 2598 idem
505 2565 619 2598 sonare
635 2566 765 2596 Videtur
782 2575 817 2595 ac
835 2568 902 2605 quod
911 2567 949 2593 (ιλ
963 2567 1097 2594 Romanos
1113 2568 1232 2599 attinet,
1264 2565 1326 2600 vel,
1341 2566 1461 2594 Romani
1477 2563 1556 2605 quid
1573 2573 1644 2603 age·

336 2613 415 2642 bant
433 2622 519 2642 nunc
537 2611 710 2641 dicendum
727 2610 777 2640 est.
802 2609 853 2650 E]
878 2610 932 2648 (3)
956 2609 1104 2649 Aprimo
1118 2608 1174 2639 illo
1192 2616 1337 2649 tempore
1355 2619 1421 2647 quo
1445 2602 1644 2638 advenerant

338 2655 433 2687 Galli.
480 2654 664 2686 Crevierius
680 2654 853 2695 periodum
867 2653 988 2683 claudit
1012 2664 1091 2683 voce
1105 2657 1241 2694 impetur,¹
1269 2661 1303 2683 ut
1334 2652 1468 2682 vocibus
1485 2655 1578 2693 primo
1594 2653 1645 2680 ad-

335 2707 418 2733 ventu
449 2698 631 2743 designetur
656 2709 759 2732 unum
786 2709 825 2731 ex
851 2697 913 2728 iuis
941 2697 1153 2743 temporibus,
1177 2697 1294 2739 quibua.
1321 2699 1461 2727 jdeattidsm
1490 2695 1550 2726 rati
1572 2695 1644 2726 sunt

1537 2739 1648 2770 Gallos-
