1905 3168
170 287 250 333 152

164 855 274 886 lelum
294 854 350 883 Ve—

155 903 220 941 jens
241 899 279 929 δ’
295 899 350 929 Sa-

166 945 264 976 binum.

167 1783 275 1813 Bellum
291 1793 349 1810 cum

169 1828 271 1865 Voffct's
292 1828 329 1858 {5³

167 1872 284 1912 Equis.

172 2296 214 2324 U.
230 2304 254 2323 c.
274 2292 346 2324 280.

171 2341 215 2370 A.
236 2339 272 2368 C.
289 2348 362 2377 472.

174 2386 210 2412 L.
222 2382 330 2421 Furio,
341 2384 376 2414 C.

172 2427 302 2458 Manlio

176 2473 256 2504 Coss.

842 271 902 323 (T.
963 271 1218 315 LIVH

384 391 434 430 sic
456 398 544 429 tum
566 388 606 429 in
628 388 713 439 suo,
745 402 827 429 non
848 388 1030 430 tribunos
1051 390 1194 442 modo,
1215 390 1280 430 sed
1302 389 1478 445 plebem,
1499 390 1681 432 oratione

383 447 510 489 feroci
539 446 771 498 refutando,
803 446 1161 502 exprobrandoque
1179 447 1231 488 T.
1254 449 1437 489 Menenii
1459 449 1683 489 damnatio-

385 519 479 545 nem
497 513 766 557 mortemque,
799 505 931 560 (cujus
951 506 1075 559 patris
1101 520 1267 546 munere
1281 506 1461 546 restituta
1477 508 1681 560 quondam

386 562 497 617 plebs
513 577 581 603 eos
596 562 716 616 ipsos,
739 561 884 615 quibus
906 573 993 602 tum
1010 563 1178 616 saeviret,
1196 564 1465 619 magistratus,
1497 579 1563 604 eas
1574 565 1683 618 leges

385 620 565 674 haberet)
597 620 823 674 periculum
853 621 1019 661 audacia
1049 621 1233 662 discuffit.
1263 622 1369 676 juvit
1399 625 1438 662 δι’
1473 622 1685 676 Virginius

385 679 557 733 collega,
588 677 697 718 testis
710 678 951 732 produfi‘ms,
983 681 1045 733 (4)
1064 680 1341 733 participando
1363 680 1524 720 laudes:
1555 679 1683 734 magis

385 744 522 775 tamen
539 736 832 776 Menenianum
853 735 972 791 (adeo
994 746 1246 776 mutaverant
1282 738 1344 790 (5)
1373 736 1572 792 animum)
1591 751 1685 791 pro-

386 793 465 833 fuit
483 794 698 848 judicium.

444 852 557 892 LIII.
581 851 811 892 Certamina
826 851 936 891 domi
952 851 1078 891 finita
1140 851 1293 906 Vejens
1309 850 1461 891 bellum
1475 861 1677 892 exortum
1669 882 1682 900 ,

387 909 534 964 quibus
550 909 688 950 Sabini
710 923 819 949 arma
836 910 1142 964 conjunxerant.
1175 911 1219 950 P.
1239 909 1427 950 Vale1ius
1443 910 1598 960 consul,
1619 924 1686 950 ac-

386 968 475 1008 citis
490 968 729 1007 Latinorum
742 967 1099 1019 Hernicorumque
1117 966 1289 1015 auxiliis,
1302 982 1396 1007 cum
1410 968 1589 1007 exercitu
1604 968 1688 1007 Ve-

382 1027 447 1083 jos
468 1025 618 1073 missus,
640 1024 765 1064 castra
783 1024 948 1075 Sabina,
971 1039 1061 1078 quae
1082 1039 1154 1078 pro
1177 1024 1381 1065 moenibus
1407 1025 1607 1065 sociorum
1626 1025 1686 1066 lo-

386 1094 474 1123 cata
493 1092 620 1148 erant,
636 1082 846 1122 confestim
862 1057 1112 1137 aggi‘editur·
1127 1092 1362 1136 tantamque
1375 1083 1686 1136 trepidationem

385 1142 506 1196 injeci
496 1141 540 1190 it,
564 1149 623 1189 ut,
644 1141 742 1179 dum
764 1140 921 1193 disperh
954 1141 1019 1180 alii
1052 1140 1128 1180 alia
1158 1141 1439 1195 manipulatim
1466 1150 1689 1180 excurrunt

385 1200 436 1237 ad
458 1199 673 1238 arcendam
694 1198 871 1237 hostium
903 1199 999 1247 vim,
1022 1213 1069 1238 ea
1107 1208 1236 1252 porta,
1261 1198 1327 1239 cui
1369 1199 1474 1253 signa
1507 1196 1688 1253 primum

387 1257 591 1304 intulerat,
610 1266 832 1309 caperetur.
867 1256 970 1296 intra
1011 1258 1159 1296 vallum
1202 1257 1345 1296 deinde
1373 1257 1502 1297 caedes
1543 1256 1687 1310 magis,

387 1313 511 1366 quam
534 1314 742 1367 proelium,
760 1315 847 1353 effe.
871 1315 1069 1354 tumultus
1092 1329 1113 1354 e
1130 1315 1264 1355 castris
1285 1314 1382 1354 &in
1404 1313 1545 1354 urbem
1566 1327 1688 1367 pene-

387 1380 491 1419 trat,
523 1381 718 1424 tanquam
740 1371 855 1425 Vejis
877 1372 1017 1425 captis,
1040 1372 1093 1411 ita
1110 1373 1242 1425 pavidi
1265 1373 1459 1426 Vejentes
1495 1373 1546 1411 ad
1577 1385 1688 1411 arma

387 1438 568 1468 currunt.
592 1443 682 1482 pars
699 1428 858 1469 Sabinis
875 1438 974 1468 eunt
992 1429 1186 1477 subsidio3
1219 1443 1309 1483 pars
1332 1430 1559 1477 Romanos,
1601 1438 1689 1469 toto

389 1487 545 1540 impetu
584 1487 760 1526 intentos
802 1486 843 1525 in
886 1487 1025 1535 castra,
1058 1487 1308 1527 adoriuntur.
1369 1486 1588 1541 Paullisper
1628 1489 1693 1540 (Ι)

388 1545 508 1584 aversi
531 1544 761 1598 turbatique
779 1544 882 1584 sunt.
906 1545 1051 1584 deinde
1075 1548 1112 1585 δε
1137 1545 1206 1598 ipfi
1236 1542 1409 1598 utroque
1431 1545 1548 1584 verfis
1571 1545 1688 1599 {ignis

388 1603 599 1642 resistunt:
635 1605 673 1643 &
697 1616 835 1656 eques,
858 1602 906 1642 ab
924 1602 1085 1642 consule
1118 1603 1330 1653 immiffus,
1366 1602 1520 1642 Tuscos
1553 1602 1689 1641 fundit

389 1659 598 1714 fugatque.
617 1661 840 1713 eademque
856 1659 956 1700 hora
971 1661 1051 1700 duo
1073 1661 1288 1710 exercitus,
1301 1662 1391 1700 duae
1411 1660 1704 1713 potentiffimae.

392 1721 431 1758 &
455 1718 642 1758 maximae
664 1718 847 1758 finitimae
869 1729 1007 1773 gentes
1026 1718 1217 1772 superatae
1233 1718 1335 1758 sunt.
1395 1718 1513 1758 Dum
1532 1718 1618 1758 haec
1641 1719 1692 1757 ad

389 1776 517 1831 Vejos
553 1785 764 1831 geruntur,
795 1775 931 1816 Volsci
972 1777 1181 1830 AEquique
1217 1776 1258 1815 in
1294 1776 1441 1816 Latino
1477 1790 1572 1831 agro
1619 1791 1691 1829 po-

391 1834 550 1874 suerant
579 1834 719 1882 castra,
751 1835 1012 1888 populatique
1045 1834 1145 1874 fines
1181 1843 1308 1874 erant.
1341 1849 1410 1874 eos
1441 1848 1512 1888 per
1552 1833 1589 1873 se
1618 1834 1689 1887 ipsi

392 1892 542 1940 Latini,
560 1892 765 1946 assumptis
802 1892 1007 1941 Hernicis,
1050 1893 1127 1932 fine
1163 1892 1353 1933 Romano
1381 1901 1449 1932 aut
1482 1892 1584 1932 duce
1622 1901 1691 1931 aut

395 1950 562 2000 auxilio,
599 1950 734 1990 castris
775 1960 988 1990 exuerunt.
1050 1950 1210 2005 Ingenti
1245 1950 1395 2003 praeda,
1426 1959 1570 2002 praeter
1602 1949 1692 1988 suas

393 2017 647 2061 recuperatas
664 2022 742 2056 res,
764 2008 880 2062 potiti
897 2007 1000 2048 sunt.
1019 2008 1153 2048 miffus
1174 2018 1309 2047 tamen
1324 2008 1372 2047 ab
1395 2007 1530 2047 Roma
1551 2007 1691 2048 consul

394 2065 437 2104 in
459 2065 627 2105 Volscos
648 2065 697 2105 C.
719 2065 911 2106 Nautius.
974 2066 1084 2114 Mos,
1107 2067 1242 2114 credo,
1264 2080 1346 2105 non
1378 2064 1574 2119 placebat,
1610 2065 1690 2104 fine

395 2123 585 2162 Romano
598 2124 701 2164 duce
723 2125 985 2178 exercituque
1007 2124 1134 2166 socios
1147 2124 1319 2178 propriis
1332 2123 1482 2163 viribus
1504 2122 1690 2162 consiliis-

395 2195 474 2233 que
489 2181 593 2220 bella
624 2196 775 2236 gerere.
807 2183 966 2221 nullum
997 2196 1123 2237 genus
1148 2181 1384 2222 calamitatis
1415 2180 1691 2221 contumeliae-

395 2252 474 2291 que
490 2253 572 2278 non
594 2239 748 2281 editum
766 2240 808 2278 in
831 2239 999 2280 Volscos
1021 2239 1075 2281 est
1096 2255 1105 2279 2
1136 2253 1209 2279 nee
1246 2249 1382 2279 tamen
1418 2238 1583 2294 perpelli
1619 2252 1693 2292 po-

394 2305 524 2346 tuere,
547 2305 591 2336 ut
605 2297 688 2337 acie
711 2297 962 2337 dimicarent.
1425 2294 1427 2297 ’

452 2355 566 2394 LIV.
598 2355 647 2394 L.
670 2355 815 2395 Furius
832 2356 923 2395 inde
948 2358 987 2396 &
1005 2355 1052 2395 C.
1072 2355 1256 2395 Manlius
1277 2355 1470 2395 consules.
1533 2353 1690 2394 Manlio

397 2413 591 2467 Vejentes
607 2413 811 2466 provincia
840 2413 984 2453 evenit.
1009 2427 1090 2452 non
1116 2423 1250 2453 tamen
1278 2412 1484 2457 bellatum.
1518 2412 1692 2452 induciae

396 2470 437 2509 in
459 2483 585 2510 annos
602 2471 864 2526 quadraginta
886 2470 1114 2525 petentibus
1143 2472 1261 2521 datae,
1298 2471 1503 2511 frumento
1544 2469 1692 2525 stipem-¹

396 2587 518 2617 mulcta
532 2587 646 2618 mortis
659 2588 751 2619 causa
762 2587 810 2619 illi
822 2587 892 2620 fuit.
938 2589 992 2630 (4)
1017 2588 1248 2630 Participando
1261 2599 1334 2620 cum
1351 2586 1485 2620 Servilio
1498 2586 1607 2618 laudes
1620 2585 1689 2617 suas

395 2631 438 2662 ob
449 2632 571 2663 Tuscos
586 2631 701 2664 victos.
749 2634 803 2675 (5)
828 2633 935 2676 Nlagis
945 2633 1085 2666 Livianu
1076 2644 1119 2665 m
1135 2633 1221 2672 esset,
1242 2635 1304 2665 ade&
1326 2639 1500 2664 mutaverant
1515 2630 1624 2663 animi.

444 2696 479 2726 C·
496 2704 547 2733 53·
570 2696 625 2736 (1)
648 2698 700 2726 Aa»
680 2697 762 2739 ves,
779 2707 894 2738 nempe
910 2698 951 2731 ab
978 2697 1220 2741 oppugnatione
1248 2696 1366 2730 castror
1369 2707 1434 2734 um,
1463 2695 1504 2727 ad
1528 2695 1692 2736 Vejentcs,

396 2739 454 2781 qui
477 2741 641 2773 Romanos
653 2740 893 2776 adoriebantur

1541 2783 1687 2837 dioque
