1832 3137
407 266 688 312 LIBER
748 267 780 307 1.
842 265 1023 308 CAP.
1085 266 1279 308 XLVIII.

189 382 378 431 scitorum,
413 390 530 434 atque
557 378 777 420 comitum.-
830 377 916 431 Ipse
942 376 1064 432 prope
1090 379 1317 433 exsanguis,
1353 392 1478 433 quum

1645 281 1692 321 71

193 444 258 495 (3)
290 438 506 480 semianimi
538 437 648 491 regio
672 435 865 476 comitatu
896 437 1064 476 domum
1096 436 1132 476 se
1154 437 1362 490 reciperet,
1392 451 1481 491 per·
1499 436 1612 467 Servius
1635 440 1677 469 in-

192 498 434 550 veniffetque
453 496 503 535 ad
525 495 726 545 summum
750 494 946 548 Cyprium
975 497 1037 547 (4)
1068 493 1218 545 vicum,
1249 494 1296 534 ab
1319 495 1380 544 iis,
1411 494 1480 547 qui

191 555 292 595 miffi
313 554 362 594 ab
376 553 598 606 Tarquinio
615 551 837 605 fugientem
853 551 1055 591 consecuti
1076 562 1202 601 erant,
1229 551 1478 591 interficitur.

189 612 397 660 Creditur,
429 611 520 664 quia
547 623 630 650 non
657 607 842 649 abhorret
869 624 890 648 a
917 618 1049 648 cetero
1078 609 1237 658 scelere,
1272 610 1480 649 admonitu

1498 482 1640 524 tmficitur.

189 670 340 709 Tulliae
369 669 407 708 id
435 668 603 710 factum.
636 676 825 719 carpento
848 663 953 706 certe
985 667 1042 720 (id
1071 667 1179 718 quod
1201 666 1290 706 satis
1312 667 1481 720 constat)
1504 674 1603 704 ‘Tullia
1624 675 1675 703 iai-2

189 727 234 766 in
255 726 391 767 forum
412 726 584 776 invecta,
613 739 686 764 nec
709 724 876 764 reverita
902 732 1056 775 coetum
1082 724 1274 773 virorum,
1305 725 1484 764 evocavit
1495 723 1597 762 pistas·

191 784 323 824 virum
352 798 373 824 e
395 784 528 832 curia3
564 795 780 838 regem-que
802 782 930 835 prima
952 781 1174 834 appellavit.
1207 796 1230 820 a
1251 796 1332 834 quo
1362 781 1486 821 faces-

191 842 275 883 sere
292 843 393 898 juffa
414 856 462 882 ex
479 850 590 882 tanto
606 838 785 881 tumultu
803 853 929 892 quum
951 841 1013 893 (5)
1033 838 1070 878 se
1087 839 1254 878 domum
1276 839 1485 893 reciperet,

191 899 505 958 pervenissetque
527 900 576 939 ad
597 898 801 945 summum
817 896 1013 951 Cyprium
1034 897 1185 946 vicum,
1215 895 1283 935 ubi
1305 898 1366 950 (6)
1388 896 1488 936 Dia·-

191 958 308 998 nium
329 971 456 1011 nuper
484 956 587 1006 fuit3
624 955 802 996 flectenti
828 957 890 1009 (7)
925 963 1160 1007 carpentum
1189 955 1327 993 dextra
1358 954 1398 993 in
1426 956 1488 1008 (8)

192 1014 369 1055 Orbium
401 1015 564 1063 clivum,
608 1024 653 1053 ut
685 1014 726 1052 in
761 1013 905 1053 collem
926 1011 1208 1065 Esquiliarium
1237 1011 1488 1058 eveheretur,

192 1073 335 1113 restitit
356 1073 522 1126 pavidus
543 1082 661 1126 atque
684 1070 857 1110 inhibuit
876 1068 1011 1109 frenos
1044 1069 1076 1108 is
1097 1069 1166 1122 qui
1193 1071 1377 1124 jumenta
1398 1083 1489 1123 age-

192 1129 278 1182 bat,
309 1132 591 1186 jacentemque
620 1129 796 1169 dominae
816 1128 1000 1168 Servium
1026 1127 1271 1167 trucidatum
1302 1126 1484 1166 ostendit.

192 1188 369 1228 Foedum
394 1187 743 1240 inhumanumque
772 1186 863 1225 inde
884 1185 1055 1239 traditur
1075 1184 1218 1237 scelus,
1249 1197 1490 1223 monumen-

194 1254 316 1298 toque
348 1247 461 1287 locus
480 1245 560 1285 est:
594 1246 843 1286 Sceleratum
873 1243 1008 1283 vicum
1035 1251 1195 1293 vocant,
1224 1257 1306 1296 quo
1336 1255 1489 1290 amens,

193 1303 436 1358 agitantibus
455 1302 571 1343 furiis
597 1302 738 1343 sororis
761 1316 805 1341 ac
826 1300 915 1350 viri,
945 1300 1080 1341 Tullia
1102 1313 1171 1353 per
1192 1300 1314 1352 patris
1344 1313 1489 1352 corpus

193 1370 432 1414 carpentum
460 1360 576 1415 egisse
609 1359 764 1409 fertur3
796 1368 1031 1412 partemque
1064 1357 1264 1411 sanguinis
1295 1371 1339 1396 ac
1370 1356 1490 1396 cae'dis

194 1428 372 1472 paternae
394 1428 561 1458 cruento
581 1417 784 1466 vehiculo,
816 1415 1087 1455 contaminata
1114 1414 1195 1468 ipsa
1224 1413 1491 1467 respersaque,

193 1476 322 1515 tulisse
351 1476 400 1515 ad
434 1483 597 1528 penates
628 1474 718 1514 suos
750 1473 904 1525 virique
937 1472 1021 1512 sui:
1057 1472 1203 1524 quibus
1230 1471 1354 1520 iratis,
1384 1471 1491 1509 malo

193 1532 308 1588 regni
329 1532 525 1586 principio
543 1531 685 1572 similes
707 1530 939 1584 propediem
960 1529 1090 1569 exitus
1107 1529 1378 1582 sequerentur.
1404 1527 1490 1567 Ser.

195 1590 357 1631 Tullius
393 1590 573 1644 regnavit
606 1602 731 1628 annos
765 1597 937 1640 quatuor
969 1590 1009 1626 δι’
1044 1585 1321 1639 quadraginta,
1364 1585 1416 1624 ita
1447 1594 1493 1624 ut

194 1648 303 1688 bono
337 1647 457 1686 etiam
488 1647 775 1698 moderatoque
805 1643 1031 1684 succedenti
1064 1643 1148 1697 regi
1174 1642 1347 1682 difficilis
1368 1656 1493 1682 aemu-

195 1706 293 1746 latio
314 1705 419 1743 effet.
470 1701 664 1744 Ceterum
687 1704 726 1742 id
748 1716 910 1755 quoque
932 1702 981 1740 ad
1003 1701 1171 1754 gloriam
1188 1700 1358 1751 accessit‚
1380 1700 1491 1752 quod

197 1777 293 1803 cum
325 1762 394 1806 illo
427 1761 540 1800 simul
567 1761 673 1816 justa
706 1775 750 1799 ac
783 1759 960 1813 legitima
991 1772 1113 1812 regna
1138 1758 1383 1801 occiderunt.
1445 1757 1492 1797 Id

197 1820 329 1876 ipsum
363 1830 445 1859 tam
478 1819 574 1859 mite
606 1833 651 1859 ac
683 1827 764 1858 tam
793 1817 1046 1857 moderatum
1079 1815 1309 1869 imperium,
1342 1824 1492 1867 tamen,

199 1935 301 1969 dilabi
317 1935 461 1978 parabat.
507 1935 562 1977 (3)
586 1934 680 1977 Regis
697 1933 828 1966 comites
843 1941 935 1965 erant
952 1944 1018 1974 prae
1031 1940 1118 1964 metu
1136 1932 1339 1964 semianimes.
1384 1935 1430 1964 At
1441 1943 1492 1964 e0³

199 1993 276 2014 rum
298 1984 406 2023 fugam
420 1982 486 2023 jam
509 1982 582 2011 ante
600 1979 743 2011 narravit
761 1978 885 2009 Livius.
931 1979 1020 2020 Piget
1046 1989 1122 2019 ergo
1144 1978 1252 2008 locum
1275 1978 1493 2018 interpretari„

202 2027 298 2068 quem
311 2034 343 2057 et
360 2025 412 2057 alii
429 2026 617 2056 mendosum
634 2024 693 2055 effe
710 2022 1018 2065 pronunciaverunt.
1065 2021 1203 2052 Fortasse
1218 2023 1398 2063 legendum,
1414 2035 1493 2063 quum

190 2073 226 2113 se
242 2071 349 2102 minime?
363 2073 436 2112 regio
452 2074 579 2101 comitatu
594 2073 695 2100 domum
709 2072 846 2110 reciperet.
870 2070 905 2098 E.
950 2068 1005 2108 (4)
1021 2066 1129 2098 Sabini
1145 2066 1228 2097 Cives
1240 2067 1447 2104 habitabant;
1464 2067 1495 2097 8<

205 2118 337 2158 Cyprium
361 2115 475 2146 Sabine
491 2116 593 2151 bonum,
612 2114 685 2145 teste
698 2116 855 2144 Varrone.
889 2112 944 2154 (5)
961 2112 1074 2143 Paullo
1086 2111 1182 2152 supra
1194 2110 1310 2152 legitur
1327 2113 1365 2142 de
1375 2111 1497 2148 Tuffiofl

201 2164 304 2203 domum
313 2163 347 2201 fi'
363 2164 504 2202 recipc’ret,
519 2159 733 2202 pervenff'tque
748 2162 786 2188 ad
788 2161 927 2199 summum
943 2159 1072 2199 CypU'um
1088 2159 1188 2186 vicum.
1232 2157 1297 2187 Tot
1314 2157 1413 2187 verba
1429 2164 1495 2187 tam

203 2205 271 2237 cito
286 2205 417 2236 Livium
434 2204 590 2246 repetiisse
616 2215 731 2246 parum
753 2203 905 2234 credibile
921 2201 971 2233 est.
1016 2201 1074 2243 (6)
1087 2203 1193 2231 Locus
1210 2200 1322 2231 Dianae
1349 2201 1495 2231 sacratur,⁶

203 2248 265 2291 (7)
283 2250 390 2292 Vulgo
402 2246 524 2281 editum
530 2251 666 2292 fleHente.
711 2249 810 2279 Recte
823 2245 1109 2279 Drakenborchius
1121 2255 1158 2276 ex
1175 2245 1338 2276 codicibus
1355 2245 1495 2286 reposuit

194 2297 329 2340 fleHenti.
374 2297 421 2325 At
438 2295 559 2325 nullam
571 2293 697 2325 causam
713 2293 807 2324 video
824 2304 882 2323 cur
898 2292 1006 2323 locum
1021 2291 1167 2333 nondum
1184 2291 1327 2321 sanatum
1344 2286 1492 2331 putareti

205 2350 311 2380 neque
336 2338 421 2371 enim
435 2341 561 2382 fleb‘t'enti
585 2339 626 2370 ad
652 2340 756 2382 qflendit
783 2340 902 2370 referre
926 2346 1007 2377 opus
1031 2335 1081 2368 est.
1126 2334 1214 2365 Mihi
1230 2335 1359 2365 videtur
1374 2334 1495 2365 locutio

206 2384 274 2422 ista,
299 2385 400 2414 ‘Tulliae
410 2386 536 2427 fledenti
551 2392 708 2426 carpentum
726 2384 823 2426 rgstitit
838 2386 861 2413 is
877 2385 925 2423 qui
937 2385 1065 2423 jumenta
1081 2381 1189 2421 agebat,
1210 2390 1314 2420 neque
1331 2380 1412 2410 dura
1436 2378 1495 2410 effe

207 2440 267 2460 nec
293 2427 451 2460 inusitata.
479 2428 604 2459 'Tullia
621 2439 751 2469 quoque
767 2437 841 2458 mox
857 2426 977 2458 dicitur
1000 2426 1077 2468 eggffe
1101 2432 1266 2466 carpentum.
1289 2426 1323 2455 Ρ
1369 2424 1425 2465 (8)
1447 2423 1495 2454 Sic

207 2473 305 2511 edidi,
337 2473 524 2504 aquribus
553 2472 640 2504 Festo
668 2474 699 2503 8<
725 2471 889 2515 Dionyfio.
945 2470 1086 2514 Qidam
1111 2469 1206 2501 etiam
1229 2469 1352 2501 codices
1377 2469 1495 2500 habent

209 2520 334 2549 Urbium.
383 2519 480 2561 Ονίιΐιωμ
496 2518 662 2551 dicebatur
687 2518 729 2548 ob
746 2516 902 2557 flexuoso}
924 2516 991 2558 ejus
1016 2514 1117 2549 orbes.
1163 2514 1270 2555 Vulgo
1286 2513 1409 2545 editum
1427 2512 1497 2543 Virss·

208 2564 282 2594 bium
293 2577 304 2594 .·
330 2570 361 2594 at
382 2564 494 2593 Virbius
512 2562 612 2593 clivus
628 2562 713 2593 inter
731 2561 870 2594 Bovillas
886 2560 930 2595 est
947 2562 979 2593 &
994 2559 1159 2597 Arieiam3
1186 2558 1317 2591 Bovillae
1333 2566 1441 2591 autem
1457 2555 1498 2589 ad

211 2607 418 2641 undecimum
433 2602 575 2649 lapidem
589 2607 708 2650 Appiae
724 2606 794 2639 viae.
852 2603 859 2607 ’
908 2607 911 2609 “
925 2607 926 2611 ’
1216 2604 1219 2605 ’
1304 2604 1306 2606 ’
1480 2602 1482 2607 ’

1408 2702 1499 2756 quia

1512 1646 1608 1679 Servii
1624 1648 1666 1681 sag-r
