1832 3137
414 266 698 309 LIBER
756 268 790 308 Ι,
851 268 1030 310 CAP.
1091 271 1165 311 IV.

158 378 293 418 sceleri
327 377 465 418 scelus.
509 377 671 431 stirpem
708 376 840 419 fratris
875 378 1029 418 virilem
1066 379 1283 421 interimit:
1315 380 1446 421 fratris

153 436 248 476 filiae
273 434 403 480 Rheae
435 434 568 475 Silviae
598 449 669 489 per
689 434 859 489 speciem
874 435 1054 489 honoris,
1085 453 1211 491 quum
1245 439 1449 479 Vestalem

156 497 219 548 (9)
235 507 322 532 eam
338 493 502 547 legisset,
522 493 714 546 perpetu&
729 493 954 547 virginitate
973 494 1079 548 spem
1098 494 1234 549 partus
1248 497 1401 536 adimit.

215 550 289 590 IV.
350 549 431 590 Sed
451 549 670 589 debebatur
691 553 768 604 (1),
801 560 845 590 ut
865 552 1022 604 opinor,
1059 553 1151 593 fatis
1187 564 1308 594 tantae
1335 554 1449 608 origo

158 607 284 657 urbis,
315 607 561 660 maximique
583 605 804 648 secundum
825 609 1010 649 Deorum
1037 625 1132 664 opes
1154 611 1310 665 imperii
1341 612 1450 665 prin-

159 665 326 719 cipium.
385 665 442 704 Vi
464 666 680 718 compreffa
695 665 887 716 Vestalis,
910 681 1036 719 quum
1061 668 1267 722 geminum
1289 679 1447 722 partum

1612 286 1657 314 ΞΣ

1467 704 1577 732 Romuli
1610 705 1648 732 {5

159 722 352 771 edidiffet,
383 721 451 762 seu
482 722 536 762 ita
567 732 667 773 rata,
699 722 766 764 seu
789 725 849 777 (2)
890 725 983 777 quia
1014 725 1129 764 Deus
1160 726 1302 765 auetor
1323 728 1449 780 culpae
1468 750 1644 778 Remiortm·

122 813 125 816 ⁴
157 779 364 820 honestior
395 789 493 829 erat,
526 781 703 820 Martem
736 781 899 821 incertae
921 784 982 835 (3)
1011 782 1140 836 stirpis
1173 793 1325 836 patrem
1347 798 1451 822 nun-

159 846 293 890 cupat.
353 835 434 877 Sed
456 852 529 878 nec
552 838 639 887 Dii,
670 852 744 878 nec
766 837 965 887 homines,
996 849 1065 879 aut
1094 839 1231 894 ipsam,
1263 850 1331 880 aut
1366 841 1453 880 stir-

158 909 252 949 pem
269 910 291 935 a
308 895 540 935 crudelitate
557 896 666 951 regia
680 896 897 936 vindicant.
916 896 1094 938 sacerdos
1111 898 1245 938 vinela
1262 898 1302 937 in
1324 898 1453 938 eusto-

158 952 268 992 diam
304 953 446 1002 datur3
478 967 624 1007 pueros
641 954 682 993 in
714 954 981 1007 profluentem
1022 969 1165 1008 aquam
1198 955 1301 995 mitti
1326 955 1452 1010 jubet.

159 1011 279 1050 Forte
316 1009 489 1063 quadam
518 1013 579 1065 (4)
601 1011 804 1060 divinitus,
836 1011 952 1065 super
986 1012 1091 1066 ripas
1123 1012 1281 1053 Tiberis
1309 1013 1455 1053 effusus

160 1067 319 1108 lenibus
340 1068 489 1122 stagnis
511 1082 585 1108 nec
608 1071 670 1122 (5)
692 1069 790 1109 adiri
813 1069 980 1123 usquam
1003 1071 1051 1109 ad
1069 1070 1164 1125 justi
1193 1070 1352 1110 cursum
1384 1085 1456 1124 po-

160 1134 263 1164 terat
295 1125 450 1174 amnis;
484 1128 542 1175 &‚
572 1127 678 1179 poffe
707 1127 888 1180 quamvis
910 1128 1096 1182 languida
1118 1128 1243 1183 mergi
1274 1128 1374 1181 aqua
1397 1128 1456 1167 in-

162 1182 308 1232 fantes,
331 1182 441 1236 spem
461 1182 684 1224 ferentibus
705 1184 835 1224 dabat.
858 1184 912 1224 ita
927 1187 1036 1225 velut
1056 1185 1241 1226 defunffi
1255 1186 1359 1240 regis
1382 1185 1457 1224 im-

162 1240 290 1293 perio,
321 1240 363 1279 in
394 1241 577 1294 proxima
609 1242 768 1290 alluvie,
799 1241 868 1281 ubi
889 1257 997 1282 nunc
1020 1244 1082 1297 (6)
1105 1243 1204 1284 ficus
1227 1243 1456 1283 Ruminalis

162 1296 219 1336 est
242 1298 527 1352 (Romularem
547 1310 731 1339 vocatam
745 1299 898 1354 ferunt)
912 1315 1057 1354 pueros
1078 1310 1296 1355 exponunt.
1356 1300 1458 1340 Vas-

162 1363 215 1394 tae
230 1363 317 1394 tum
335 1356 376 1394 in
399 1356 445 1395 iis
466 1356 566 1396 locis
587 1357 819 1397 solitudines
841 1368 965 1397 erant.
1024 1359 1157 1398 Tenet
1178 1357 1300 1408 fama,
1331 1372 1456 1411 quum

163 1411 393 1452 fluitantem
428 1414 600 1462 alveum,
632 1429 713 1467 quo
748 1415 913 1468 expoliti
948 1424 1060 1454 erant
1096 1416 1224 1468 pueri,
1256 1416 1388 1455 tenuis
1417 1415 1457 1453 in

166 1470 270 1509 ficco
292 1485 396 1523 aqua
417 1470 663 1521 destituisset,
693 1473 830 1524 lupam
852 1472 1047 1512 fitientem
1069 1487 1114 1511 ex
1138 1473 1357 1521 montibus,
1389 1472 1457 1525 qui

164 1526 273 1567 circa
286 1527 390 1577 sunt,
413 1528 460 1566 ad
476 1528 669 1581 puerilem
686 1529 863 1583 vagitum
879 1529 1037 1569 cursum
1056 1530 1198 1569 flexiffe
1215 1546 1223 1569 ;
1254 1544 1342 1569 eam
1357 1530 1461 1568 sum—

167 1585 296 1624 miffas
332 1584 556 1624 infantibus
606 1583 707 1625 adeo
743 1585 884 1624 mitem
925 1587 1129 1639 praebuisse
1175 1602 1385 1636 mammas,
1416 1596 1461 1626 ut

166 1642 306 1696 lingua
327 1641 571 1681 lambentem
593 1656 738 1695 pueros
760 1643 945 1697 magister
969 1645 1067 1698 regii
1083 1645 1235 1698 pecoris
1253 1645 1459 1684 invenerit.

166 1699 357 1739 Faustulo
374 1699 486 1738 fuiffe
508 1713 656 1738 nomen
684 1699 832 1739 ferunt.
894 1700 942 1740 ab
959 1716 1006 1741 eo
1027 1703 1077 1741 ad
1094 1702 1243 1742 stabula
1264 1702 1462 1741 Larentiae

166 1757 284 1797 uxori
305 1757 535 1798 educandos
552 1758 664 1797 latos.
682 1757 800 1806 Sunt,
832 1759 900 1811 qui
914 1759 1161 1810 Larentiam,
1191 1760 1353 1814 vulgato
1376 1774 1462 1799 cor-

169 1827 281 1867 pore,
313 1814 450 1867 lupam
473 1814 576 1853 inter
604 1815 778 1868 pastores
799 1826 981 1855 vocatam
1010 1828 1178 1870 putent3
1211 1817 1302 1856 inde
1324 1818 1461 1858 locum

167 1870 316 1911 fabulae
337 1886 382 1912 ac
418 1871 613 1912 miraculo
641 1873 795 1912 datum.
856 1874 916 1913 Ita
947 1875 1086 1928 geniti,
1117 1870 1251 1928 itaque
1286 1874 1459 1922 edueati,
1480 1897 1610 1927 Edam&
1629 1895 1667 1926 ξς

867 1964 881 1983 .
1333 1946 1461 1986 quum
1479 1941 1656 1981 adolescentia.

171 2046 259 2077 tinus
274 2045 419 2087 proxime
441 2046 510 2089 post
537 2046 694 2089 regnavit,
715 2046 813 2089 idque
838 2059 896 2090 per
922 2047 1068 2080 ordinem
1085 2047 1289 2080 succeffionis.
1337 2049 1388 2090 (9)
1413 2051 1463 2080 De

171 2090 350 2122 Vestalibus
366 2091 430 2123 vid.
445 2092 532 2123 infra
548 2103 573 2123 c.
592 2102 641 2124 20.

219 2154 254 2184 C.
266 2163 296 2189 4.
310 2153 362 2194 (1)
381 2155 522 2195 Operam
534 2154 607 2185 lusit
620 2154 770 2186 Amulius
783 2167 789 2184 π
803 2156 869 2186 fato
882 2155 967 2186 enim
977 2155 1142 2186 decretum
1152 2154 1224 2193 suit,
1233 2162 1269 2188 ut
1282 2155 1463 2191 nasceretur

174 2197 345 2235 Romulus,
367 2200 483 2229 auetor
510 2198 636 2240 imperii
658 2199 739 2230 nulli
766 2199 823 2230 nisi
851 2201 995 2231 Deorum
1022 2200 1158 2231 secundi.
1204 2203 1308 2232 Deberi
1331 2203 1414 2231 alicui
1430 2201 1465 2232 id

174 2240 306 2278 dicitur,
328 2244 417 2282 quod
442 2243 513 2284 jure
535 2243 782 2284 persolvendum
807 2245 870 2282 est;
893 2245 1030 2285 ideoque
1041 2247 1119 2285 fatis
1135 2246 1232 2282 deberi,
1258 2246 1346 2287 quod
1366 2246 1463 2277 nullae

174 2285 347 2317 hominum
366 2298 443 2328 opes
459 2288 631 2328 quominus
644 2288 770 2320 eveniat
786 2289 942 2331 impedire
969 2290 1105 2331 poffunt.
1126 2290 1190 2320 vid.
1206 2292 1281 2321 AEn.
1295 2301 1323 2328 4.
1347 2291 1417 2328 276.
1433 2290 1465 2321 &

180 2340 230 2362 12.
250 2339 321 2371 795.
345 2333 379 2362 E.
425 2333 479 2373 (2)
503 2334 564 2363 Seu
590 2332 667 2373 quia
697 2334 833 2375 putabat
860 2334 966 2365 minus
983 2335 1039 2365 fibi
1057 2336 1125 2365 fore
1142 2335 1316 2372 dedecoris,
1339 2335 1361 2365 fi
1377 2337 1464 2367 Deus

175 2375 291 2406 auctor
308 2376 410 2417 culpae
422 2378 617 2415 crederetur,
629 2378 726 2419 quam
743 2379 764 2409 fi
780 2378 830 2409 vir
845 2379 997 2410 mortalis.
1023 2380 1074 2420 (3)
1091 2379 1110 2410 i.
1122 2391 1146 2410 e.
1163 2381 1201 2412 de
1218 2379 1280 2421 qud
1296 2380 1329 2411 in
1341 2379 1464 2411 incerto

176 2419 220 2451 est
235 2429 378 2460 quonam
393 2421 454 2453 fuit
486 2433 598 2453 revera
624 2431 724 2464 patre.
770 2424 818 2455 Sic
837 2424 961 2461 Cicero,
983 2438 1032 2454 non
1049 2432 1152 2455 certos
1167 2427 1306 2466 quffquam
1327 2427 1465 2466 cotspexc-

177 2468 218 2495 rit
227 2466 335 2503 liberos,
357 2465 387 2496 h.
405 2477 430 2497 e.
447 2477 526 2507 quos
549 2467 619 2498 suos
642 2467 701 2499 effe
724 2468 855 2499 indubie
866 2469 967 2500 sciret.
1014 2471 1092 2500 Item
1103 2471 1171 2500 Sen.
1186 2470 1304 2501 Troad.
1316 2468 1465 2511 461.pro-

171 2513 263 2552 genies
276 2517 362 2546 certa,
374 2510 403 2541 h.
414 2521 440 2541 e.
452 2510 599 2553 legitima.
646 2514 739 2555 Stirps
755 2514 836 2545 &ad
854 2514 988 2555 majores
1005 2516 1143 2545 refertur
1155 2522 1186 2545 et
1199 2515 1239 2545 ad
1256 2514 1403 2556 posteros.
1431 2515 1465 2544 E.

181 2554 234 2595 (4)
259 2553 308 2585 Sic
336 2554 503 2595 aliquoties
534 2557 734 2594 Plutarchus,
756 2560 824 2589 θεια
851 2573 903 2589 «rm
935 2573 1027 2599 τυχη.
1076 2559 1128 2600 (5)
1153 2560 1290 2600 Propter
1321 2558 1466 2589 Tiberim

181 2599 275 2640 super
307 2598 392 2640 ripas
423 2599 567 2638 effusum,
583 2601 663 2643 regis
685 2602 818 2633 ministri
843 2613 902 2634 nec
918 2604 1006 2634 adire
1021 2611 1171 2645 poterant
1187 2605 1228 2635 ad
1250 2615 1323 2635 eum
1349 2603 1466 2639 locum,

180 2643 238 2673 ubi
255 2643 354 2675 amnis
372 2644 467 2685 pleno
493 2645 584 2677 alveo
611 2646 749 2685 fluebat3
775 2648 806 2678 &
822 2648 991 2689 sperabant
1018 2648 1155 2680 infantes
1182 2647 1326 2690 proxima
1348 2647 1464 2678 alluvie

185 2688 285 2729 mergi
311 2689 404 2730 poffe.
463 2691 573 2734 Jzstum
601 2690 634 2722 id
665 2691 783 2723 dicitur
809 2694 897 2734 quod
928 2693 1016 2724 suam
1051 2695 1211 2734 quandam
1233 2692 1463 2735 plenitudinem

188 2731 294 2764 habet.
342 2733 401 2772 Sic,
439 2736 536 2779 Jtssus
567 2739 711 2776 exercitus,
735 2738 814 2780 jzfia
846 2745 920 2769 αἴας.
967 2737 1019 2780 (6)
1045 2739 1080 2769 In
1115 2737 1218 2770 medii
1245 2738 1324 2770 urbe
1355 2735 1464 2766 Roma.

1313 2782 1366 2822 (7)
1389 2782 1463 2812 Non
