1853 3158
134 271 215 312 374

134 775 244 804 ,Donum
248 773 278 802 A
275 773 338 813 pol-

132 820 184 848 tini
195 820 337 847 decretum.

133 960 185 989 Ad
192 960 223 987 id
232 964 336 988 matro-

132 1016 173 1033 nae
192 1016 292 1033 aurum

119 1050 205 1089 suum
222 1060 266 1078 con
283 1061 310 1078 c-

133 1100 210 1124 mat.

133 1508 234 1538 Seditio
247 1508 337 1537 redin-

133 1560 253 1595 tsgrata.

825 264 876 302 T.
939 263 1197 305 LIVII

356 377 521 414 ‘nentium
539 375 610 429 stt3
642 375 793 414 decuma
824 375 1053 430 dffignetur:
1086 380 1188 418 urbis
1207 386 1318 432 alque
1346 380 1432 432 agri
1451 382 1564 433 capti,
1584 397 1662 434 quae

359 433 412 474 ἧς’
433 433 506 486 isgfh
529 442 608 472 voto
629 434 860 472 contineatur
884 436 920 485 (1
936 437 989 488 1),
1010 438 1222 476 mentionem
1244 436 1385 474 nullam
1393 435 1504 490 fieri.

414 489 554 529 XXV.
588 489 731 545 Qum
749 503 795 529 ea
812 489 1060 545 disceptatio,
1093 507 1240 546 anceps
1257 493 1409 533 senatui
1426 493 1523 543 visa,
1555 494 1663 538 dele-

355 556 448 600 gata
469 547 518 585 ad
540 546 752 600 pontifices
769 548 889 596 effet3
919 548 1098 589 adhibito
1119 550 1305 598 Camillo,
1327 549 1456 590 visum
1477 551 1664 604 collegio,

357 606 418 657 (1)
441 605 551 657 quod
572 605 659 659 ejus
693 613 784 644 ante
804 615 1048 660 conceptum
1079 617 1219 647 votum
1251 608 1492 662 Vejentium
1514 607 1664 656 fuiffet,

358 663 398 701 δε
416 661 503 714 post
519 671 660 701 votum
683 662 723 700 in
746 662 981 716 potestatem
999 665 1138 718 populi
1165 665 1344 704 Romani
1365 665 1542 713 veniffet,
1573 665 1664 719 ejus

356 729 513 771 partem
545 719 745 759 decimam
764 720 946 773 Apollini
966 720 1117 760 sacram
1138 722 1226 760 effe.
1288 722 1349 760 Ita
1371 722 1411 761 in
1433 721 1665 762 aestimatio-

356 789 451 815 nem
474 775 568 816 urbs
599 791 774 831 agerque
795 777 929 817 venit:
960 779 1132 830 pecunia
1154 793 1202 817 ex
1224 779 1365 818 aerario
1387 788 1588 832 prompta,
1621 780 1665 818 &

355 833 527 874 tribunis
549 834 725 873 militum
738 834 1026 883 consularibus,
1049 847 1093 875 ut
1114 849 1259 875 aurum
1273 849 1322 875 ex
1344 836 1390 874 ea
1412 840 1664 886 coemerent,

354 893 564 945 negotium
594 893 748 931 datum.
768 893 885 947 cujus
906 906 1034 944 quum
1057 893 1172 945 copia
1194 906 1277 932 non
1307 893 1416 941 efl'et‚
1448 902 1664 944 matronae,

355 948 528 988 coetibus
565 950 615 988 ad
648 963 737 988 eam
766 963 852 988 rem
874 949 1178 990 consultandam
1199 949 1360 999 habitis,
1393 952 1455 1005 (2)
1490 952 1528 990 δε
1552 964 1664 990 com-

355 1006 469 1045 muni
498 1006 661 1045 decreto
690 1006 879 1060 pollicitae
900 1006 1071 1046 tribunis
1100 1007 1276 1046 militum
1299 1021 1443 1046 aurum
1470 1009 1507 1047 &
1526 1007 1664 1046 omnia

355 1072 591 1103 ornamenta
613 1063 698 1113 sua,
721 1063 762 1102 in
784 1063 970 1103 aerarium
993 1064 1238 1103 detulerunt.
1301 1065 1430 1104 Grata
1450 1078 1496 1104 ea
1516 1078 1595 1112 res,
1618 1073 1665 1103 ut

355 1136 446 1174 quae
469 1120 643 1159 maxime
660 1120 813 1159 senatui
836 1134 1034 1173 unquam,
1066 1120 1168 1161 fuit:
1199 1120 1478 1174 honoremque
1500 1121 1552 1161 ob
1573 1134 1664 1160 eam

355 1177 678 1222 munificentiam
696 1176 834 1216 ferunt
856 1177 1049 1216 matronis
1070 1177 1269 1225 habitum,
1291 1188 1336 1217 ut
1358 1181 1418 1232 (3)
1441 1178 1594 1232 pilento
1614 1178 1665 1217 ad

355 1235 462 1274 sacra
484 1235 696 1288 ludosque,
728 1234 927 1287 carpentis
951 1236 1012 1288 (4)
1033 1233 1134 1274 festo
1163 1234 1421 1288 profestoque
1439 1244 1663 1274 uterentur.

355 1292 540 1332 Pondere
563 1292 611 1331 ab
634 1292 795 1346 singulis
818 1292 903 1330 auri
921 1301 1087 1345 accepto
1104 1292 1395 1345 aestimatoque,
1418 1302 1463 1332 ut
1479 1292 1664 1345 pecuniae

356 1350 617 1398 solverentur,
650 1359 846 1389 crateram
883 1363 1045 1389 auream
1083 1349 1169 1389 fieri
1190 1350 1359 1403 placuit,
1397 1364 1487 1402 quae
1508 1350 1664 1388 donum

357 1408 540 1461 Apollini
561 1407 747 1461 Delphos
773 1416 1012 1460 portaretur.
1073 1405 1204 1449 Simul
1226 1407 1275 1446 ab
1296 1407 1490 1461 religione
1507 1407 1665 1446 animos

354 1465 611 1516 remiserunt,
644 1465 846 1519 integrant
863 1464 1100 1503 seditionem
1119 1463 1270 1513 tribuni
1292 1463 1443 1517 plebis:
1476 1463 1666 1503 incitatur

356 1523 577 1562 multitudo
610 1522 651 1560 in
685 1536 826 1561 omnes
863 1521 1078 1574 principes,
1110 1531 1200 1561 ante
1237 1521 1335 1561 alios
1356 1521 1397 1560 in
1429 1521 1663 1561 Camillum.

355 1581 459 1620 Eum
473 1580 640 1633 praedszm
661 1580 700 1618 V
696 1581 903 1634 cjentmmm
926 1582 988 1632 (5)
1001 1579 1221 1633 publicando
1237 1579 1483 1632 sacrandoque
1494 1579 1547 1618 ad
1562 1578 1662 1617 nihi..
1679 1596 1681 1599 ·

353 1640 432 1678 lum
469 1638 646 1692 redegiffe.
709 1639 769 1689 (6)
803 1637 983 1675 absentes
1006 1636 1193 1676 ferociter
1229 1636 1462 1689 increpant:
1493 1630 1666 1689 praesen-

354 1697 474 1742 tium,
507 1688 633 1747 quum
653 1694 689 1733 se
713 1695 817 1732 ultro
837 1694 945 1732 iratis
966 1694 1174 1743 offerrent,
1194 1693 1478 1732 verecundiam
1501 1693 1663 1733 habent.

357 1757 418 1807 (7)
449 1752 581 1791 Simul
603 1751 757 1791 extrahi
775 1765 860 1790 rem
882 1765 931 1789 ex
951 1764 999 1789 eo
1017 1764 1122 1788 anno
1139 1750 1343 1799 viderunt,
1374 1750 1557 1789 tribunos
1578 1750 1664 1803 ple-

354 1811 416 1851 bis
438 1811 582 1849 latores
604 1808 702 1863 legis
725 1810 787 1862 (8)
809 1808 850 1847 in
873 1821 1025 1847 annum
1047 1807 1206 1847 eosdem
1237 1805 1439 1846 reficiunt.
1466 1809 1503 1846 &
1522 1807 1664 1846 Patres

1583 1862 1663 1910 hoc

359 1985 437 2026 (ιι)
462 1984 575 2016 Potius
592 1986 805 2019 contis-maniam
832 1982 1108 2023 quemadmodum
1127 1981 1158 2012 Sc
1183 1980 1308 2020 codices
1321 1980 1448 2021 aliquot
1474 1982 1664 2023 praeferunt?

359 2037 455 2070 atquc
473 2030 518 2059 ita
534 2043 591 2070 qm
608 2031 666 2070 ‘'sffi
689 2028 877 2069 accipienda
894 2029 1001 2059 forent
1015 2028 1055 2057 dc
1073 2027 1154 2057 urbe
1171 2036 1323 2069 agroque,
1348 2025 1383 2056 in
1399 2036 1536 2057 numero
1553 2024 1664 2056 multi-

359 2074 491 2111 tudinis,
513 2084 631 2115 genere
648 2081 776 2104 neutro.

405 2139 440 2168 C.
460 2146 508 2174 25.
526 2136 580 2176 (1)
593 2136 691 2177 Quod
703 2146 739 2166 ex
752 2134 819 2166 tota
833 2134 887 2165 illa
898 2132 1017 2175 praedfi.
1034 2142 1069 2165 ut
1087 2134 1184 2173 supra
1202 2144 1229 2163 c.
1247 2142 1298 2164 22.
1309 2134 1496 2174 quodpraedae.
1509 2131 1565 2173 (2)
1582 2130 1664 2175 Qi-

358 2183 431 2214 dam
450 2182 574 2211 codices
590 2181 709 2210 habent
726 2194 759 2214 e,·
786 2180 875 2219 quod
898 2178 1040 2219 probum
1057 2177 1198 2208 videtur.
1248 2180 1276 2208 E
1292 2179 1424 2207 communi
1439 2180 1552 2213 defruto,
1575 2184 1611 2207 ut
1627 2189 1662 2206 ex

356 2225 604 2267 gellagiistnlentiri
620 2224 716 2264 supra
734 2225 753 2253 l.
773 2235 802 2261 4.
818 2235 845 2254 c.
865 2233 917 2261 53.
962 2222 1053 2252 Alibi
1067 2221 1216 2254 librarios
1233 2233 1284 2252 eas
1307 2222 1440 2254 voculas
1459 2222 1663 2252 confundere

357 2262 466 2302 solitos
487 2270 548 2301 effe
561 2269 695 2300 constat.
741 2269 797 2309 (3)
821 2270 935 2298 Pilcnta
952 2274 1043 2297 erant
1060 2270 1200 2308 carpentis
1217 2266 1415 2308 elegantiora
1439 2276 1475 2296 ac
1492 2265 1663 2307 molliora;

358 2315 505 2346 vehicula
523 2313 665 2356 pensilia,
691 2315 721 2343 8<
739 2321 880 2353 quatuor
909 2311 988 2342 rotis
1013 2310 1179 2342 instructa.
1228 2310 1318 2351 virg.
1341 2311 1360 2340 l.
1379 2311 1407 2341 8.
1430 2312 1506 2340 AEn.
1522 2321 1556 2342 v.
1586 2309 1662 2341 666„

358 2363 477 2391 Pilemis
489 2368 590 2388 matres
605 2362 633 2395 ,fn
644 2360 775 2388 molhbus.
806 2357 860 2397 (4)
879 2356 1104 2387 Indifferenter
1116 2355 1229 2388 diebus
1242 2355 1325 2386 festis
1342 2354 1562 2396 profestisque.
1588 2356 1661 2397 Fssi

357 2404 424 2435 «lies
441 2404 635 2435 dicebantur
651 2402 707 2444 qui
730 2402 801 2433 Diis
817 2400 915 2433 dicati
943 2407 1054 2437 erant3
1072 2401 1199 2442 jmfisti,
1222 2399 1278 2439 qui
1300 2399 1486 2430 hominibus
1503 2400 1543 2429 ad
1560 2398 1662 2430 admi-

358 2449 555 2480 nistrandam
581 2446 650 2479 rein
677 2447 839 2490 privatam
865 2444 1096 2486 publicamque
1120 2444 1255 2475 conceffi
1271 2452 1373 2475 erant.
1418 2445 1547 2486 Intercfi
1568 2450 1662 2474 erant

358 2496 505 2524 Deorum
529 2492 763 2532 hominumque
787 2501 985 2525 communeS.
1034 2489 1188 2520 Ceterum
1205 2488 1266 2520 hoc
1289 2488 1370 2529 juris
1387 2488 1494 2529 postea
1510 2487 1660 2518 immuta-

359 2545 436 2568 tum.
453 2538 518 2569 vid.
535 2538 558 2569 l.
578 2547 627 2576 34.
645 2548 674 2568 c.
694 2547 722 2567 1.
737 2537 768 2566 ὃς
786 2536 852 2584 seq„
899 2535 954 2575 (5)
970 2535 1005 2564 ln
1023 2533 1174 2565 aerarium
1186 2533 1373 2574 redigendo.
1419 2532 1476 2573 (6)
1493 2531 1660 2572 Principes

357 2583 502 2613 absentes
513 2581 665 2613 ferociter
680 2581 826 2622 increpat
843 2579 1030 2610 multitudo.
1062 2579 1117 2618 (7)
1133 2578 1234 2608 Simul
1247 2588 1284 2608 ac
1297 2577 1452 2608 viderunt
1468 2587 1537 2606 rem
1550 2575 1594 2606 ita
1611 2575 1660 2606 di-

356 2626 454 2665 latam
472 2634 507 2658 ut
525 2638 564 2658 co
579 2636 666 2657 anno
683 2625 792 2667 peragi
809 2635 876 2655 non
893 2622 1003 2667 pefict.
1052 2625 1153 2658 Simul,
1172 2633 1232 2663 pro
1249 2621 1339 2652 simul
1355 2629 1464 2661 atque,
1485 2627 1521 2651 ut
1538 2619 1663 2660 passim³

354 2672 411 2719 (8)
434 2672 507 2703 Vid.
524 2678 638 2710 not24.
664 2672 706 2703 ad
734 2682 759 2702 c.
775 2680 827 2710 55ξ
855 2669 920 2707 1.,4,
943 2669 945 2671 ’
967 2669 1029 2701 Per
1044 2669 1128 2711 legem
1141 2666 1284 2709 intellige
1298 2665 1499 2708 rogationem
1520 2663 1661 2713 tribuni-

588 2718 590 2721 '
916 2715 919 2721 '
1578 2718 1659 2740 ciam
