1905 3168
156 267 180 301 ὅ

828 264 877 305 Τ.
943 265 1199 307 LIVII

157 374 218 403 ὦ
211 377 341 415 ms*lla
375 372 506 429 primo
529 374 569 413 in
591 373 876 414 Macedoniam
897 374 1067 415 venisse:
1098 375 1221 415 inde'
1212 390 1251 416 111
1272 375 1448 418 Siciliam
1471 392 1653 432 quaeren-

148 1898 280 1937 fistal-zius

148 1945 272 1982 :zqscitmt

376 444 456 472 tem
474 432 582 471 sedes
600 432 794 471 delatum:
826 432 873 471 ab
894 431 1029 472 Sicilia
1043 435 1105 486 (7)
1127 434 1237 473 classe
1259 435 1501 476 Laurentem
1516 450 1658 491 agrum

374 500 486 530 renui
476 490 566 528 ss'e:
599 489 735 543 Trojae
767 493 806 529 ἃ
829 489 923 529 huic
946 490 1035 529 loco
1050 504 1199 530 nomen
1212 491 1284 531 est.
1312 493 1372 533 Ibi
1394 494 1530 547 egreffi
1551 494 1657 533 Fro-

369 547 469 602 jani‚
500 556 543 585 ut
561 549 621 600 (8)
643 547 788 599 quibus
809 546 857 586 ab
872 547 1065 586 immenso
1083 545 1205 602 prope
1228 564 1358 592 errore
1380 551 1493 599 nihil,
1515 561 1659 604 praeter

373 619 483 644 arma
517 607 557 644 ἃ·
580 618 714 653 naves,
746 604 970 658 superefiet‚
1003 620 1127 657 quum
1150 608 1324 660 praedam
1358 622 1405 647 ex
1435 609 1537 662 agris
1570 622 1661 662 age-

372 672 476 711 rent,
506 662 541 701 L
546 662 675 702 atinus
704 676 770 701 rex
806 662 1138 717 Aboriginelque‚
1181 664 1250 716 qui
1279 675 1364 704 tum
1395 679 1439 704 ea
1473 666 1661 705 tenebant

372 721 475 785 loca,
507 720 555 759 ad
577 721 788 759 arcendam
810 720 890 759 vim
913 721 1156 760 advenarum
1178 722 1317 760 armati
1345 736 1393 761 ex
1426 722 1522 762 urbe
1540 733 1660 776 atque

371 778 477 832 agris
513 787 772 817 concurrunt.
834 778 998 832 Duplex
1030 778 1123 829 inde
1154 778 1261 818 fama
1292 779 1391 819 est:
1411 780 1476 819 alii
1517 781 1660 833 praelio

372 835 527 874 vicstum
548 835 739 875 Latinum
768 850 907 890 pacem
938 849 1032 875 cum
1070 836 1216 885 AEnea,
1247 837 1389 876 deinde
1427 837 1661 877 affinitatem

367 893 538 947 junxiffe
556 894 718 932 tradunt
737 909 746 932 :
778 893 842 932 alii
864 907 991 946 quum
1027 893 1234 933 instru&ae
1261 894 1365 934 acies
1387 894 1662 946 constitissent,

371 950 602 1003 priusquam
637 951 743 1005 signa
771 961 976 1001 canerent,
1008 951 1224 1004 proceffiffe
1246 952 1438 1000 Latinum
1459 952 1562 992 inter
1582 952 1663 1005 pri-'

372 1022 519 1057 mores,
560 1009 785 1061 ducemque
817 1010 1059 1049 advenarum
1091 1009 1264 1049 evocaffe
1298 1011 1347 1051 ad
1383 1010 1663 1069 colloquium3

369 1066 680 1120 percun&at11m
702 1067 864 1119 deinde,
895 1067 965 1120 qui
986 1068 1175 1106 mortales
1196 1067 1332 1116 essent,
1354 1068 1476 1117 unde,
1497 1076 1567 1107 aut
1581 1081 1663 1121 quo

369 1123 462 1163 casu
485 1123 657 1177 profecti
672 1125 809 1173 domo,
841 1124 985 1177 quidve
1003 1133 1227 1179 quaerentes
1249 1125 1290 1164 in
1311 1139 1453 1179 agrum
1484 1124 1664 1165 Lauren-

368 1190 452 1220 tem
474 1182 663 1221 exiffent.
657 1181 670 1211 Ρ
703 1182 913 1236 postquam
931 1182 1116 1233 audierit,
1148 1180 1449 1222 multitudinem
1462 1181 1662 1238 Trojanos

368 1239 471 1286 esse·
503 1240 647 1286 ducem
682 1240 859 1291 AEnean,
891 1239 1020 1279 filium
1055 1239 1245 1280 Anchisae
1277 1236 1317 1281 &
1344 1239 1547 1288 Veneris3
1579 1254 1665 1280 cre-

366 1297 475 1334 mata
499 1297 642 1350 patria,
675 1299 716 1337 &
738 1299 859 1337 domo
876 1294 1087 1353 profugoa,
1110 1298 1240 1338 sedem
1258 1298 1557 1351 condendaeque
1575 1297 1665 1338 urbi

365 1354 502 1393 locum
525 1368 718 1406 quaerere,
751 1357 792 1394 &
813 1354 1063 1394 nobilitatem
1085 1352 1326 1395 admiratum
1347 1355 1477 1409 gentis
1492 1354 1666 1409 virique,

367 1413 411 1450 δε
429 1410 610 1456 animum
632 1411 693 1449 vel
713 1411 819 1458 bello
840 1413 901 1450 vel
919 1413 1007 1465 paci
1023 1409 1221 1467 paratum,
1253 1414 1413 1452 dextera
1435 1412 1526 1452 data
1541 1411 1667 1452 fidem

367 1467 518 1508 futurae
540 1468 726 1508 amicitiae
740 1468 914 1508 sanxiffe.
975 1469 1074 1509 Inde
1095 1469 1231 1510 foedus
1248 1470 1377 1515 'filum
1399 1469 1502 1508 inter
1527 1470 1665 1520 duces,

369 1527 474 1566 inter
495 1526 692 1566 exercitus
722 1526 1000 1567 salutationem
1021 1525 1186 1568 laetam.
1248 1527 1409 1566 AEnean
1427 1527 1533 1580 apud
1554 1526 1665 1566 Lati-

369 1598 469 1623 num
487 1583 624 1623 fuiffe
616 1598 657 1630 m
670 1583 857 1637 hospitio.
879 1584 933 1623 ibi
949 1579 1141 1623 Latinum
1156 1585 1262 1638 apud
1279 1586 1449 1624 Penates
1463 1585 1576 1623 Deos
1593 1585 1664 1624 do-

370 1641 582 1681 mesticum
603 1641 765 1695 publico
794 1634 1011 1705 adjunxisse
1042 1641 1194 1690 foedus,
1226 1639 1307 1688 filia
1338 1641 1483 1680 AEneae
1516 1641 1557 1680 in
1579 1656 1663 1681 ma-

369 1700 607 1738 trimonium
644 1700 746 1750 data.
781 1713 827 1739 ea
860 1713 922 1739 res
955 1699 1094 1755 utique
1129 1697 1318 1753 Trojanis
1349 1698 1458 1751 spem
1489 1698 1662 1738 affirmat
1699 1695 1702 1698 ’

368 1758 532 1802 tandem
554 1745 682 1797 stabili
704 1757 890 1809 certaque
923 1751 1011 1796 sede
1034 1754 1200 1795 finiendi
1231 1755 1387 1795 erroris.
1450 1755 1661 1810 Oppidum

368 1816 561 1855 condunt.
625 1815 777 1854 AEneas
802 1814 851 1854 ab
880 1814 1043 1854 nomine
1070 1814 1205 1854 uxoris
1232 1813 1447 1853 Lavinium
1476 1814 1659 1867 appellat.

368 1873 486 1912 Brevi
509 1873 625 1926 stirps
647 1886 807 1925 quoque
833 1871 956 1916 virilis
976 1886 1024 1912 ex
1052 1885 1156 1922 novo
1178 1871 1434 1926 matrimonio
1456 1869 1563 1927 fuit3
1595 1871 1661 1911 cui

370 1931 590 1971 Ascanium
611 1938 795 1984 parentes
816 1929 950 1968 dixere
972 1943 1133 1970 nomen.

427 1989 479 2027 ΙΙ.
541 1989 654 2029 Bello
676 1987 819 2027 deinde
845 1986 1087 2041 Aborigines
1114 1986 1364 2041 Trojanique
1400 1986 1512 2025 simul
1532 1986 1659 2039 petiti.

368 2047 535 2086 Turnus
556 2060 625 2094 rex
643 2045 909 2095 Rutulorum,
932 2045 996 2084 cui
1017 2044 1136 2098 pad'm
1157 2044 1323 2083 Lavinia
1340 2053 1430 2083 ante
1445 2044 1662 2083 adventum

369 2106 514 2146 AEneae
553 2103 699 2151 fuerat,
745 2103 956 2156 praelatum
1008 2102 1076 2141 fibi
1118 2103 1310 2141 advenam
1351 2115 1455 2155 aegre
1490 2101 1661 2155 patiens,

368 2164 484 2202 simul
513 2161 658 2201 AEneae
692 2160 919 2213 Latinoque
946 2159 1099 2199 bellum
1120 2160 1320 2199 intulerat.
1380 2159 1537 2209 Neutra
1558 2158 1662 2198 acies

368 2221 458 2260 laeta
479 2234 527 2260 ex
549 2233 596 2258 eo
619 2217 836 2258 certamine
864 2217 972 2257 abiit.
1004 2217 1102 2256 vieti
1129 2217 1302 2256 Rutuli.
1344 2216 1516 2256 victores
1549 2216 1661 2255 Abo-

367 2278 516 2332 rigines
543 2275 793 2330 Trojanique
810 2275 955 2314 ducem
977 2274 1170 2314 Latinum
1196 2274 1371 2313 amisere.
1433 2274 1532 2312 Inde
1552 2273 1660 2312 Tur-

366 2351 443 2375 nus
480 2333 721 2386 Rutulique,
753 2332 865 2371 diffifi
905 2331 1039 2379 rebus,
1086 2323 1135 2370 ad
1175 2330 1361 2370 fiorentes
1401 2330 1661 2372 Etruscorum

368 2407 480 2446 opes,
511 2390 868 2442 Mezentiumque,
903 2403 1043 2429 eorum
1074 2402 1228 2443 regem,
1274 2386 1540 2442 confugiunt:
1576 2388 1660 2440 qui,

476 2458 479 2461 ·
1123 2461 1126 2464 ·
1545 2445 1658 2485 C‘ere

367 2582 436 2610 μερη
452 2581 488 2600 w,
492 2565 658 2608 υχωρανδιε
662 2574 718 2596 aeva
735 2567 754 2595 ἁ
772 2576 872 2603 «παγείς
889 2575 1115 2606 προσηγορευσεν.
1131 2573 1160 2592 v.
1175 2562 1318 2594 Turneb.
1342 2561 1550 2601 animadvers.
1577 2561 1596 2592 l.
1622 2570 1655 2601 9.

369 2624 395 2643 c.
415 2621 441 2650 7.
488 2613 553 2661 (J)
578 2612 650 2641 Hoc
667 2609 740 2640 ideo
756 2609 905 2639 observat
923 2608 1046 2644 Livius,
1068 2616 1103 2637 ut
1121 2607 1240 2638 indicet
1257 2609 1383 2638 AEnean
1399 2617 1466 2638 non
1489 2606 1530 2637 ab
1552 2605 1656 2637 Sicilia

366 2656 401 2687 in
418 2656 564 2698 proxima
590 2655 687 2685 ltaliae
709 2652 942 2694 transgressum,
964 2651 1098 2693 pedestri
1115 2651 1259 2683 deinde
1251 2651 1366 2682 itinere
1394 2652 1434 2682 ad
1458 2652 1655 2683 Laurentem

366 2712 479 2743 agrum
495 2699 688 2741 perveniffe;
712 2699 763 2729 sed
779 2698 870 2728 recto
895 2698 988 2728 cursu
1015 2696 1091 2727 illuc
1107 2696 1243 2729 navibus
1274 2696 1416 2752 delatum
1441 2694 1539 2749 fuifl'e.
1598 2694 1652 2737 (8)

366 2745 515 2788 Nempe
507 2744 617 2811 inopia
634 2754 742 2775 rerum
754 2743 846 2775 causa
861 2742 923 2774 fuit
937 2740 1111 2810 praedandi.
1135 2743 1170 2773 E.
