1853 3158
395 301 683 346 LIBER
743 302 820 344 IV.
881 304 1068 346 CAP.
1130 305 1246 347 ΧΙΙῙ.

165 418 325 468 nucius,
354 419 524 458 eandem
545 415 705 470 publice·
725 419 786 473 (4)
802 419 1054 460 curationem
1068 434 1206 474 agens,
1228 434 1351 473 quarn
1363 420 1468 461 Mae-

164 477 242 517 lius
263 475 449 530 privatim
470 475 668 529 agendam
690 474 928 528 susceperat,
951 491 1079 529 quum
1096 478 1137 516 in
1153 478 1322 531 utraque
1345 480 1469 519 domo

163 548 294 588 genus
315 532 422 573 idem
443 531 658 571 hominum
680 532 917 582 versaretur,
939 547 1025 572 rem
1047 545 1298 601 compertam
1338 537 1388 575 ad
1411 535 1470 576 se·-

166 600 309 631 natum
330 589 452 630 refert
469 592 550 644 (ς),
586 588 712 629 Tela
699 605 738 628 m
769 590 914 630 domum
948 589 1077 630 Maeliz'
1114 593 1290 657 conferri,
1320 608 1470 646 eumque

168 649 232 701 (6)
252 648 427 688 conciones
447 647 543 687 domi
557 646 715 686 habere.-
747 662 791 687 ac
826 662 895 686 non
931 647 1039 686 dubia
1078 651 1184 701 regni
1215 649 1355 704 confilia
1390 651 1468 715 ff.

167 713 308 757 tempus
326 704 471 757 agendae
492 705 547 743 rei
566 704 805 759 nondttmstm
806 707 859 757 e(
847 707 937 758 (7);
970 713 1088 743 cetera
1116 707 1205 758 jam
1246 709 1397 746 conveni
1424 723 1467 752 e,-

172 763 225 804 ξδ’
242 763 406 802 tribunos
427 761 586 801 mercede
605 771 737 814 emptos
756 761 808 801 ad
815 761 1042 814 prodendam
1059 762 1277 812 libertatem,
1305 764 1355 805 E&
1376 775 1472 816 par·

168 821 240 859 zita
271 819 421 860 ducibus
457 819 708 858 multitudinis
747 834 824 858 mm
824 819 947 874 steria
987 819 1060 874 effe.
1137 819 1264 860 Seriits
1288 822 1332 875 ſs·
1364 832 1473 873 pene,

169 877 283 929 91111111
303 876 577 931 tutumfuerit,
599 891 643 915 ne
658 877 765 929 cujus
785 877 918 916 incerti
947 878 1108 929 vanique
1139 881 1269 917 auctor
1307 878 1399 942 fft,
1431 894 1474 918 ea

167 934 210 973 de
229 949 292 973 ert
293 949 322 973 e.
385 933 493 997 Qae
508 933 721 997 postquam
739 932 830 974 sunt
844 933 995 982 audita,
1016 935 1057 974 &
1076 934 1256 987 undique
1274 936 1473 988 primores

167 991 336 1031 Patrum
358 992 399 1032 δε
421 990 565 1043 prioris
599 990 694 1029 anni
728 990 911 1031 consules
948 991 1216 1044 increparent,
1259 990 1372 1045 quod
1408 1006 1475 1033 eas

167 1047 399 1101 largitiones
421 1046 632 1100 coetusque
653 1046 812 1100 plebis
803 1062 844 1087 m
876 1047 1031 1102 privata
1067 1050 1188 1088 domo
1222 1049 1316 1102 paffi
1352 1050 1475 1089 essent

169 1103 273 1156 fieri,
301 1107 340 1146 &
359 1118 486 1146 novos
507 1104 705 1154 consules,
721 1102 833 1157 quod
853 1105 1157 1158 exspectassent,
1180 1107 1308 1146 donec
1331 1121 1353 1145 a
1374 1121 1477 1160 prae-

166 1160 280 1203 fecto
301 1175 473 1202 annonae
487 1170 597 1203 tanta
614 1175 676 1202 res
698 1164 747 1202 ad
770 1162 952 1202 senatum
974 1162 1216 1215 deferretur,
1253 1178 1345 1216 quae
1381 1178 1478 1204 con-

171 1218 297 1260 sulem
333 1233 416 1260 non
449 1222 512 1273 (8)
548 1218 759 1259 auetorem
794 1218 925 1259 solum
966 1221 1220 1269 desideraret,
1258 1222 1324 1260 sed
1356 1221 1478 1261 etiarn

170 1276 398 1317 vindicem·
389 1306 401 1325 ‚
434 1286 523 1317 tum
544 1277 596 1316 T.
615 1276 855 1334 Qindfius,
876 1278 1030 1332 confides
1060 1276 1243 1317 immerito
1278 1280 1481 1331 incnpari,

170 1334 241 1384 ait,
262 1336 326 1387 qni
346 1335 526 1389 constricti
556 1335 694 1388 legibus
714 1334 756 1374 de
770 1337 1024 1387 provocatione
1044 1334 1096 1374 ad
1116 1336 1152 1374 d
1141 1336 1374 1391 ffolvenaum
1409 1338 1479 1375 im-

164 1393 313 1442 petiam
344 1392 433 1431 latis
455 1394 532 1446 (9),
564 1407 793 1444 nequaquam
825 1400 973 1431 tantum
1009 1394 1152 1431 virium
1188 1409 1227 1432 111
1262 1408 1347 1432 111ασ
1320 1393 1401 1448 sti
1404 1402 1481 1433 atu

171 1448 224 1488 ad
239 1464 319 1488 eam
335 1464 412 1489 rem
426 1459 497 1501 pro
515 1450 707 1488 atrocitate
723 1449 1001 1497 vindicandam,
1019 1458 1199 1502 quantum
1220 1452 1352 1502 animi,
1374 1450 1482 1490 habe-

174 1514 270 1546 rent.
303 1517 389 1558 opus
407 1507 469 1562 effi
489 1521 557 1546 non
564 1505 669 1561 firtz
688 1505 811 1560 sblizm
833 1508 932 1557 viro,
941 1507 1013 1560 sed
1028 1508 1139 1546 etiam
1175 1508 1282 1547 libero
1312 1509 1481 1562 exfhluto-

173 1578 242 1615 que
260 1563 380 1616 legum
403 1564 564 1603 vinculis
579 1565 684 1616 (10).
747 1563 879 1616 Itaque
877 1564 922 1617 fi’
941 1564 1154 1603 dic7czt0rem
1174 1565 1227 1603 L.
1250 1565 1480 1619 ,Quint-‘tium

173 1620 375 1660 ditiorum.
408 1621 457 1659 ibi
468 1622 635 1659 animum
645 1631 777 1672 parem
789 1628 900 1659 tontae
910 1621 1076 1677 potestati
1101 1622 1174 1676 effe.
1240 1622 1484 1675 Approban-

174 1677 281 1718 tibus
299 1677 477 1741 cunctis,
498 1673 633 1730 primo
658 1676 881 1733 Qintffius
903 1677 1104 1717 abnuere:
1138 1681 1197 1729 &,
1215 1679 1391 1733 qzzidstbi
1405 1681 1484 1720 vel-

171 1734 261 1782 lent,
283 1734 472 1789 rogitare,
492 1734 608 1788 quise
626 1743 730 1773 aetate
749 1736 882 1774 exac7d
902 1743 1012 1774 tantae
1033 1735 1258 1775 dimicationi
1278 1738 1408 1791 obstem
1408 1747 1482 1777 ent

174 1791 299 1840 Dein,
320 1805 448 1844 quum
471 1791 651 1843 undique
674 1791 795 1844 plus
786 1805 827 1830 m
850 1792 918 1832 illo
941 1791 1053 1832 senili
1070 1793 1206 1833 animo
1228 1808 1310 1833 non
1331 1795 1486 1835 consilii

172 1847 315 1901 modo,
333 1849 399 1890 sed
420 1849 543 1889 etiam
558 1848 717 1889 virtutis
739 1849 829 1898 effe,
847 1848 972 1903 quam
989 1850 1032 1890 in
1053 1850 1244 1892 omnibus
1261 1851 1349 1892 aliis
1375 1852 1485 1892 dice-

1376 1919 1485 1961 rent,

173 2032 205 2054 v.
221 2021 271 2055 28.
297 2022 352 2064 (4)
371 2020 582 2053 Αιιᾶοτίῑειῐε
595 2020 738 2063 publica,
752 2021 935 2064 sumptibus
950 2023 982 2054 δε
994 2022 1143 2065 impenfis
1157 2023 1304 2065 publicis.
1331 2032 1367 2056 ut
1385 2025 1484 2067 supra

175 2065 195 2097 1.
215 2077 242 2098 1.
259 2078 288 2098 c.
304 2067 354 2099 26.
377 2068 396 2097 l.
412 2077 442 2098 2.
457 2078 482 2097 c.
500 2076 551 2104 41.
567 2067 589 2096 1.
610 2076 638 2106 3.
655 2077 680 2097 c.
696 2066 746 2098 26.
770 2068 825 2108 (5)
842 2067 986 2111 Qidam
1001 2068 1128 2100 codices
1144 2069 1266 2100 habent
1282 2072 1381 2110 dfert,
1396 2071 1487 2111 quod

177 2113 416 2154 praeferendum
440 2111 585 2149 videtur3
610 2112 887 2152 quemadmodum
902 2112 1000 2143 etiam
1016 2123 1092 2144 mox
1109 2113 1254 2154 sequitur
1259 2117 1310 2155 se
1312 2128 1351 2144 ea
1368 2117 1478 2156 dferre
1464 2132 1488 2151 ,

176 2157 473 2199 &donecapraefi’c'to
489 2169 612 2186 annonae.
619 2158 806 2196 ..deferretur-
836 2157 990 2188 Ceterum
1012 2160 1121 2199 referre
1153 2158 1185 2188 δε
1211 2161 1321 2199 dserre
1343 2159 1425 2201 saepe
1451 2159 1488 2190 in

177 2201 267 2233 libris
286 2200 511 2242 manuscriptis
533 2201 792 2232 confunduntur.
837 2201 893 2242 (6)
908 2202 1096 2234 Gronovius
1118 2203 1292 2245 legendum
1308 2203 1368 2235 effe
1385 2203 1488 2235 existi-

178 2253 245 2276 mat
261 2249 392 2277 co'itiones.
442 2247 535 2276 Concio
562 2245 694 2286 quidem
719 2245 802 2286 saepe
828 2257 890 2287 pro
913 2255 1077 2278 conventu
1105 2247 1253 2285 suuntur,
1278 2248 1331 2279 sed
1352 2249 1486 2290 proprie}

179 2289 299 2320 dicitur
316 2291 356 2321 de
378 2289 588 2321 multitudine
615 2288 744 2339 publice
763 2290 950 2321 convocata.
996 2290 1152 2333 [Fortasse
1180 2292 1264 2323 hanc
1285 2303 1399 2324 vocem
1429 2294 1487 2324 ad-

178 2334 269 2365 hibet
282 2334 462 2372 Minucius,
473 2336 514 2365 ad
530 2334 735 2365 atrocitatem
748 2333 890 2365 criminis
903 2335 1177 2377 amplificandam,
1198 2347 1316 2379 nempe
1334 2337 1487 2370 Maelium

180 2378 411 2410 aucffiritatem
443 2389 515 2419 quae
539 2378 675 2428 propria
702 2378 947 2420 magistratuum
979 2388 1048 2411 erat
1070 2382 1136 2422 jam
1164 2381 1222 2412 fibi
1250 2391 1411 2423 arrogare.
1438 2382 1486 2424 E.]

178 2424 236 2465 (7)
259 2425 325 2454 Stat
336 2431 452 2464 tempus,
461 2434 563 2463 quum
580 2423 625 2454 rei
642 2424 770 2465 agendae
786 2431 914 2465 tempus
942 2425 1105 2456 convenit.
1153 2426 1207 2466 (8)
1235 2426 1398 2457 Primores
1426 2428 1488 2457 Pa-

181 2476 270 2498 trum
282 2468 395 2498 dicunt
413 2467 589 2507 oportuiffe
606 2474 641 2497 ut
653 2467 798 2498 consules
811 2479 879 2498 non
905 2470 1004 2499 modo
1038 2480 1107 2501 rem
1132 2470 1257 2501 senatui
1284 2470 1488 2507 indicaffent,

180 2513 234 2543 sed
251 2512 349 2544 etiam
366 2522 494 2553 poenam
505 2510 683 2552 exegissent.
710 2514 820 2542 Aufflor
836 2512 918 2554 saepe
930 2513 1067 2553 ponitur
1084 2525 1146 2555 pro
1176 2513 1309 2551 nuncio,
1330 2514 1388 2555 qui
1417 2526 1487 2546 rem

181 2564 311 2588 narrat:
338 2564 374 2587 ut
393 2555 490 2597 supr&
500 2555 520 2586 l.
540 2565 568 2585 1.
588 2565 613 2586 c.
632 2555 682 2586 16.
693 2559 808 2597 gravis,
824 2564 853 2587 ut
868 2560 1003 2595 traditur,
1025 2561 1155 2599 quamvis
1179 2572 1284 2601 magn-2²
1312 2563 1354 2589 rei
1376 2564 1485 2590 aanor.

179 2601 266 2632 infr}
276 2602 295 2632 l.
308 2611 338 2640 5.
355 2612 380 2631 c.
394 2611 442 2639 15.
458 2605 595 2631 auli‘orem
605 2602 799 2642 levem..fitper
813 2601 894 2631 tanti
910 2615 941 2633 re
968 2604 1072 2633 Patres
1100 2606 1172 2635 rati.
1218 2605 1274 2644 (9)
1298 2604 1487 2635 Gronovius

181 2646 314 2688 conjicit
328 2646 502 2688 legendum
513 2644 574 2675 effe
590 2647 676 2681 mztis,
690 2645 724 2675 h.
742 2656 767 2676 e.
796 2645 890 2687 aptis,
914 2647 1130 2680 accommodis
1154 2647 1356 2679 diffolvendo
1384 2648 1486 2688 impe-

182 2690 250 2721 rio:
277 2698 313 2722 ut
330 2689 416 2721 infra
433 2690 452 2720 l.
472 2699 501 2728 5.
518 2700 543 2720 c.
567 2699 622 2727 54.
641 2691 680 2719 ad
692 2692 881 2721 incrementum
894 2692 971 2722 urbis
988 2699 1085 2725 natum
1110 2693 1187 2726 unica?
1216 2695 1323 2730 locum;
1353 2693 1384 2723 &
1408 2691 1486 2723 alibi

181 2735 272 2778 saepe.
317 2735 396 2779 (ιο)
411 2734 487 2768 Vid.
502 2734 599 2776 supra
615 2742 673 2767 not
687 2744 716 2775 5.
733 2734 782 2766 ad.
795 2745 821 2765 c.
837 2744 889 2774 55.
905 2736 924 2766 1.
943 2735 972 2776 3,

779 2779 811 2809 T
837 2789 855 2811 2
1349 2781 1383 2823 (1
1391 2780 1426 2822 ι)
1439 2780 1486 2810 Sic

1603 319 1684 362 273
