1905 3168
238 319 318 348 300

236 716 355 757 Porsena
366 727 412 746 ur-

235 762 289 791 bem
303 761 401 803 offidct.

910 310 961 351 T.
1020 311 1274 352 LIVII

457 425 517 478 (6)
539 423 579 462 in
594 422 756 463 comitio
777 422 925 477 posita3
957 423 1039 478 agri
1057 432 1252 477 quantum
1275 436 1356 465 uno
1376 423 1439 464 die
1461 424 1522 478 (7)
1541 423 1739 465 circuma-

454 481 571 531 ravit,
617 482 768 520 datum.
829 481 985 522 Privata
1017 495 1176 535 quoque
1213 482 1314 523 inter
1349 481 1530 536 publicos
1564 481 1738 523 honores

454 538 582 578 studia
615 537 855 578 eminebant.
888 552 980 578 nam
1003 538 1042 577 in
1064 540 1209 594 magna
1229 540 1378 594 inopia,
1407 554 1481 594 pro
1511 539 1739 579 domesticis

454 596 597 649 copiis,
617 595 885 650 unusquisque
906 596 942 635 ei
964 596 1132 650 aliquid,
1152 596 1342 638 fraudans
1363 596 1400 636 se
1421 596 1500 651 ipse
1521 596 1632 637 viCtu
1653 595 1738 645 suo,

454 654 636 693 contulit.

511 712 585 751 XI.
608 710 793 759 Porsena,
810 710 940 765 primo
955 721 1100 752 conatu
1116 711 1310 765 repulsus,
1332 710 1502 751 consiliis
1519 710 1567 751 ab
1583 725 1744 765 oppug-

454 768 587 809 nanda
607 768 703 809 urbe
740 770 787 808 ad
815 769 1067 809 obsidendam
1101 769 1238 818 verfis,
1267 767 1446 821 praefidio
1477 768 1518 807 in
1553 769 1744 821 Janiculo¹

453 828 599 878 locato,
629 826 710 880 ipse
739 827 779 865 in
800 828 919 880 plano
936 826 1107 879 ripisque
1120 825 1277 864 Tiberis
1294 824 1417 864 castra
1445 824 1598 878 posuit3
1630 826 1741 865 navi-

452 884 527 925 bus
560 885 737 938 undique
774 884 924 932 accitis,
958 887 994 924 &
1020 884 1068 922 ad
1102 881 1335 930 custodiam,
1367 895 1416 921 ne
1442 882 1539 935 quid
1561 883 1738 922 Romam

454 941 647 982 frumenti
681 941 843 981 subvehi
880 941 1032 986 smeret,
1069 941 1105 978 &
1145 951 1189 977 ut
1221 939 1443 992 praedatum
1464 939 1610 980 milites
1630 949 1741 979 trans

454 1000 605 1039 flumen
622 1013 692 1053 per
709 996 938 1038 occafionesss
953 995 1038 1034 aliis
1053 1005 1171 1048 atque
1188 997 1274 1036 aliis
1287 996 1384 1036 locis
1401 996 1599 1051 trajiceret
1614 1012 1623 1036 ε
1652 997 1744 1036 bre-

453 1058 572 1111 vique
594 1054 694 1096 adeo
726 1051 914 1091 infestum
940 1066 1102 1092 omnem
1125 1053 1359 1092 Romanum
1387 1067 1527 1108 agrurn
1553 1054 1742 1104 reddidit,

453 1125 498 1154 ut
529 1128 609 1152 non
631 1119 762 1151 cetera
776 1107 905 1148 solum
927 1123 976 1149 ex
1003 1107 1121 1164 agris,
1153 1109 1217 1149 sed
1236 1124 1359 1164 pecus
1376 1124 1536 1163 quoque
1558 1125 1677 1150 omne
1698 1111 1744 1150 in<

451 1170 593 1211 urbem
615 1167 937 1221 compelleretur,
967 1180 1097 1219 neque
1120 1166 1329 1220 quisquam
1351 1176 1461 1206 extra
1496 1176 1629 1222 portas
1650 1182 1743 1222 pro-

451 1229 599 1282 pellere
623 1226 799 1265 auderet.
860 1224 953 1264 Hoc
977 1233 1133 1264 tantum
1150 1223 1320 1265 licentiae
1340 1224 1533 1277 Etruscis,
1555 1239 1637 1265 non
1658 1239 1743 1265 me-

451 1295 497 1324 tu
534 1283 674 1337 magis,
706 1281 829 1336 quam
862 1281 1038 1331 consilio,
1072 1283 1310 1321 concessum.
1348 1296 1522 1335 namque
1554 1283 1741 1323 Valerius

452 1341 607 1389 consul,
627 1339 804 1379 intentus
826 1339 867 1378 in
886 1339 1133 1379 occasionem
1150 1341 1297 1379 multos
1315 1340 1428 1379 fimul
1446 1343 1486 1381 &
1504 1339 1648 1380 effusos
1666 1340 1744 1379 im-

452 1398 615 1452 proviso
637 1396 864 1446 adoriundi,
896 1396 937 1434 in
973 1396 1102 1449 parvis
1123 1396 1241 1437 rebus
1262 1397 1468 1451 negligens
1503 1398 1625 1448 ultor,
1655 1412 1747 1452 gra-

454 1470 545 1495 vem
568 1454 604 1494 se
627 1455 676 1493 ad
693 1455 844 1508 majora
860 1453 1060 1492 vindicem
1082 1453 1270 1493 servabat.
1331 1455 1486 1507 Itaque,
1519 1462 1563 1493 ut
1583 1455 1743 1494 eliceret

453 1513 710 1566 praedatores,
741 1511 860 1550 edicit
882 1509 975 1559 suis,
1005 1510 1162 1564 postero
1196 1511 1258 1551 die
1280 1510 1510 1564 frequentes
1543 1510 1657 1565 port&
1674 1512 1745 1552 Es-

455 1567 625 1622 quilinfii,
647 1583 737 1622 quae
758 1568 988 1608 averfissima
1009 1567 1060 1607 ab
1078 1567 1190 1608 hoste
1210 1577 1309 1620 erat,
1331 1569 1573 1623 expellerent
1593 1583 1743 1623 pecus·,

455 1627 621 1666 scituros
639 1626 679 1665 id
698 1626 830 1665 hostes
851 1635 976 1677 ratus,
998 1623 1109 1678 quod
1123 1625 1163 1664 in
1178 1625 1378 1666 obsidione
1400 1629 1440 1666 ὅτ
1462 1625 1567 1666 fame
1589 1627 1743 1666 servitia

453 1684 578 1723 infida
613 1682 920 1738 transfugerent.
982 1683 1033 1722 Et
1049 1682 1168 1723 sciere
1188 1683 1368 1737 perfugae
1388 1683 1562 1732 indicio;
1593 1681 1744 1727 multo-

455 1755 533 1794 que
556 1742 703 1795 plures,
732 1750 778 1780 ut
809 1741 851 1779 in
872 1740 980 1794 spem
1013 1740 1205 1780 universae
1235 1741 1393 1794 praedae‚
1425 1740 1744 1797 flumentrajici-

457 1808 542 1838 unt.
602 1799 648 1838 P.
669 1798 857 1838 Valerius
893 1798 985 1837 inde
1006 1798 1057 1837 T.
1079 1797 1338 1838 Herminium
1371 1812 1465 1838 cum
1487 1798 1655 1839 modicis
1677 1813 1747 1838 co-

455 1856 532 1910 piis
553 1857 603 1895 ad
624 1855 843 1895 secundum
866 1858 928 1910 (1)
948 1855 1120 1909 lapidem
1143 1855 1303 1896 Gabina
1328 1856 1390 1895 via
1410 1857 1615 1896 occultum
1649 1870 1745 1896 con-

458 1912 705 1968 fiderejubet
721 1929 730 1952 z
760 1912 829 1967 Sp.
851 1913 1034 1952 Lartium
1052 1927 1145 1953 cum
1162 1913 1345 1967 expedita
1354 1914 1565 1968 juventute
1587 1914 1635 1953 ad
1652 1928 1744 1967 por-

460 1981 541 2010 tam
564 1970 762 2010 Collinam
799 1971 915 2021 stare,
946 1971 1073 2010 donec
1103 1970 1226 2011 hostis
1258 1980 1494 2025 praetereat3
1526 1971 1668 2011 deinde
1705 1971 1752 2011 ser

458 2028 649 2083 objicere,
681 2042 735 2067 ne*
767 2028 811 2067 fit
846 2029 894 2067 ad
925 2027 1075 2067 flumen
1109 2028 1270 2068 reditus.
1333 2028 1554 2069 Consulum
1574 2030 1671 2068 alter
1690 2029 1746 2068 T.

459 2086 672 2125 Lucretius
708 2086 822 2139 porta
842 2085 983 2125 Naevia
1005 2088 1071 2140 (2)
1087 2100 1179 2125 cum
1218 2087 1369 2139 aliquot
1403 2086 1617 2140 manipulis
1638 2085 1743 2125 mili-

459 2151 548 2182 tum
569 2143 739 2197 egressus
758 2159 767 2183 :
798 2142 876 2196 ipse
897 2143 1085 2183 Valerius
1107 2143 1238 2183 Coelio
1260 2153 1395 2184 monte
1412 2143 1596 2183 cohortes
1612 2144 1748 2184 delec-

460 2209 520 2240 tas
543 2202 604 2255 (3)
624 2200 770 2241 educit.
792 2200 913 2253 hique
943 2201 1061 2254 primi
1078 2215 1294 2255 apparuere
1314 2200 1430 2241 hosti.
1489 2201 1745 2249 Herminius,

1673 2257 1743 2298 ubi

465 2375 497 2405 δε
513 2385 584 2415 quae
606 2376 646 2405 ad
671 2374 885 2406 illum-locum
909 2374 1034 2406 notavit
1052 2375 1207 2407 Elsnerus.
1223 2375 1271 2417 E.]
1318 2374 1371 2417 (6)
1393 2375 1472 2405 Eam
1487 2374 1594 2416 postea
1609 2375 1650 2406 de
1665 2374 1748 2406 caelo

463 2420 583 2450 tactam
606 2419 675 2455 effe,
700 2420 732 2450 &
754 2419 787 2450 in
803 2421 920 2451 AEdem
937 2420 1073 2451 Vulcani
1091 2420 1282 2457 transsatam,
1303 2427 1414 2451 narrat
1431 2418 1562 2455 Gellius,
1587 2419 1606 2449 l.
1623 2429 1653 2457 4.
1669 2430 1693 2449 c.
1715 2429 1746 2458 5„

463 2465 517 2504 (7)
540 2467 615 2551 [grim
639 2464 726 2495 sulco
742 2464 962 2495 circumduxit.
1008 2466 1153 2496 Eundem
1174 2465 1330 2496 honorem
1346 2463 1462 2495 Mucio
1477 2463 1624 2495 habitum
1646 2465 1743 2495 refert

461 2509 547 2539 Dion
585 2520 640 2540 ius.
696 2521 701 2526 ·
897 2510 901 2511 ⁷

448 2604 453 2607 s
509 2573 543 2602 C.
563 2581 611 2601 11.
627 2572 680 2612 (1)
698 2573 733 2602 In
749 2571 808 2602 viis
821 2571 956 2613 publicis
977 2571 1124 2603 milliaria
1146 2571 1307 2613 lapidibus
1329 2571 1442 2615 signari
1460 2579 1573 2602 notum
1595 2570 1645 2602 est.
1690 2570 1746 2611 (2)

463 2616 538 2646 Haec
562 2623 629 2646 erat
645 2616 729 2647 inter
740 2615 947 2647 Tiburtinam
970 2618 1002 2647 &e
1018 2616 1222 2658 Esquilinam.
1245 2619 1279 2648 E.
1324 2618 1379 2658 (3)
1401 2616 1500 2648 Porta
1520 2616 1559 2647 sc.
1576 2614 1747 2646 Caelimon·

464 2660 547 2697 tami,
570 2671 641 2701 quae
665 2661 749 2692 inter
766 2661 906 2692 Naeviam
931 2662 962 2691 δε
981 2662 1139 2693 Collinam
1165 2669 1243 2692 erat.
1292 2661 1340 2692 Sic
1367 2661 1478 2698 hostes,
1499 2671 1598 2701 quum
1615 2666 1743 2701 portam

464 2703 624 2736 collinam
645 2705 876 2748 praeteriiffent,
898 2716 936 2738 ex
951 2707 1038 2738 omni
1060 2715 1151 2748 parte
1167 2706 1278 2738 inclusi
1294 2708 1396 2745 fuere,
1409 2717 1428 2738 a
1445 2707 1552 2738 fronte
1566 2706 1597 2737 ὃς
1608 2711 1744 2779 adterg0>

1191 2760 1195 2761 ⁷
1653 2748 1742 2780 extr&
