1853 3158
432 272 715 322 LIBER
775 271 850 318 111.
909 273 1091 320 CAP.
1150 280 1206 320 V.

186 396 370 446 Hernici,
394 399 433 438 δὲ
453 394 555 436 male}
578 404 819 451 pugnaturn,
855 397 895 434 &
927 394 1131 434 consulem
1166 394 1468 448 exercitumque

187 454 368 505 obsideri,
386 453 688 493 nunciaverunt.
711 462 948 504 tantumque
968 463 1160 491 terrorem
1190 453 1379 492 incuffere
1395 455 1470 493 Pa·-

186 512 327 561 tribus,
346 522 389 551 ut
404 513 508 564 (quae
523 510 652 551 forma
666 509 989 550 senatusconsulti
1005 510 1156 549 ultimae
1171 509 1323 563 semper
1338 510 1472 550 neces-

186 570 307 609 sitatis
326 569 459 608 habita
475 568 548 623 est)
568 568 775 608 Postumio
797 567 909 606 alteri
930 566 1139 605 consulum
1160 568 1368 621 negotium
1401 569 1471 606 da-

186 636 310 676 retur,
351 628 410 680 (4)
450 626 597 678 Videre,
638 641 681 664 ne
712 625 802 679 quid
832 625 1024 678 respublica
1063 624 1270 663 detrimenti
1317 634 1470 677 caperet.

185 683 319 737 Ipsum
340 683 542 723 consulem
560 685 706 723 Romae
720 688 880 721 manere
911 682 960 720 ad
982 681 1287 721 conscribendos
1315 696 1472 730 omnes,

186 741 255 793 qui
270 755 376 780 arma
392 740 495 780 ferre
509 742 674 794 poffent,
694 740 893 793 optimum
913 738 1040 778 visum
1069 737 1123 777 est
1142 755 1154 786 ·,
1187 741 1246 791 (5)
1279 753 1350 792 pro
1377 754 1472 778 con-

187 798 267 838 sule
287 799 338 838 T.
362 799 605 856 Qimffium
637 797 805 837 subsidio
837 795 972 837 eastris
1008 809 1102 835 cum
1131 795 1262 835 sociali
1295 797 1473 836 exercitu

186 855 304 895 mitti.
328 857 377 895 ad
398 871 492 896 eum
513 857 756 910 explendum
779 853 927 902 Latini,
950 853 1214 905 Hernicique,
1251 856 1291 893 δε
1317 855 1473 893 colonia

190 914 361 953 Antium
384 915 476 953 dare
499 913 699 970 Qin6⁸do
716 912 924 951 subitarios
942 910 1087 951 milites
1104 911 1174 964 (ita
1192 919 1279 950 tum
1301 912 1475 965 repenti-

186 985 236 1009 na
253 971 397 1010 auxilia
414 971 683 1025 appellabant)
699 970 801 1025 juffi.
1266 976 1270 980 ”

244 1029 296 1067 V.
329 1029 452 1068 Multi
484 1043 555 1081 per
575 1042 642 1068 eos
675 1029 760 1067 dies
793 1036 927 1067 motus
961 1027 1157 1079 multique
1186 1026 1359 1079 impetus
1380 1026 1475 1066 hinc

185 1094 304 1138 atque
340 1086 448 1126 illinc
485 1086 599 1135 faeti,
642 1085 750 1139 quia,
796 1085 1004 1138 superante
1039 1085 1310 1132 multitudine,
1344 1084 1476 1124 hostes

185 1157 346 1196 carpere
383 1143 643 1183 multifariam
679 1143 781 1182 vires
818 1144 1040 1190 Romanas,
1073 1151 1116 1181 ut
1138 1156 1218 1181 non
1240 1141 1477 1182 suffecturas

184 1202 235 1240 ad
266 1201 415 1249 omnia,
446 1200 609 1255 aggreffi
636 1200 738 1240 sunt.
762 1201 875 1239 simul
897 1199 1020 1239 castra
1050 1198 1400 1253 oppugnabantur,
1432 1200 1477 1238 s1-=

186 1259 271 1296 mul
306 1273 396 1312 pars
434 1257 632 1298 exercitus
664 1259 713 1297 ad
751 1258 1026 1311 populandum
1063 1272 1204 1311 agrum
1241 1257 1477 1296 Romanum

186 1316 313 1365 missa,
345 1315 565 1369 urbemque
583 1316 722 1369 ipsam,
755 1316 779 1354 {i
803 1330 880 1367 qua
899 1315 1060 1354 fortuna
1082 1316 1207 1362 daret,
1229 1316 1474 1353 tentandam.

187 1373 235 1411 L.
270 1374 454 1413 Valerius
477 1375 525 1413 ad
558 1374 781 1426 praesidium
814 1372 922 1411 urbis
957 1371 1148 1419 relietum
1180 1371 1317 1410 consul
1339 1371 1479 1411 Postu-

188 1430 292 1468 mius
323 1431 373 1469 ad
392 1431 581 1470 arcendas
611 1430 888 1483 populationes
911 1428 1052 1467 finium
1076 1429 1222 1468 miffus.
1282 1428 1397 1468 Nihil
1418 1443 1481 1469 re*

189 1488 345 1526 missum
382 1487 430 1527 ab
453 1488 530 1526 ulla
565 1498 675 1540 parte
710 1501 816 1526 curae
852 1496 920 1525 aut
953 1486 1110 1525 laboris.
1131 1486 1276 1540 vigiliae
1295 1486 1335 1524 in
1368 1486 1480 1534 urbe,

189 1545 375 1584 stationes
408 1554 498 1584 ante
520 1554 666 1597 portas,
698 1544 953 1597 praesidiaque
986 1544 1026 1582 in
1048 1544 1172 1583 muris
1194 1543 1389 1596 disposita,
1425 1546 1481 1591 &,

189 1603 297 1654 quod
319 1603 468 1641 necesse
485 1611 568 1641 erat
596 1602 636 1639 in
665 1612 777 1640 tanto
798 1601 992 1649 tumultu,
1020 1600 1218 1654 justitium
1239 1612 1309 1653 per
1328 1601 1481 1653 aliquot

188 1660 272 1698 dies
293 1659 503 1698 servatum.
564 1658 729 1697 Interim
761 1659 800 1696 in
837 1657 971 1697 castris
992 1658 1136 1696 Furius
1169 1658 1321 1706 consul,
1353 1672 1479 1710 quum

188 1715 321 1770 primo
352 1717 511 1768 quietus
532 1715 775 1755 obsidionem
805 1715 931 1768 passus
952 1715 1061 1766 effet,
1093 1715 1133 1753 in
1156 1715 1362 1754 incautum
1391 1715 1482 1754 hos—

188 1783 270 1813 tem
293 1776 353 1828 (1)
376 1774 597 1814 decumam&
618 1772 731 1826 port&
751 1773 897 1825 erupit,
923 1775 977 1821 Sc,
1000 1786 1126 1825 quum
1144 1771 1324 1825 persequi
1341 1774 1480 1826 posset,

189 1842 299 1870 metu
315 1831 497 1881 substitit,
519 1845 567 1869 ne
590 1845 683 1883 qua,
714 1844 760 1869 ex
777 1839 886 1883 parte
909 1831 1045 1878 alterfi,
1068 1830 1107 1868 in
1129 1829 1254 1869 castra
1275 1830 1332 1869 vis
1354 1830 1478 1869 fieret.

189 1890 356 1928 Furium
380 1890 553 1943 legatum
574 1887 713 1941 (frater
735 1888 839 1926 idem
863 1887 1035 1926 consulis
1063 1890 1164 1941 erat)
1186 1885 1345 1941 longius
1367 1898 1482 1927 extu-

190 1947 235 1985 lit
268 1946 429 1986 cursus:
460 1960 533 1985 nec
556 1945 645 1985 suos
681 1946 744 1984 ille
781 1946 1011 1994 redeuntes,
1043 1944 1302 1998 persequendi
1334 1945 1482 1996 studio,

191 2018 321 2057 neque
341 2003 514 2043 hostium
537 2007 585 2044 ab
608 2013 719 2057 tergo
736 2001 939 2042 incursum
957 2003 1067 2041 vidit.
1091 2003 1143 2041 ita
1161 2002 1358 2052 exclusus,
1379 2005 1483 2042 mul*—

190 2062 241 2101 tis
262 2062 362 2114 saepc
384 2060 526 2100 frustra
562 2061 768 2099 conatibus
801 2060 942 2112 captis,
975 2070 1018 2098 ut
1051 2060 1155 2099 viam
1189 2059 1256 2099 fibi
1288 2061 1337 2099 ad
1359 2061 1484 2099 castra

192 2119 354 2167 faceret,
387 2119 528 2158 acriter
549 2118 743 2157 dimicans
765 2118 921 2157 cecidit.
982 2117 1034 2156 Et
1051 2117 1203 2165 consul,
1236 2118 1385 2157 nuncio
1407 2119 1484 2158 cir-

192 2178 395 2216 cumventi
430 2175 562 2216 fratris
599 2175 810 2216 conversus
843 2176 892 2215 ad
926 2189 1117 2229 pugnam,
1149 2175 1246 2215 dum
1276 2174 1312 2214 se
1335 2185 1485 2214 temere

1341 2246 1484 2288 magis,

193 2354 220 2381 in
237 2352 339 2394 hostem,
355 2351 374 2381 l.
398 2351 448 2382 28.
473 2362 497 2382 c.
524 2362 571 2389 14.
617 2351 671 2392 (4)
695 2352 741 2381 Eo
764 2351 1035 2382 senatusconsulto
1059 2351 1179 2381 summa
1208 2360 1317 2381 rerum
1341 2349 1486 2380 omnium

195 2396 329 2436 potestas
354 2396 533 2426 consulibus
557 2396 812 2437 permittebatur.
861 2398 963 2426 Porro
988 2399 1120 2437 nsgalium
1137 2398 1238 2432 videre,
1253 2396 1366 2425 eodem
1389 2394 1486 2424 modo

192 2440 316 2470 dicium
331 2441 381 2476 est,
391 2451 456 2480 quo
468 2441 547 2481 saepe
564 2440 676 2471 Livius
693 2441 825 2470 vocibus
842 2449 955 2482 tempus,
972 2442 1116 2483 consilinm,
1139 2439 1354 2479 similibusque
1381 2438 1486 2468 infini-

194 2485 298 2515 tivum
323 2485 491 2526 subjunxit.
536 2486 591 2526 (5)
617 2486 691 2515 Hcec
721 2485 824 2526 prima
859 2484 1056 2525 proconsulis
1084 2485 1206 2515 mentio
1234 2483 1374 2515 occurrit
1399 2484 1486 2524 apud

198 2530 336 2560 Litium.

240 2594 273 2623 C.
288 2603 315 2630 5.
332 2592 383 2633 (1)
402 2592 508 2623 Castra
527 2594 671 2622 Romana
685 2592 852 2631 quadrata,
864 2600 898 2622 ut
914 2592 1100 2633 plurimum,
1113 2594 1219 2629 fuere3
1236 2591 1335 2631 iisque
1346 2598 1485 2631 quatuor

193 2645 283 2667 crant
312 2646 431 2677 potue:
459 2648 573 2677 nempe
596 2640 742 2677 pra-laria,
765 2647 832 2676 qure
864 2639 996 2667 Pru-*torio
1024 2637 1181 2677 proximu,
1207 2638 1237 2666 8<
1260 2636 1349 2666 versa
1366 2635 1397 2665 in
1415 2635 1485 2664 hos-

195 2690 258 2711 tem
275 2681 353 2721 (alio
378 2681 508 2711 nomine
533 2684 757 2711 extraordinaria
774 2680 871 2717 dicta,
894 2682 957 2712 vid.
972 2681 1055 2711 infra}
1072 2691 1123 2719 40.
1136 2693 1160 2712 c.
1180 2682 1263 2720 27.);
1287 2681 1319 2711 in
1333 2679 1485 2710 lateribus

186 2729 350 2767 ‚fwrfw‘pulsi
367 2727 449 2761 dux,
473 2727 584 2758 dextra
602 2727 631 2757 δε
650 2725 778 2764 sinistra,
802 2725 865 2758 vid.
883 2726 969 2760 iuss&
986 2727 1002 2757 l.
1022 2736 1071 2765 34.
1094 2737 1118 2758 c.
1135 2726 1182 2765 46.
1205 2725 1344 2764 denique
1361 2736 1396 2754 ea
1413 2731 1483 2762 quae

1297 2767 1485 2800 averliffima
