1905 3168
169 315 223 356 54
845 295 1212 337 T.L1V11

381 410 490 464 jura,
519 415 563 447 ut
590 405 760 461 publicis
793 405 939 459 pariter
960 420 1004 445 ac
1037 405 1198 459 privatis
1219 405 1388 447 confiliis
1418 405 1522 447 bello
1542 407 1673 448 dorni-

387 482 463 520 que
498 465 716 504 interefl'et:
762 466 817 512 ἃ,
848 477 918 517 per
944 465 1078 503 omnia
1100 473 1300 517 expertus,
1331 464 1531 518 postremo
1563 475 1672 506 tutor

385 525 506 562 etiam
529 522 661 562 liberis
682 522 786 576 regis
806 521 1041 561 testamento
1063 521 1344 561 institueretur.

168 594 299 625 Moritur
444 580 621 619 XXXV.
655 579 856 634 Regnavit
872 579 1012 619 Ancus
1030 592 1153 618 annos
1171 588 1340 632 quatuor
1356 582 1396 620 δε
1409 579 1564 635 viginti,
1587 580 1672 620 cui-

167 641 269 671 Ancus·
386 637 482 678 libet
498 637 746 690 superiorum
763 650 902 691 regum
923 636 1015 676 belli
1037 636 1222 690 pacisque
1247 639 1283 677 ὃς
1317 636 1467 677 artibus
1491 641 1528 679 δι
1548 637 1674 692 gloriii

385 710 468 748 par.
526 696 618 748 Jam
652 694 723 734 filii
754 708 876 748 prope
913 693 1104 748 puberem
1135 704 1293 733 aetatem
1321 703 1445 733 erant.
1475 693 1524 734 eo
1546 695 1673 748 magis

383 753 631 806 Tarquinius
648 752 807 801 instare,
829 761 872 791 ut
894 750 1014 804 quem
1029 750 1206 804 primum
1224 751 1385 791 comitia
1401 752 1484 806 regi
1501 753 1674 791 creando

386 810 540 851 fierent.
602 809 762 867 Qibus
777 809 954 857 indietis,
986 808 1055 848 sub
1073 817 1231 862 tempus
1246 822 1391 861 pueros
1407 819 1595 848 venatum
1612 811 1675 862 (1)

386 868 592 922 ablegavit.
616 867 725 920 isque
758 867 911 920 primus
944 869 983 907 δε
1020 865 1153 920 petiffe
1188 863 1391 905 ambitiose
1413 880 1600 920 regnum,
1633 869 1677 906 δι’

172 959 203 988 ‘T
277 960 283 967 .
305 960 311 966 .
386 927 608 965 orationem
636 925 782 965 dicitur
808 924 981 964 habuiffe
1004 924 1052 962 ad
1081 924 1351 964 conciliandos
1372 922 1498 976 plebis
1519 923 1675 962 animos

167 971 347 1044 reZZZZZr-
385 984 670 1036 compositam:
701 985 763 1036 (2)
785 996 926 1034 quum,
944 983 988 1036 st
1019 997 1087 1020 non
1122 997 1197 1020 rem
1219 996 1349 1020 novam
1370 990 1518 1033 petere:
1549 982 1677 1035 quippe

171 1039 220 1079 ῥέε.
385 1043 449 1095 qui
470 1056 536 1080 non
549 1042 712 1093 primus,
743 1040 838 1093 quod
853 1040 1039 1094 qug'sqzmm
1060 1039 1248 1092 indignari
1276 1040 1457 1078 mirarive
1469 1038 1591 1093 pssffi't’
1607 1037 1680 1095 sed

385 1100 517 1138 tertius
537 1098 662 1138 Romae
674 1098 894 1151 peregrinus
914 1112 1065 1150 regnum
1085 1096 1227 1152 tffiHet
1239 1114 1251 1135 .·
1296 1097 1347 1138 {5³
1370 1095 1523 1135 Tatium
1545 1110 1612 1134 non
1632 1111 1676 1134 ex

380 1157 574 1210 peregrino
594 1154 731 1210 fhthm,
749 1155 821 1210 sed
848 1156 956 1194 etiam
975 1170 1018 1193 ex
1044 1154 1149 1209 hqste,
1180 1169 1298 1208 regem
1304 1154 1485 1209 fufium.-
1520 1153 1572 1194 ἅθ’
1587 1153 1678 1192 Nu-

387 1229 501 1262 mam,
532 1215 705 1267 ignarmn
722 1213 839 1263 urbis,
871 1228 937 1251 non
950 1220 1146 1265 petentem,
1167 1213 1206 1250 in
1228 1227 1379 1266 regnum
1396 1212 1492 1250 ultro
1506 1212 1674 1250 accitum.

391 1271 447 1319 Se,
479 1287 522 1311 ex
551 1271 690 1324 quosui
701 1278 827 1322 potens
833 1270 978 1326 fuerzt
1011 1270 1170 1309 Romam
1190 1285 1271 1311 cum
1292 1285 1438 1323 coryuge
1456 1269 1679 1325 acfortunis

389 1329 550 1368 ommibus
564 1328 829 1382 commigrqffi’:
862 1329 1033 1381 majorem
1047 1336 1194 1380 partem
1225 1328 1340 1367 aetatis
1359 1329 1452 1381 ejus,
1482 1328 1557 1380 qud
1585 1342 1679 1365 czvz-

387 1386 480 1424 libus
495 1384 617 1441 qfficns
623 1385 847 1440 fungantur
865 1385 1036 1432 homines,
1068 1385 1256 1438 Romaest,
1287 1387 1398 1437 quizm
1419 1385 1458 1422 in
1478 1392 1598 1422 vetere
1605 1393 1677 1436 pa-

388 1445 483 1491 trid,
514 1443 650 1498 vixff’·
664 1442 759 1481 domi
779 1442 1061 1495 militiaequeficb
1080 1441 1181 1480 haud
1199 1444 1260 1495 (3)
1274 1441 1476 1493 poenitendo
1497 1441 1678 1495 maggstro,

387 1501 455 1554 ipſs
471 1500 574 1539 Anco
595 1515 689 1553 rege,
712 1500 882 1538 Romana
890 1500 934 1553 se
941 1501 1055 1552 jura,
1078 1498 1261 1540 Romanos
1281 1500 1378 1538 ritus
1397 1498 1561 1554 didicff’.
1605 1497 1681 1537 Ob-

374 1560 500 1612 stqztio
522 1557 574 1599 &Y
600 1558 828 1612 observantie}
848 1558 887 1595 in
903 1572 1022 1611 regem
1046 1572 1128 1596 cum
1148 1557 1322 1605 omnibus,
1353 1557 1571 1610 benignitate
1589 1571 1678 1609 erga

385 1617 474 1654 alios
489 1630 570 1655 cum
591 1630 673 1668 rege
692 1615 759 1668 ipſs
774 1615 927 1670 certaffe.
990 1614 1092 1654 Haec
1108 1627 1202 1654 eum
1216 1612 1324 1653 haud
1341 1613 1436 1653 falsa
1454 1627 1680 1652 memoran-

169 1678 338 1717 U.c.138-
387 1682 470 1712 tem
502 1672 656 1727 ingenti
691 1671 884 1711 consensu
915 1672 1087 1725 populus
1120 1671 1333 1711 Romanus
1363 1685 1528 1735 regnare
1557 1670 1695 1726 juffit..

166 1723 346 1776 A·,C‚·⁶¹4·
386 1730 494 1784 Ergo
514 1731 663 1780 virum,
696 1738 825 1769 cetera
861 1729 1085 1783 egregium,
1116 1728 1265 1778 secuta,
1298 1742 1418 1781 quam
1445 1728 1485 1767 in
1506 1729 1680 1781 petendo

170 1771 301 1810 El‘gm‘r‘
385 1788 594 1836 habuerat,
625 1787 746 1827 etiam
752 1796 1004 1855 regnantem
1030 1784 1195 1825 ambitio
1222 1785 1292 1825 est.
1315 1800 1388 1825 nec
1410 1784 1545 1826 minus
1566 1786 1680 1840 regni

387 1844 445 1884 sui
462 1844 663 1894 firmandi,
694 1842 816 1897 quiim
839 1844 1031 1898 augendae
1047 1843 1290 1907 reipublicae,
1313 1857 1485 1894 memor,
1515 1853 1680 1883 centum

386 1902 428 1941 in
449 1902 586 1941 Patres
622 1902 746 1956 legit3
780 1902 848 1954 qui
884 1901 1027 1940 deinde
1064 1901 1267 1940 minorum
1290 1903 1351 1954 (4)
1372 1901 1553 1955 gentium
1589 1900 1680 1939 sunt

385 1960 596 2014 appellati:
627 1959 752 1998 suerio
774 1961 835 2013 (5)
855 1957 963 1997 haud
985 1957 1105 1998 dubia
1125 1958 1247 2012 regis,
1278 1959 1394 2012 cujus
1421 1957 1647 1997 beneficio
1638 1972 1680 1996 111

386 2018 538 2057 curiam
555 2025 758 2056 venerant.
820 2017 977 2055 Bellum
999 2016 1175 2068 primum
1197 2029 1290 2055 cum
1313 2016 1466 2055 Latinis
1487 2014 1614 2070 gestit,
1639 2017 1677 2054 δε

385 2075 580 2128 oppidum
616 2074 667 2114 ibi
702 2073 869 2126 Apiolas
903 2073 942 2111 vi
975 2072 1105 2126 cepit:
1136 2073 1349 2126 praedfique
1386 2074 1477 2112 inde
1514 2074 1680 2127 majore,

385 2146 507 2185 quam
526 2141 674 2184 quanta
689 2130 781 2170 belli
804 2130 910 2169 fama
933 2130 1079 2179 fuerat,
1111 2129 1283 2180 revecta,
1305 2131 1427 2172 ludos
1449 2128 1680 2183 opulentius

385 2187 710 2253 instructiusque,
732 2189 854 2240 quzim
876 2187 1027 2252 priores
1048 2201 1178 2241 reges,
1201 2186 1405 2226 fecit.'1
1411 2201 1478 2226 um
1500 2186 1679 2240 primum

384 2247 507 2295 circo,
539 2246 609 2299 qui
644 2259 751 2286 nunc
784 2245 983 2285 maximus
1016 2244 1176 2294 dicitur,
1207 2245 1431 2300 designatus
1463 2245 1575 2285 locus
1608 2244 1678 2283 est

1590 2303 1679 2345 loca

168 1995 276 2024 Bellum
295 2007 351 2026 cum

165 2040 287 2070 Latinis.

432 2423 468 2453 C.
482 2431 499 2460 3
503 2430 532 2459 5.
549 2421 602 2462 (1)
618 2421 765 2452 Verbum
776 2420 904 2463 ablegare
919 2419 1065 2462 inprimis
1077 2419 1261 2460 usurpatur,
1279 2418 1334 2450 ubi
1346 2418 1517 2450 amolimur
1529 2417 1678 2459 aliquem,

386 2477 428 2497 ne
444 2466 540 2496 taedio
562 2466 613 2496 vel
640 2465 870 2506 impedimento
887 2465 932 2496 fit.
980 2466 1032 2506 (2)
1049 2467 1118 2496 Aut
1135 2464 1329 2497 eliminanda
1349 2464 1391 2495 est
1414 2463 1572 2505 particula
1588 2476 1678 2503 quum,

387 2518 442 2541 aut
464 2510 720 2542 subaudiendum
735 2513 841 2540 diceret.
886 2511 1041 2550 Suspensa
1067 2510 1195 2540 videtur
1221 2508 1325 2540 oratio
1352 2509 1452 2549 usque
1482 2509 1523 2538 ad
1550 2509 1603 2537 haec
1623 2520 1677 2537 me-

384 2562 542 2585 morantem.
600 2555 706 2585 Credo
735 2554 867 2585 Livium
896 2553 1029 2585 voluiss‘e
1059 2554 1175 2591 dicere,
1207 2559 1522 2594 quum....memoraret;
1563 2551 1679 2582 deinde

386 2601 524 2630 formam
551 2598 706 2629 orationis
732 2599 881 2636 mutaffe,'
897 2606 1032 2640 propter
1062 2598 1217 2640 plurimas
1234 2609 1282 2628 res
1309 2597 1519 2639 interpositas.
1542 2598 1576 2626 Ε.
1624 2597 1677 2636 (3)

388 2644 486 2675 {Haud
518 2642 610 2684 parvi
642 2642 835 2680 aestimand0‚
864 2644 884 2674 i.
910 2655 936 2674 e.
967 2643 1081 2684 magni.
1142 2644 1195 2684 (4)
1228 2645 1369 2673 Senatores
1400 2645 1530 2672 minorum
1556 2644 1678 2682 gentium

386 2688 539 2728 appellati
570 2688 653 2724 sunt,
685 2687 761 2728 quia
787 2699 804 2719 e
831 2688 925 2728 plebe
955 2687 1061 2718 allecti
1093 2690 1232 2723 fuerant,
1265 2687 1371 2728 primo
1401 2686 1435 2716 in
1466 2684 1676 2726 patriciorum

386 2731 543 2768 ordinem,
568 2731 683 2763 deinde
710 2732 744 2762 in
760 2732 912 2763 senatum.
957 2733 1051 2763 Tunc
1076 2740 1294 2763 trecentorum
1321 2732 1503 2762 senatorum
1524 2740 1676 2760 numerus

385 2778 531 2818 expletus
561 2777 613 2809 cst.
655 2776 710 2819 (5)
728 2777 827 2809 Haud
850 2776 947 2809 dubie
977 2779 1088 2809 futura
1114 2776 1214 2809 fae‘tio
1241 2775 1332 2819 regis,
1366 2775 1429 2818 quii
1449 2787 1559 2818 regnam
1592 2773 1676 2804 illius

1499 2820 1673 2863 firmaretzvz
