1905 3168
163 553 345 593 Pop.R0m.1‘

842 299 894 338 T.
955 297 1208 339 LIVII

382 413 444 464 (4)
466 417 614 450 temere
635 409 709 450 effe
722 408 874 449 rentur.
934 409 1022 450 Nec
1038 410 1234 450 minorem
1260 418 1417 450 motum
1445 409 1670 450 animorum

383 469 526 507 Romae
544 477 626 506 tam
658 476 769 506 atrox
784 480 846 506 res
863 466 973 515 facit,
1005 481 1127 520 quam
1149 467 1328 507 Collatiae
1344 467 1503 507 fecerat.
1565 467 1672 521 Ergo

380 539 427 564 ex
445 524 632 564 omnibus
646 524 743 564 locis
760 523 891 564 urbis
883 538 922 563 m
937 523 1071 563 forum
1086 524 1270 564 curritur.
1331 522 1429 589 Qo
1448 525 1560 564 simul
1577 538 1683 564 ven-t

165 596 327 636 τηωηιω
380 592 468 621 tum
500 582 570 631 est,
602 596 733 635 praeco
769 588 818 621 ad
854 581 1060 621 tribunum
1083 585 1142 636 (5)
1165 581 1369 630 Celerum,
1401 596 1442 621 m
1477 596 1559 635 quo
1584 591 1672 620 tum

198 644 249 671 nit„
250 649 313 672 ztur.

382 639 614 694 magistratu
648 636 750 678 forte
785 639 933 682 Brutus
970 649 1068 689 erat,
1099 641 1293 693 populum
1331 640 1549 679 advocavit.
1610 638 1674 678 Ibi

382 697 510 737 oratio
526 696 677 748 habita,
709 710 965 749 nequaquam
989 697 1074 751 ejus
1092 697 1296 749 pectoris
1288 696 1531 750 ingeniique,
1563 696 1672 749 quod

383 755 611 794 simulatum
648 755 697 793 ad
732 768 819 793 eam
857 755 963 793 diem
1000 753 1145 802 fuerat,
1176 755 1224 792 de
1245 754 1283 792 vi
1305 768 1349 792 ac
1387 753 1548 793 libidine
1579 754 1673 793 Sex.

381 812 609 865 Tarquinii,
631 813 679 851 de
694 811 828 864 stupro
850 811 1016 850 infando
1038 810 1237 850 Lucretiae
1260 814 1299 851 ὃ(
1323 809 1532 849 miserabili
1550 811 1674 860 caede,

382 871 431 910 de
467 869 635 909 orbitate
659 870 719 922 (6)
738 868 983 921 Tricipitini,
1014 868 1079 907 cui
1112 877 1240 906 morte
1276 866 1368 907 filiae
1389 867 1504 907 causa
1534 868 1675 907 mortis

382 926 584 981 indignior
601 941 645 966 ac
663 925 921 965 miserabilior
936 925 1040 965 esset.
1059 925 1191 964 addita
1212 923 1392 978 superbia
1413 924 1531 977 ipsius
1556 924 1676 978 regis,

382 984 630 1037 miseriaeque
661 982 871 1024 &labores
902 982 1042 1036 plebis,
1074 983 1114 1022 in
1136 981 1251 1021 {offas
1273 981 1504 1035 cloacasque
1525 981 1677 1021 exhau-

383 1042 541 1081 riendas
567 1039 770 1081 demersae.
831 1041 1015 1080 Romanos
1034 1040 1204 1089 homines,
1236 1040 1390 1079 υἱὲῗονω
1421 1040 1580 1080 omnium
1601 1040 1676 1077 cir-

382 1100 428 1140 εέι
462 1099 691 1152 populorum,
750 1097 887 1152 opflces
925 1114 968 1137 ac
1007 1097 1181 1150 lapicidas
1215 1107 1284 1150 pro
1324 1097 1550 1137 bellatoribus
1583 1096 1681 1152 fac-

382 1166 446 1196 tos.
507 1156 677 1210 Indigna
708 1155 793 1196 Ser.
815 1152 940 1194 Tullii
975 1155 1078 1209 regis
1109 1164 1328 1194 memorata
1360 1155 1505 1203 caedes,
1539 1157 1579 1194 &
1617 1153 1677 1192 in-

382 1214 498 1255 veE‘ca
534 1211 691 1267 corpori
724 1212 850 1266 patris
867 1212 1042 1252 nefando
1062 1212 1247 1252 vehiculo
1284 1211 1391 1260 filia,
1423 1211 1676 1263 invocatique

384 1273 533 1311 ultores
550 1280 763 1325 parentum
780 1270 864 1310 Dii.
925 1269 1003 1310 His
1020 1269 1374 1323 atrocioribusque,
1406 1269 1542 1320 credo,
1575 1268 1676 1316 aliis,

382 1343 473 1381 quae
496 1331 556 1382 (7)
578 1327 749 1381 praesens
785 1331 920 1366 rerum
954 1327 1169 1381 indignitas
1203 1326 1516 1380 haudquaquam
1548 1326 1676 1365 relatu

383 1384 640 1439 scriptoribus
672 1384 804 1424 facilia
832 1384 1002 1448 subjicit,
1033 1384 1279 1432 memoratis,
1311 1383 1511 1423 incensam
1542 1383 1678 1422 multi-

383 1444 565 1483 tudinem
582 1441 771 1496 perpulit,
803 1451 847 1480 ut
864 1442 1078 1495 imperium
1095 1441 1179 1496 regi
1193 1441 1415 1496 abrogaret,
1446 1440 1677 1493 exsulesque

383 1501 457 1541 effe
475 1500 635 1555 juberet
650 1499 699 1539 L.
720 1498 991 1552 Tarquinium
1012 1510 1106 1538 cum
1132 1499 1303 1554 conjuge
1332 1510 1376 1538 ac
1397 1497 1543 1538 liberis.
1575 1496 1680 1551 Ipse,

378 1557 623 1614 junioribus,
655 1557 724 1610 qui
762 1558 866 1596 ultro
895 1557 1058 1596 nomina
1087 1555 1249 1607 dabant,
1279 1555 1396 1596 lectis
1423 1554 1677 1608 armatisque,

383 1617 434 1656 ad
455 1615 742 1656 concitandum
764 1614 856 1654 inde
878 1611 1067 1654 adversus
1083 1619 1220 1678 regem
1235 1614 1474 1662 exercitum,
1497 1613 1677 1653 Ardeam

382 1672 424 1712 in
446 1673 570 1713 castra
590 1672 646 1712 est
663 1670 897 1725 pro3fe6tus
930 1671 1143 1725 imperium
1160 1671 1201 1710 in
1223 1671 1320 1710 urbe
1340 1670 1546 1720 Lucretio,
1578 1684 1679 1723 praea

383 1730 493 1771 ἷεὲὶο
517 1733 576 1785 (8)
600 1729 740 1769 urbis*
725 1743 809 1784 jam
827 1726 917 1768 ante
939 1728 986 1768 ab
1003 1743 1095 1784 rege
1113 1728 1307 1777 instituto,
1328 1727 1530 1781 relinquit.
1568 1726 1681 1766 Inter‘

382 1787 492 1828 hun'c
507 1789 728 1827 tumultum
741 1786 877 1826 Tullia
894 1787 1014 1826 domo
1032 1785 1227 1840 profugit,
1248 1785 1556 1833 exsecrantibus,
1579 1799 1677 1838 qua-

382 1859 544 1910 cunque
578 1836 826 1892 incedebat,
847 1843 1200 1897 invocantibusque
1236 1852 1447 1897 parentum
1470 1845 1530 1897 (9)
1552 1841 1678 1882 furiae

383 1904 477 1943 viris
499 1901 823 1954 mulieribusque.

443 1961 532 2000 LX.
564 1961 724 1999 Harum
746 1972 881 1998 rerum
909 1959 1066 1999 nunciis
1084 1959 1124 1998 in
1146 1958 1270 1999 castra
1287 1958 1462 2012 perlatis,
1492 1972 1618 2011 quum
1636 1968 1681 1996 re*

386 2017 486 2058 nova
502 2018 680 2071 trepidus
693 2031 760 2055 rex
782 2019 963 2070 pergeret
985 2017 1161 2056 Romam
1179 2017 1227 2056 ad
1249 2016 1573 2069 comprimendos
1591 2030 1677 2054 mo-

385 2086 464 2124 tus,
497 2076 606 2115 flexit
627 2075 732 2114 viam
755 2075 921 2124 Brutus,
954 2074 1139 2127 (senserat
1156 2073 1263 2113 enim
1280 2075 1515 2127 adventum)
1536 2088 1585 2112 ne
1607 2073 1679 2112 ob-

385 2133 472 2173 vius
506 2133 644 2180 fieret3
676 2132 899 2183 eodemque
921 2132 1003 2171 fere
1040 2142 1234 2184 tempore,
1265 2131 1426 2172 diversis·
1454 2130 1677 2178 itineribus,

387 2191 535 2231 Brutus
572 2191 763 2238 Ardeam,
792 2189 1039 2242 Tarquinius
1082 2189 1273 2238 Romam,
1304 2197 1513 2227 venerunt.
1574 2188 1677 2227 Tar-

386 2308 418 2338 ὃς
432 2306 523 2348 regiis
538 2305 717 2348 juvenibus.
763 2306 817 2346 (4)
841 2308 972 2343 Putant,
995 2305 1148 2346 quicquid
1175 2306 1304 2336 tandem
1329 2304 1409 2335 illud
1436 2303 1482 2340 fit,
1505 2303 1592 2334 haud
1614 2303 1677 2335 fine

385 2353 479 2383 causa}
501 2352 577 2382 fieri.
623 2352 677 2392 (5)
702 2352 894 2382 Praefectum
919 2351 1063 2391 equitum
1076 2361 1154 2391 quos
1180 2353 1274 2380 celeres
1291 2349 1459 2380 vocabant.
1476 2348 1548 2378 Vid.
1572 2349 1676 2389 supra.

385 2409 409 2427 c.
430 2406 478 2435 13.
524 2396 579 2436 (6)
602 2398 651 2436 Sp.
664 2395 807 2426 Lucretii
823 2397 853 2425 T
856 2395 1017 2436 ricipitini.
1061 2396 1117 2437 (7)
1142 2396 1221 2437 Qiae
1239 2393 1444 2435 praesentibus
1461 2393 1591 2433 quidem
1608 2393 1677 2434 sug-

383 2441 464 2482 gerit
492 2452 599 2471 rerum
623 2440 804 2481 indignitas,
829 2448 861 2471 at
879 2451 1081 2480 nequaquam
1108 2440 1179 2470 sunt
1207 2440 1308 2470 relatu
1337 2437 1546 2479 scriptoribus
1563 2437 1675 2468 facilia.

384 2485 439 2525 (8)
464 2488 615 2526 PraeseHus
632 2487 705 2515 urbis
733 2484 793 2519 fuit
822 2485 1019 2525 magistratus
1043 2483 1326 2520 extraoidinarius,
1348 2482 1403 2523 qui
1421 2494 1478 2524 per
1500 2481 1675 2512 absentiam

385 2530 465 2572 regis
487 2530 694 2561 consulumve
717 2529 946 2570 rempublicam
970 2529 1211 2560 administraret.
1228 2529 1263 2559 ld
1280 2528 1450 2564 servatum,
1473 2528 1575 2557 donec
1592 2538 1673 2567 prm-

385 2579 470 2605 torcs
486 2574 585 2607 creari
604 2574 698 2615 coepti
721 2574 809 2604 sunt·
804 2598 809 2603 .
835 2582 903 2604 tum
916 2574 1011 2611 enim,
1034 2573 1216 2604 absentibus
1229 2572 1420 2608 consulibus,
1432 2579 1539 2614 praetor
1555 2573 1674 2601 urbanus

385 2619 617 2655 omniaeorum
634 2619 742 2649 munia
771 2618 900 2656 obibat3
924 2618 980 2649 nisi
994 2620 1093 2658 quod,
1110 2618 1272 2649 Feriarum
1284 2617 1475 2648 Latinarum
1492 2615 1584 2647 causa
1598 2627 1672 2657 pro-

384 2664 476 2694 scetis
492 2663 524 2693 in
541 2671 684 2694 montem
712 2663 875 2694 Albanum
902 2663 1094 2699 consulibus,
1117 2664 1286 2703 praefed'tus
1314 2661 1387 2692 urbi
1413 2660 1673 2691 constituebatur.

384 2708 639 2739 Vid.Tac.Ann.
653 2707 681 2739 6.
701 2718 748 2740 η,
794 2708 850 2749 (9)
874 2707 981 2739 Furia><
998 2707 1126 2740 ulzrices
1138 2707 1292 2739 scelerum
1308 2718 1326 2738 a
1349 2705 1456 2738 liberis
1475 2704 1509 2736 in
1526 2712 1674 2746 parentes

385 2752 627 2787 commifforum.
1634 2791 1642 2798 ·

1533 2792 1670 2847 quinio
