1832 3137
412 259 1223 308 LIBERII.CAP.LXI.
1612 274 1682 314 161

177 373 326 413 ducem
356 371 540 413 Patribus
570 386 732 425 quoque
765 373 955 426 placatior
985 376 1183 416 exercitus
1213 377 1356 426 rediit3
1401 378 1465 419 fibi

179 440 400 484 parentem,
442 429 555 469 alteri
588 429 780 469 exercitui
813 431 1025 472 dominum
1058 434 1198 473 datum
1232 435 1280 475 ab
1317 435 1469 485 senatu,

179 501 417 532 memorans.
480 485 603 528 Varia
634 486 797 527 fortuna
831 487 938 537 belli,
979 491 1103 530 atroci
1134 492 1328 537 discordia
1359 495 1468 533 domi

178 544 352 599 forisque
373 558 523 584 annum
545 544 750 595 exafifflm,
782 545 973 600 insignem
1005 549 1178 589 maxime
1207 551 1368 590 comitia
1399 552 1469 591 tri-

179 601 275 642 buta
295 602 501 650 efficiunt,
535 604 593 656 (2)
615 616 677 642 res
698 604 827 658 major
847 604 1016 643 vietoria
1037 606 1203 659 suscepti
1225 609 1467 658 certaminis,

176 659 300 712 quam
328 659 413 699 usu.
444 661 534 716 plus
553 659 661 700 enim
683 661 886 715 dignitatis
919 662 1090 703 comitiis
1123 665 1211 717 ipsis
1238 667 1467 707 detraemm

176 717 247 766 est,
276 716 461 757 Patribus
483 719 531 762 ex'
560 718 729 758 concilio
751 718 1046 768 submovendis,
1079 721 1201 773 quam
1222 723 1366 762 virium
1399 735 1467 764 aut
1486 759 1516 788 U
1541 768 1558 788 c
1585 757 1624 789 23

174 773 282 829 plebi
303 775 485 814 additum
506 775 579 826 est,
611 785 679 815 aut
700 777 909 830 demptum
932 777 1127 818 Patribus.
1485 781 1525 832 A]
1544 781 1581 834 C
1595 770 1669 840 464&

229 831 341 871 LXI.
372 832 664 875 Turbulentior
698 833 791 873 inde
828 849 955 875 annus
989 836 1160 889 excepit,
1201 837 1249 876 L.
1285 839 1463 888 Valerio,
1482 849 1519 877 L.
1532 847 1662 878 Valerio

172 888 238 937 Ti.
261 889 431 929 AEmilio
460 890 703 940 consulibus,
736 889 830 931 cum
852 902 1016 947 propter
1036 895 1254 934 certamina
1276 897 1463 936 ordinum
1484 892 1683 943 1,1-Ti·AE‚mi‘

172 948 223 986 de
250 948 336 1002 lege
359 948 524 1002 agraria,
548 958 643 994 ,tum
664 959 827 1007 propter
843 951 1043 1006 judicium
1066 952 1146 1005 Ap.
1170 952 1353 993 Claudii:
1385 955 1464 1003 cui,
1483 936 1527 967 ¹¹⁰
1545 938 1625 968 Cofl.

172 1005 367 1044 acerrimo
395 1005 615 1048 adversario
637 1007 750 1061 legis,
781 1008 1020 1061 causamque
1042 1010 1295 1062 poffefforum
1316 1011 1466 1064 publici

171 1061 270 1116 agri,
302 1065 364 1117 (1)
394 1073 585 1117 tanquam
614 1064 732 1104 tertio
765 1065 932 1114 consuli,
964 1066 1183 1117 sustinenti,
1215 1069 1276 1107 M.
1299 1069 1464 1110 Duilius

173 1121 215 1160 &
233 1119 280 1160 C.
303 1120 477 1161 Sicinius
495 1121 603 1161 diem
636 1122 769 1162 dixere
790 1126 866 1178 (2).
907 1124 1131 1178 Nunquam
1153 1135 1243 1165 ante
1266 1136 1347 1166 tam
1364 1127 1465 1167 invi·
1483 1140 1633 1180 Acasfiztur

171 1176 235 1221 sus
257 1178 363 1231 plebi
384 1193 475 1220 reus
502 1180 552 1219 ad
569 1179 769 1235 judicium
786 1190 950 1222 vocatus
967 1182 1104 1236 populi
1125 1183 1198 1235 est,
1229 1186 1292 1238 (3)
1322 1185 1465 1238 plenus
1483 1186 1599 1226 Appius.

169 1233 348 1291 suarum,
378 1238 520 1290 plenus
541 1248 797 1291 paternarum
819 1239 982 1280 irarum.
1040 1240 1179 1283 Patres
1195 1256 1358 1297 quoque
1382 1257 1464 1283 non

170 1301 320 1333 temere
355 1296 416 1349 (4)
448 1309 521 1348 pro
543 1296 624 1335 ullo
659 1295 774 1349 seque
795 1297 917 1337 annisi
940 1298 1054 1337 sunt:
1076 1308 1381 1352 propugnatorem
1404 1302 1466 1355 ſse-

170 1352 295 1400 natils,
327 1352 585 1408 majestatg‘sque
609 1355 789 1394 vindicem
797 1356 890 1409 suae,
920 1356 973 1395 ad
988 1371 1106 1395 omnes
1125 1358 1335 1397 tribunicios
1347 1359 1465 1411 plebe-

170 1408 285 1463 iqsque
303 1411 365 1464 (5)
387 1409 572 1465 oppqfitum
602 1413 798 1464 tumultus,
829 1413 971 1454 modum
999 1414 1182 1456 duntaxat
1208 1416 1248 1455 in
1269 1418 1466 1456 certamine

1274 1474 1463 1533 egrffml,

168 1588 222 1613 tus
250 1579 407 1626 Qinoffio
434 1594 603 1625 nunquam
631 1587 736 1617 fuerat
764 1585 873 1625 iratus.
930 1588 979 1625 De
1008 1586 1067 1618 hac
1095 1588 1196 1630 specie
1223 1588 1367 1630 ellipseos
1395 1590 1458 1622 vid.

168 1628 276 1658 Sancit.
297 1627 383 1657 Min.
410 1627 429 1658 l.
446 1640 474 1666 4.
499 1641 525 1659 c.
543 1630 570 1660 8.
594 1631 627 1659 E.
674 1631 727 1671 (2)
747 1631 928 1662 Crevierius
945 1632 1049 1663 censet
1073 1633 1140 1664 haec
1163 1644 1229 1664 non
1247 1634 1337 1665 facile
1354 1635 1460 1666 conci-

168 1670 240 1704 >iias-i
258 1671 344 1713 poffe
360 1683 434 1703 cum
450 1672 487 1705 iis
504 1684 576 1714 quae
600 1674 696 1715 supra
712 1674 835 1706 dixerat
857 1675 979 1714 Livius,
1002 1687 1071 1718 cap.
1087 1677 1139 1716 56.
1162 1688 1278 1719 nempe
1295 1679 1376 1710 hanc
1394 1690 1462 1711 rem

166 1717 242 1746 haud
257 1724 383 1758 parmam
409 1716 479 1754 effe,
511 1719 543 1748 δε
564 1722 695 1760 patriciis
721 1733 820 1750 omnem
842 1722 996 1763 potssatem
1019 1726 1130 1752 creandi
1152 1735 1212 1763 quos
1237 1725 1321 1753 vellet
1342 1726 1462 1756 tribunos

167 1763 288 1801 auferre.
334 1764 380 1792 At
396 1761 475 1792 mihi
492 1762 621 1794 videtur
636 1763 748 1795 Livius
766 1764 821 1795 fibi
838 1765 910 1796 satis
927 1766 1086 1798 constare:
1122 1777 1198 1797 nam
1219 1767 1275 1798 etsi
1292 1770 1401 1800 Patres
1423 1779 1462 1800 ex

166 1805 307 1836 comitiis
325 1806 454 1840 tributis
471 1807 749 1846 submoverentur‚
772 1809 804 1840 id
826 1811 920 1850 parvi
937 1811 1068 1849 retulit3
1095 1811 1280 1853 quicunque
1295 1813 1381 1844 enim
1404 1813 1462 1844 tri-

166 1850 247 1881 buni
263 1850 387 1888 fierent,
410 1863 491 1882 unus
508 1860 563 1883 aut
580 1853 661 1884 alter
683 1855 750 1885 fere
766 1854 918 1886 inventus
935 1855 978 1889 est
995 1856 1050 1896 qui
1074 1856 1294 1889 interceffione
1310 1858 1364 1889 sua
1388 1858 1461 1890 reli·

166 1906 308 1937 quorum
324 1895 466 1927 miriones
484 1897 662 1939 impediret.
686 1900 723 1929 E.

212 1959 247 1990 C.
265 1958 315 1989 61.
338 1959 394 2000 (1)
419 1960 571 1992 Consules
588 1960 719 2001 quidem
742 1962 802 2004 legi
824 1963 993 1995 favebant:
1020 1963 1148 2005 Appius
1164 1972 1283 2003 autem,
1304 1973 1459 2007 tanquam

167 2002 281 2039 tertius
297 2011 366 2034 erat
394 2005 514 2042 consul,
537 2006 675 2037 tribunis
693 2006 859 2038 refistebat.
904 2009 960 2049 (2)
985 2008 1120 2040 Crimini
1145 2011 1267 2046 dantes,
1293 2012 1381 2051 quod
1397 2011 1459 2042 ini-

167 2058 245 2088 quas
258 2049 409 2080 adversus
429 2050 555 2090 plebem
571 2050 604 2080 in
621 2051 731 2082 senatu
749 2052 918 2084 sententias
933 2054 1074 2091 diceret3
1098 2053 1185 2095 quod
1202 2055 1388 2086 seditionem
1408 2067 1460 2087 ex-

166 2092 298 2130 citass'et,
313 2094 514 2126 sacrosamsto
525 2095 648 2126 tribuni
661 2097 791 2138 corpori
807 2097 965 2131 violentas
979 2098 1132 2130 intulisset
1149 2111 1261 2131 manus
1273 2112 1280 2138 3
1304 2103 1392 2141 quod
1406 2102 1460 2132 de·

165 2137 265 2178 nique
281 2138 434 2170 exercitui
451 2140 650 2181 praepositus,
672 2152 744 2172 cum
761 2143 875 2184 magna
901 2144 990 2174 clade
1012 2151 1109 2184 atque
1125 2144 1299 2185 ignominia
1315 2147 1459 2178 reversus

167 2182 252 2213 effet.
300 2183 355 2224 (3)
379 2184 562 2216 Crevier-ius
578 2184 726 2227 intelligit
753 2186 814 2217 iras
837 2188 953 2228 quibus
969 2189 1060 2229 plebs
1082 2189 1114 2218 in
1135 2189 1283 2231 Appium
1307 2190 1410 2232 ipsum
1427 2192 1459 2222 &

167 2234 294 2271 patrem
310 2227 466 2270 flagraret.
512 2231 553 2260 Et
570 2232 736 2270 fatendum
753 2231 883 2271 quidem
903 2233 946 2264 est
967 2234 1054 2274 quod
1075 2237 1121 2264 ira
1139 2238 1179 2264 rei
1193 2237 1305 2275 alicajus
1320 2236 1460 2277 plerum-

166 2282 229 2312 que
246 2273 429 2316 usurpatur,
451 2285 512 2315 pro
528 2279 573 2305 ira
600 2277 627 2306 ob
644 2290 699 2306 rem
713 2279 836 2317 aliquam
848 2292 857 2307 .-
884 2285 919 2309 ut
941 2279 1029 2320 apud
1054 2279 1207 2317 nostrum,
1229 2283 1274 2309 ira
1291 2284 1385 2310 uxoris
1400 2295 1461 2311 cor-

166 2323 264 2357 ruptae‚
286 2316 304 2347 i.
321 2329 345 2348 e.
365 2319 408 2354 ob
425 2330 557 2350 uxorem
578 2329 788 2362 corruptam3
810 2325 856 2355 ira
872 2331 969 2365 ereptae
985 2326 1148 2366 provinciae,
1171 2324 1189 2354 i.
1206 2336 1231 2355 e.
1248 2325 1290 2356 ob
1313 2333 1459 2367 ereptam

165 2360 375 2402 provinciam.
419 2366 466 2394 At
478 2365 651 2406 utrumfim
661 2373 834 2409 paternaque
849 2370 894 2398 ira
911 2379 1053 2409 unquam
1069 2369 1242 2410 usurpetur
1255 2381 1315 2413 pro
1330 2374 1375 2400 ira
1391 2373 1419 2400 in
1425 2372 1461 2411 fi

164 2413 244 2446 atque
263 2414 385 2448 patrem,
406 2408 613 2440 vehementer
639 2410 763 2443 dubito.
810 2413 961 2446 Ceterum
985 2415 1098 2454 procul
1127 2414 1228 2445 dubio
1257 2414 1377 2455 phrafis
1393 2415 1458 2452 illa,

157 2452 257 2493 plenus
273 2454 333 2488 irae,
348 2452 470 2493 semper
487 2453 660 2495 usurpatur
676 2457 715 2486 de
729 2456 858 2489 homine
874 2456 1028 2499 flagrante
1041 2458 1099 2496 ira,
1114 2470 1180 2491 non
1193 2467 1300 2490 autem
1318 2459 1350 2490 in
1362 2470 1459 2500 quem

165 2495 214 2529 ira
229 2495 368 2527 aliorum
381 2496 501 2540 flagrat.
518 2498 558 2528 fic
581 2498 668 2535 infra⁴
684 2500 703 2530 l.
721 2500 749 2531 6.
765 2512 790 2534 e.
810 2502 858 2533 18.
878 2503 909 2532 &
925 2502 944 2533 l.
957 2512 1007 2542 27.
1028 2515 1054 2534 c.
1072 2514 1122 2542 40.
1140 2506 1279 2545 „Invisus
1303 2503 1355 2535 hic
1378 2503 1460 2535 sumi

166 2540 268 2581 potest
284 2540 317 2570 in
334 2541 424 2572 sensu
441 2542 559 2580 affim,
582 2554 642 2584 pro
655 2556 692 2576 eo
714 2545 770 2585 qui
792 2545 929 2584 invidet,
950 2548 1005 2589 qui
1028 2549 1097 2582 odit
1111 2561 1120 2587 ς
1143 2557 1179 2582 ut
1196 2548 1280 2579 infra
1298 2549 1315 2580 Ι.
1327 2560 1355 2586 4.
1371 2561 1396 2580 c.
1407 2559 1425 2587 5
1431 2559 1460 2588 3.

164 2583 227 2614 &L
240 2596 269 2622 5.
286 2596 310 2616 c.
329 2585 356 2616 8.
379 2588 414 2616 E.
459 2587 513 2628 (4)
535 2587 554 2618 i.
571 2599 595 2618 e.
612 2588 676 2625 vix,
701 2592 784 2621 raro.
829 2591 883 2632 (5)
911 2593 1016 2634 Opponi
1032 2593 1151 2625 dicitur
1167 2594 1206 2624 de
1222 2604 1333 2635 aggere
1350 2593 1460 2625 aliisve

164 2629 313 2668 molibus,
328 2641 400 2670 quae
416 2631 686 2665 exundationibus
702 2635 797 2666 maris
815 2634 1049 2678 fluminumque
1066 2638 1275 2680 prohibendis
1291 2639 1458 2670 exstruetae

164 2673 248 2704 sunt.
293 2674 380 2706 Hinc
396 2677 614 2718 metaphorice
641 2682 737 2721 opponi
764 2679 917 2712 dicuntur
933 2683 1125 2715 tumultibus
1147 2683 1203 2724 qui
1219 2694 1272 2713 eos
1289 2683 1460 2724 repellunt,

165 2729 274 2795 arclere
290 2724 459 2754 conantur.
503 2723 627 2756 Eodem
640 2723 731 2757 sensu
740 2735 816 2757 mox
832 2726 1006 2769 usurpatur
1022 2729 1160 2762 verbum
1174 2729 1293 2770 objicere,
1315 2729 1347 2759 δε
1361 2728 1457 2806 sup?

222 2764 302 2803 ‚'0M·
319 2766 339 2797 Ι·
826 2771 868 2803 Μ
1363 2782 1389 2805 ς.
1404 2781 1422 2810 ,ς
1448 2793 1457 2802 .
