<?xml version="1.0" encoding="UTF-8"?>
<!DOCTYPE html PUBLIC "-//W3C//DTD XHTML 1.0 Transitional//EN"
    "http://www.w3.org/TR/xhtml1/DTD/xhtml1-transitional.dtd">
<html xmlns="http://www.w3.org/1999/xhtml" xml:lang="en" lang="en">
 <head>
  <title>
</title>
<meta http-equiv="Content-Type" content="text/html;charset=utf-8" />
  <meta name='ocr-system' content='tesseract 3.04.00' />
  <meta name='ocr-capabilities' content='ocr_page ocr_carea ocr_par ocr_line ocrx_word'/>
</head>
<body>
  <div class='ocr_page' id='page_1' title='image "./historiaeromanae01livyuoft_0566.png"; bbox 0 0 1853 3158; ppageno 0'>
   <div class='ocr_carea' id='block_1_1' title="bbox 198 698 392 737">
    <p class='ocr_par' dir='ltr' id='par_1_1' title="bbox 198 698 392 737">
     <span class='ocr_line' id='line_1_1' title="bbox 198 698 392 737; baseline -0.005 -9"><span class='ocrx_word' id='word_1_1' title='bbox 198 698 232 728; x_wconf 85' lang='lat' dir='ltr'><em>D</em></span> <span class='ocrx_word' id='word_1_2' title='bbox 233 700 350 737; x_wconf 63' lang='lat' dir='ltr'>ssordiae</span> <span class='ocrx_word' id='word_1_3' title='bbox 361 700 392 727; x_wconf 72' lang='lat' dir='ltr'>de</span> 
     </span>
    </p>
   </div>
   <div class='ocr_carea' id='block_1_2' title="bbox 196 746 403 785">
    <p class='ocr_par' dir='ltr' id='par_1_2' title="bbox 196 746 403 785">
     <span class='ocr_line' id='line_1_2' title="bbox 196 746 403 785; baseline 0.005 -13"><span class='ocrx_word' id='word_1_4' title='bbox 196 746 334 782; x_wconf 70' lang='lat' dir='ltr'>cwfidatu</span> <span class='ocrx_word' id='word_1_5' title='bbox 340 746 403 785; x_wconf 75' lang='lat' dir='ltr'>ple-</span> 
     </span>
    </p>
   </div>
   <div class='ocr_carea' id='block_1_3' title="bbox 195 788 262 818">
    <p class='ocr_par' dir='ltr' id='par_1_3' title="bbox 195 788 262 818">
     <span class='ocr_line' id='line_1_3' title="bbox 195 788 262 818; baseline 0.015 -1"><span class='ocrx_word' id='word_1_6' title='bbox 195 788 262 818; x_wconf 74' lang='lat' dir='ltr'>heia.</span> 
     </span>
    </p>
   </div>
   <div class='ocr_carea' id='block_1_4' title="bbox 201 1483 398 1692">
    <p class='ocr_par' dir='ltr' id='par_1_4' title="bbox 203 1483 368 1519">
     <span class='ocr_line' id='line_1_4' title="bbox 203 1483 368 1519; baseline -0.018 -7"><span class='ocrx_word' id='word_1_7' title='bbox 203 1483 242 1512; x_wconf 88' lang='lat' dir='ltr'>U.</span> <span class='ocrx_word' id='word_1_8' title='bbox 253 1491 280 1511; x_wconf 77' lang='lat' dir='ltr'>c.</span> <span class='ocrx_word' id='word_1_9' title='bbox 294 1489 368 1519; x_wconf 79' lang='lat'>403.</span> 
     </span>
    </p>

    <p class='ocr_par' dir='ltr' id='par_1_5' title="bbox 201 1528 383 1564">
     <span class='ocr_line' id='line_1_5' title="bbox 201 1528 383 1564; baseline -0.006 -8"><span class='ocrx_word' id='word_1_10' title='bbox 201 1529 243 1557; x_wconf 77' lang='lat' dir='ltr'>A.</span> <span class='ocrx_word' id='word_1_11' title='bbox 258 1528 292 1556; x_wconf 91' lang='lat' dir='ltr'>C.</span> <span class='ocrx_word' id='word_1_12' title='bbox 311 1535 383 1564; x_wconf 77' lang='lat'>349.</span> 
     </span>
    </p>

    <p class='ocr_par' dir='ltr' id='par_1_6' title="bbox 203 1570 398 1692">
     <span class='ocr_line' id='line_1_6' title="bbox 204 1570 398 1607; baseline 0 -6"><span class='ocrx_word' id='word_1_13' title='bbox 204 1573 238 1601; x_wconf 88' lang='lat' dir='ltr'>P.</span> <span class='ocrx_word' id='word_1_14' title='bbox 254 1570 398 1607; x_wconf 71' lang='lat' dir='ltr'>Valerio,</span> 
     </span>
     <span class='ocr_line' id='line_1_7' title="bbox 204 1615 390 1647; baseline -0.005 0"><span class='ocrx_word' id='word_1_15' title='bbox 204 1618 240 1647; x_wconf 59' lang='lat' dir='ltr'>[T.</span> <span class='ocrx_word' id='word_1_16' title='bbox 260 1615 390 1646; x_wconf 61' lang='lat' dir='ltr'>Nlarcio</span> 
     </span>
     <span class='ocr_line' id='line_1_8' title="bbox 203 1661 342 1692; baseline 0.014 -2"><span class='ocrx_word' id='word_1_17' title='bbox 203 1662 243 1690; x_wconf 82' lang='lat'>11.</span> <span class='ocrx_word' id='word_1_18' title='bbox 262 1661 342 1692; x_wconf 82' lang='lat' dir='ltr'>Coff.</span> 
     </span>
    </p>
   </div>
   <div class='ocr_carea' id='block_1_5' title="bbox 883 276 1250 321">
    <p class='ocr_par' dir='ltr' id='par_1_7' title="bbox 883 276 1250 321">
     <span class='ocr_line' id='line_1_9' title="bbox 883 276 1250 321; baseline 0 -2"><span class='ocrx_word' id='word_1_19' title='bbox 883 276 935 321; x_wconf 80' lang='lat' dir='ltr'>T.</span> <span class='ocrx_word' id='word_1_20' title='bbox 992 276 1250 320; x_wconf 87' lang='lat' dir='ltr'>LIVII</span> 
     </span>
    </p>
   </div>
   <div class='ocr_carea' id='block_1_6' title="bbox 419 394 1726 2238">
    <p class='ocr_par' dir='ltr' id='par_1_8' title="bbox 421 394 1716 667">
     <span class='ocr_line' id='line_1_10' title="bbox 422 394 1714 452; baseline 0.002 -17"><span class='ocrx_word' id='word_1_21' title='bbox 422 395 619 449; x_wconf 71' lang='lat' dir='ltr'>nusquam</span> <span class='ocrx_word' id='word_1_22' title='bbox 662 394 826 434; x_wconf 87' lang='lat' dir='ltr'>inventi.</span> <span class='ocrx_word' id='word_1_23' title='bbox 888 394 1032 452; x_wconf 84' lang='lat' dir='ltr'>Qum</span> <span class='ocrx_word' id='word_1_24' title='bbox 1071 395 1330 450; x_wconf 83' lang='lat' dir='ltr'>populatione</span> <span class='ocrx_word' id='word_1_25' title='bbox 1370 394 1567 450; x_wconf 81' lang='lat' dir='ltr'>peragrati</span> <span class='ocrx_word' id='word_1_26' title='bbox 1614 395 1714 437; x_wconf 82' lang='lat' dir='ltr'>sines</span> 
     </span>
     <span class='ocr_line' id='line_1_11' title="bbox 422 452 1716 508; baseline 0.001 -16"><span class='ocrx_word' id='word_1_27' title='bbox 422 455 558 502; x_wconf 68' lang='lat' dir='ltr'>eil&#39;ent,</span> <span class='ocrx_word' id='word_1_28' title='bbox 590 453 638 492; x_wconf 89' lang='lat' dir='ltr'>ab</span> <span class='ocrx_word' id='word_1_29' title='bbox 678 452 978 506; x_wconf 78' lang='lat' dir='ltr'>oppugnatione</span> <span class='ocrx_word' id='word_1_30' title='bbox 1020 452 1180 493; x_wconf 88' lang='lat' dir='ltr'>urbium</span> <span class='ocrx_word' id='word_1_31' title='bbox 1220 463 1512 506; x_wconf 89' lang='lat' dir='ltr'>temperatum:</span> <span class='ocrx_word' id='word_1_32' title='bbox 1548 453 1716 508; x_wconf 81' lang='lat' dir='ltr'>legioni-</span> 
     </span>
     <span class='ocr_line' id='line_1_12' title="bbox 421 510 1716 565; baseline 0 -15"><span class='ocrx_word' id='word_1_33' title='bbox 421 511 573 565; x_wconf 85' lang='lat' dir='ltr'>busque</span> <span class='ocrx_word' id='word_1_34' title='bbox 613 511 791 550; x_wconf 86' lang='lat' dir='ltr'>Romam</span> <span class='ocrx_word' id='word_1_35' title='bbox 831 510 1026 561; x_wconf 61' lang='lat' dir='ltr'>redueris,</span> <span class='ocrx_word' id='word_1_36' title='bbox 1057 512 1257 564; x_wconf 89' lang='lat' dir='ltr'>reliquum</span> <span class='ocrx_word' id='word_1_37' title='bbox 1298 510 1391 549; x_wconf 87' lang='lat' dir='ltr'>anni</span> <span class='ocrx_word' id='word_1_38' title='bbox 1430 511 1556 550; x_wconf 89' lang='lat' dir='ltr'>muris</span> <span class='ocrx_word' id='word_1_39' title='bbox 1595 511 1716 550; x_wconf 87' lang='lat' dir='ltr'>turri-</span> 
     </span>
     <span class='ocr_line' id='line_1_13' title="bbox 421 567 1716 622; baseline 0 -14"><span class='ocrx_word' id='word_1_40' title='bbox 421 569 574 622; x_wconf 84' lang='lat' dir='ltr'>busque</span> <span class='ocrx_word' id='word_1_41' title='bbox 595 568 822 609; x_wconf 85' lang='lat' dir='ltr'>reficiendis</span> <span class='ocrx_word' id='word_1_42' title='bbox 842 567 1141 622; x_wconf 85' lang='lat' dir='ltr'>consumptum,</span> <span class='ocrx_word' id='word_1_43' title='bbox 1176 571 1216 610; x_wconf 87' lang='lat'>&amp;</span> <span class='ocrx_word' id='word_1_44' title='bbox 1245 569 1350 609; x_wconf 87' lang='lat' dir='ltr'>aedes</span> <span class='ocrx_word' id='word_1_45' title='bbox 1383 568 1584 622; x_wconf 84' lang='lat' dir='ltr'>Apollinis</span> <span class='ocrx_word' id='word_1_46' title='bbox 1605 569 1716 608; x_wconf 83' lang='lat' dir='ltr'>dedi-</span> 
     </span>
     <span class='ocr_line' id='line_1_14' title="bbox 421 626 600 667; baseline 0.006 -1"><span class='ocrx_word' id='word_1_47' title='bbox 421 637 509 666; x_wconf 82' lang='lat' dir='ltr'>cata</span> <span class='ocrx_word' id='word_1_48' title='bbox 530 626 600 667; x_wconf 82' lang='lat' dir='ltr'>est.</span> 
     </span>
    </p>

    <p class='ocr_par' dir='ltr' id='par_1_9' title="bbox 419 683 1726 2179">
     <span class='ocr_line' id='line_1_15' title="bbox 479 683 1718 725; baseline -0.001 -1"><span class='ocrx_word' id='word_1_49' title='bbox 479 685 595 725; x_wconf 90' lang='lat' dir='ltr'><strong>XXI.</strong></span> <span class='ocrx_word' id='word_1_50' title='bbox 628 684 821 724; x_wconf 87' lang='lat' dir='ltr'>Extremo</span> <span class='ocrx_word' id='word_1_51' title='bbox 856 698 961 724; x_wconf 90' lang='lat' dir='ltr'>anno</span> <span class='ocrx_word' id='word_1_52' title='bbox 982 684 1145 724; x_wconf 78' lang='lat' dir='ltr'>comitia</span> <span class='ocrx_word' id='word_1_53' title='bbox 1177 683 1396 724; x_wconf 87' lang='lat' dir='ltr'>consularia</span> <span class='ocrx_word' id='word_1_54' title='bbox 1417 694 1620 724; x_wconf 89' lang='lat' dir='ltr'>certamen</span> <span class='ocrx_word' id='word_1_55' title='bbox 1639 683 1718 724; x_wconf 85' lang='lat' dir='ltr'>Pa-</span> 
     </span>
     <span class='ocr_line' id='line_1_16' title="bbox 421 741 1718 797; baseline 0 -16"><span class='ocrx_word' id='word_1_56' title='bbox 421 752 531 781; x_wconf 90' lang='lat' dir='ltr'>trum</span> <span class='ocrx_word' id='word_1_57' title='bbox 564 757 610 783; x_wconf 90' lang='lat' dir='ltr'>ac</span> <span class='ocrx_word' id='word_1_58' title='bbox 641 742 768 797; x_wconf 89' lang='lat' dir='ltr'>plebis</span> <span class='ocrx_word' id='word_1_59' title='bbox 795 742 969 791; x_wconf 79' lang='lat' dir='ltr'>diremit,</span> <span class='ocrx_word' id='word_1_60' title='bbox 1003 742 1172 782; x_wconf 88' lang='lat' dir='ltr'>tribunis</span> <span class='ocrx_word' id='word_1_61' title='bbox 1194 741 1432 796; x_wconf 88' lang='lat' dir='ltr'>negantibus</span> <span class='ocrx_word' id='word_1_62' title='bbox 1453 743 1628 795; x_wconf 76' lang='lat' dir='ltr'>passuros</span> <span class='ocrx_word' id='word_1_63' title='bbox 1649 755 1718 781; x_wconf 93' lang='lat' dir='ltr'>co-</span> 
     </span>
     <span class='ocr_line' id='line_1_17' title="bbox 422 798 1717 853; baseline 0 -14"><span class='ocrx_word' id='word_1_64' title='bbox 422 801 535 840; x_wconf 91' lang='lat' dir='ltr'>mitia</span> <span class='ocrx_word' id='word_1_65' title='bbox 566 799 718 848; x_wconf 89' lang='lat' dir='ltr'>haberi,</span> <span class='ocrx_word' id='word_1_66' title='bbox 749 801 791 839; x_wconf 92' lang='lat' dir='ltr'>ni</span> <span class='ocrx_word' id='word_1_67' title='bbox 825 798 1048 839; x_wconf 74' lang='lat' dir='ltr'>secundum</span> <span class='ocrx_word' id='word_1_68' title='bbox 1074 799 1275 839; x_wconf 84' lang='lat' dir='ltr'>Liciniam</span> <span class='ocrx_word' id='word_1_69' title='bbox 1296 800 1426 853; x_wconf 87' lang='lat' dir='ltr'>legem</span> <span class='ocrx_word' id='word_1_70' title='bbox 1447 800 1717 848; x_wconf 84' lang='lat' dir='ltr'>haberentur;</span> 
     </span>
     <span class='ocr_line' id='line_1_18' title="bbox 421 855 1720 913; baseline -0.002 -16"><span class='ocrx_word' id='word_1_71' title='bbox 421 859 617 913; x_wconf 65' lang='lat' dir='ltr'>‹li&amp;atore</span> <span class='ocrx_word' id='word_1_72' title='bbox 638 858 836 898; x_wconf 86' lang='lat' dir='ltr'>obstinato</span> <span class='ocrx_word' id='word_1_73' title='bbox 856 858 995 897; x_wconf 89' lang='lat' dir='ltr'>tollere</span> <span class='ocrx_word' id='word_1_74' title='bbox 1016 855 1153 911; x_wconf 67' lang='lat' dir='ltr'>potius</span> <span class='ocrx_word' id='word_1_75' title='bbox 1174 866 1305 896; x_wconf 84' lang='lat' dir='ltr'>totum</span> <span class='ocrx_word' id='word_1_76' title='bbox 1337 870 1358 895; x_wconf 89' lang='lat' dir='ltr'>e</span> <span class='ocrx_word' id='word_1_77' title='bbox 1386 857 1590 910; x_wconf 64' lang='lat' dir='ltr'>republica</span> <span class='ocrx_word' id='word_1_78' title='bbox 1622 871 1720 897; x_wconf 89' lang='lat' dir='ltr'>con-</span> 
     </span>
     <span class='ocr_line' id='line_1_19' title="bbox 421 914 1721 969; baseline -0.001 -14"><span class='ocrx_word' id='word_1_79' title='bbox 421 916 612 967; x_wconf 83' lang='lat' dir='ltr'>sulatum,</span> <span class='ocrx_word' id='word_1_80' title='bbox 654 915 777 969; x_wconf 69' lang='lat' dir='ltr'>quarn</span> <span class='ocrx_word' id='word_1_81' title='bbox 816 915 1090 969; x_wconf 87' lang='lat' dir='ltr'>promiscuum</span> <span class='ocrx_word' id='word_1_82' title='bbox 1125 914 1311 954; x_wconf 88' lang='lat' dir='ltr'>Patribus</span> <span class='ocrx_word' id='word_1_83' title='bbox 1348 929 1392 954; x_wconf 89' lang='lat' dir='ltr'>ac</span> <span class='ocrx_word' id='word_1_84' title='bbox 1430 915 1536 968; x_wconf 87' lang='lat' dir='ltr'>plebi</span> <span class='ocrx_word' id='word_1_85' title='bbox 1571 915 1721 954; x_wconf 80' lang='lat' dir='ltr'>facere.</span> 
     </span>
     <span class='ocr_line' id='line_1_20' title="bbox 421 972 1722 1027; baseline -0.002 -13"><span class='ocrx_word' id='word_1_86' title='bbox 421 976 483 1027; x_wconf 91' lang='lat'>(1)</span> <span class='ocrx_word' id='word_1_87' title='bbox 513 974 764 1014; x_wconf 85' lang='lat' dir='ltr'>Prolatandis</span> <span class='ocrx_word' id='word_1_88' title='bbox 786 973 907 1027; x_wconf 83' lang='lat' dir='ltr'>igitur</span> <span class='ocrx_word' id='word_1_89' title='bbox 928 973 1102 1012; x_wconf 89' lang='lat' dir='ltr'>comitiis</span> <span class='ocrx_word' id='word_1_90' title='bbox 1133 987 1259 1026; x_wconf 89' lang='lat' dir='ltr'>quum</span> <span class='ocrx_word' id='word_1_91' title='bbox 1291 972 1466 1012; x_wconf 62' lang='lat' dir='ltr'>dictator</span> <span class='ocrx_word' id='word_1_92' title='bbox 1487 972 1722 1027; x_wconf 87' lang='lat' dir='ltr'>magistratu.</span> 
     </span>
     <span class='ocr_line' id='line_1_21' title="bbox 420 1029 1723 1084; baseline -0.002 -14"><span class='ocrx_word' id='word_1_93' title='bbox 420 1032 570 1078; x_wconf 73' lang='lat' dir='ltr'>abisset,</span> <span class='ocrx_word' id='word_1_94' title='bbox 601 1045 663 1070; x_wconf 88' lang='lat' dir='ltr'>res</span> <span class='ocrx_word' id='word_1_95' title='bbox 684 1032 734 1069; x_wconf 89' lang='lat' dir='ltr'>ad</span> <span class='ocrx_word' id='word_1_96' title='bbox 756 1031 1030 1084; x_wconf 85' lang='lat' dir='ltr'>interregnum</span> <span class='ocrx_word' id='word_1_97' title='bbox 1062 1030 1193 1071; x_wconf 88' lang='lat' dir='ltr'>rediit.</span> <span class='ocrx_word' id='word_1_98' title='bbox 1252 1029 1444 1069; x_wconf 86' lang='lat' dir='ltr'>Infestarn</span> <span class='ocrx_word' id='word_1_99' title='bbox 1466 1030 1559 1069; x_wconf 90' lang='lat' dir='ltr'>inde</span> <span class='ocrx_word' id='word_1_100' title='bbox 1591 1029 1723 1069; x_wconf 87' lang='lat' dir='ltr'>Patri-</span> 
     </span>
     <span class='ocr_line' id='line_1_22' title="bbox 419 1087 1723 1142; baseline -0.001 -15"><span class='ocrx_word' id='word_1_101' title='bbox 419 1088 494 1128; x_wconf 84' lang='lat' dir='ltr'>bus</span> <span class='ocrx_word' id='word_1_102' title='bbox 516 1088 675 1141; x_wconf 89' lang='lat' dir='ltr'>plebem</span> <span class='ocrx_word' id='word_1_103' title='bbox 697 1087 915 1140; x_wconf 82' lang='lat' dir='ltr'>interreges</span> <span class='ocrx_word' id='word_1_104' title='bbox 945 1102 1071 1140; x_wconf 87' lang='lat' dir='ltr'>quum</span> <span class='ocrx_word' id='word_1_105' title='bbox 1093 1088 1343 1142; x_wconf 77' lang='lat' dir='ltr'>accepissent,</span> <span class='ocrx_word' id='word_1_106' title='bbox 1375 1089 1425 1127; x_wconf 87' lang='lat' dir='ltr'>ad</span> <span class='ocrx_word' id='word_1_107' title='bbox 1457 1088 1723 1127; x_wconf 89' lang='lat' dir='ltr'>undecimum</span> 
     </span>
     <span class='ocr_line' id='line_1_23' title="bbox 420 1144 1723 1209; baseline 0 -25"><span class='ocrx_word' id='word_1_108' title='bbox 420 1146 663 1209; x_wconf 80' lang='lat' dir='ltr'>interregem</span> <span class='ocrx_word' id='word_1_109' title='bbox 705 1144 965 1184; x_wconf 81' lang='lat' dir='ltr'>seditionibus</span> <span class='ocrx_word' id='word_1_110' title='bbox 1005 1155 1202 1184; x_wconf 88' lang='lat' dir='ltr'>certatum</span> <span class='ocrx_word' id='word_1_111' title='bbox 1243 1145 1312 1185; x_wconf 91' lang='lat' dir='ltr'>est</span> <span class='ocrx_word' id='word_1_112' title='bbox 1390 1145 1511 1200; x_wconf 86' lang='lat' dir='ltr'>Legis</span> <span class='ocrx_word' id='word_1_113' title='bbox 1551 1145 1723 1185; x_wconf 78' lang='lat' dir='ltr'>Liciniae</span> 
     </span>
     <span class='ocr_line' id='line_1_24' title="bbox 420 1200 1724 1267; baseline 0.001 -26"><span class='ocrx_word' id='word_1_114' title='bbox 420 1203 691 1256; x_wconf 77' lang='lat' dir='ltr'>patrocinium</span> <span class='ocrx_word' id='word_1_115' title='bbox 727 1200 877 1241; x_wconf 87' lang='lat' dir='ltr'>tribuni</span> <span class='ocrx_word' id='word_1_116' title='bbox 909 1200 1130 1255; x_wconf 57' lang='lat' dir='ltr'>jafirabant</span> <span class='ocrx_word' id='word_1_117' title='bbox 1191 1202 1361 1255; x_wconf 87' lang='lat' dir='ltr'>Propior</span> <span class='ocrx_word' id='word_1_118' title='bbox 1381 1204 1495 1242; x_wconf 90' lang='lat' dir='ltr'>dolor</span> <span class='ocrx_word' id='word_1_119' title='bbox 1516 1203 1622 1267; x_wconf 81' lang='lat' dir='ltr'>plebi</span> <span class='ocrx_word' id='word_1_120' title='bbox 1643 1202 1724 1242; x_wconf 87' lang='lat' dir='ltr'>foe-</span> 
     </span>
     <span class='ocr_line' id='line_1_25' title="bbox 422 1258 1722 1315; baseline 0.001 -16"><span class='ocrx_word' id='word_1_121' title='bbox 422 1261 530 1299; x_wconf 81' lang='lat' dir='ltr'>noris</span> <span class='ocrx_word' id='word_1_122' title='bbox 553 1258 860 1315; x_wconf 87' lang='lat' dir='ltr'>ingravescentis</span> <span class='ocrx_word' id='word_1_123' title='bbox 892 1268 1000 1298; x_wconf 88' lang='lat' dir='ltr'>erat:</span> <span class='ocrx_word' id='word_1_124' title='bbox 1031 1260 1093 1312; x_wconf 83' lang='lat'>(2)</span> <span class='ocrx_word' id='word_1_125' title='bbox 1116 1272 1304 1311; x_wconf 79' lang='lat' dir='ltr'>curaeque</span> <span class='ocrx_word' id='word_1_126' title='bbox 1335 1261 1497 1313; x_wconf 82' lang='lat' dir='ltr'>privatae</span> <span class='ocrx_word' id='word_1_127' title='bbox 1531 1261 1572 1299; x_wconf 91' lang='lat' dir='ltr'>in</span> <span class='ocrx_word' id='word_1_128' title='bbox 1594 1271 1722 1300; x_wconf 78' lang='lat' dir='ltr'>certa-</span> 
     </span>
     <span class='ocr_line' id='line_1_26' title="bbox 422 1315 1720 1372; baseline 0.001 -15"><span class='ocrx_word' id='word_1_129' title='bbox 422 1318 598 1358; x_wconf 85' lang='lat' dir='ltr'>minibus</span> <span class='ocrx_word' id='word_1_130' title='bbox 621 1318 791 1372; x_wconf 82' lang='lat' dir='ltr'>publicis</span> <span class='ocrx_word' id='word_1_131' title='bbox 813 1315 1090 1370; x_wconf 84' lang='lat' dir='ltr'>erumpebant.</span> <span class='ocrx_word' id='word_1_132' title='bbox 1152 1316 1343 1372; x_wconf 86' lang='lat' dir='ltr'>Qorum</span> <span class='ocrx_word' id='word_1_133' title='bbox 1364 1317 1483 1357; x_wconf 83' lang='lat' dir='ltr'>taedio</span> <span class='ocrx_word' id='word_1_134' title='bbox 1503 1318 1642 1358; x_wconf 90' lang='lat' dir='ltr'>Patres</span> <span class='ocrx_word' id='word_1_135' title='bbox 1670 1318 1720 1357; x_wconf 87' lang='lat' dir='ltr'>L.</span> 
     </span>
     <span class='ocr_line' id='line_1_27' title="bbox 421 1374 1723 1429; baseline -0.001 -13"><span class='ocrx_word' id='word_1_136' title='bbox 421 1376 662 1417; x_wconf 86' lang='lat' dir='ltr'>Cornelium</span> <span class='ocrx_word' id='word_1_137' title='bbox 683 1375 914 1429; x_wconf 85' lang='lat' dir='ltr'>Scipionem</span> <span class='ocrx_word' id='word_1_138' title='bbox 940 1374 1184 1428; x_wconf 86' lang='lat' dir='ltr'>interregem</span> <span class='ocrx_word' id='word_1_139' title='bbox 1205 1374 1430 1414; x_wconf 83' lang='lat' dir='ltr'>concordiae</span> <span class='ocrx_word' id='word_1_140' title='bbox 1452 1374 1570 1414; x_wconf 66' lang='lat' dir='ltr'>causa</span> <span class='ocrx_word' id='word_1_141' title='bbox 1591 1375 1723 1416; x_wconf 90' lang='lat' dir='ltr'>obser-</span> 
     </span>
     <span class='ocr_line' id='line_1_28' title="bbox 421 1431 1721 1488; baseline 0 -15"><span class='ocrx_word' id='word_1_142' title='bbox 421 1448 514 1473; x_wconf 85' lang='lat' dir='ltr'>vare</span> <span class='ocrx_word' id='word_1_143' title='bbox 549 1435 681 1488; x_wconf 83' lang='lat' dir='ltr'>legem</span> <span class='ocrx_word' id='word_1_144' title='bbox 709 1432 908 1473; x_wconf 86' lang='lat' dir='ltr'>Liciniam</span> <span class='ocrx_word' id='word_1_145' title='bbox 945 1431 1118 1471; x_wconf 89' lang='lat' dir='ltr'>comitiis</span> <span class='ocrx_word' id='word_1_146' title='bbox 1155 1431 1428 1471; x_wconf 86' lang='lat' dir='ltr'>consularibus</span> <span class='ocrx_word' id='word_1_147' title='bbox 1456 1432 1612 1486; x_wconf 86' lang='lat' dir='ltr'>jussere.</span> <span class='ocrx_word' id='word_1_148' title='bbox 1672 1434 1721 1473; x_wconf 86' lang='lat' dir='ltr'>P.</span> 
     </span>
     <span class='ocr_line' id='line_1_29' title="bbox 422 1489 1719 1543; baseline -0.001 -12"><span class='ocrx_word' id='word_1_149' title='bbox 422 1492 590 1531; x_wconf 87' lang='lat' dir='ltr'>Valerio</span> <span class='ocrx_word' id='word_1_150' title='bbox 611 1491 829 1531; x_wconf 79' lang='lat' dir='ltr'>Publicolae</span> <span class='ocrx_word' id='word_1_151' title='bbox 852 1491 969 1530; x_wconf 87' lang='lat' dir='ltr'>datus</span> <span class='ocrx_word' id='word_1_152' title='bbox 990 1503 1011 1529; x_wconf 91' lang='lat' dir='ltr'>e</span> <span class='ocrx_word' id='word_1_153' title='bbox 1033 1489 1148 1543; x_wconf 90' lang='lat' dir='ltr'>plebe</span> <span class='ocrx_word' id='word_1_154' title='bbox 1169 1489 1322 1543; x_wconf 87' lang='lat' dir='ltr'>collega</span> <span class='ocrx_word' id='word_1_155' title='bbox 1344 1490 1394 1531; x_wconf 90' lang='lat' dir='ltr'>C.</span> <span class='ocrx_word' id='word_1_156' title='bbox 1424 1490 1607 1530; x_wconf 85' lang='lat' dir='ltr'>Marcius</span> <span class='ocrx_word' id='word_1_157' title='bbox 1629 1490 1719 1530; x_wconf 88' lang='lat' dir='ltr'>Ru-</span> 
     </span>
     <span class='ocr_line' id='line_1_30' title="bbox 424 1546 1726 1596; baseline -0.001 -8"><span class='ocrx_word' id='word_1_158' title='bbox 424 1551 532 1590; x_wconf 89' lang='lat' dir='ltr'>tilus.</span> <span class='ocrx_word' id='word_1_159' title='bbox 593 1549 801 1589; x_wconf 86' lang='lat' dir='ltr'>Inclinatis</span> <span class='ocrx_word' id='word_1_160' title='bbox 823 1548 941 1588; x_wconf 88' lang='lat' dir='ltr'>semel</span> <span class='ocrx_word' id='word_1_161' title='bbox 979 1547 1019 1586; x_wconf 92' lang='lat' dir='ltr'>in</span> <span class='ocrx_word' id='word_1_162' title='bbox 1042 1546 1300 1587; x_wconf 88' lang='lat' dir='ltr'>concordiam</span> <span class='ocrx_word' id='word_1_163' title='bbox 1322 1547 1481 1596; x_wconf 87' lang='lat' dir='ltr'>animis,</span> <span class='ocrx_word' id='word_1_164' title='bbox 1512 1548 1606 1587; x_wconf 90' lang='lat' dir='ltr'>novi</span> <span class='ocrx_word' id='word_1_165' title='bbox 1627 1561 1726 1590; x_wconf 88' lang='lat' dir='ltr'>con-</span> 
     </span>
     <span class='ocr_line' id='line_1_31' title="bbox 425 1605 1726 1660; baseline -0.002 -13"><span class='ocrx_word' id='word_1_166' title='bbox 425 1607 546 1659; x_wconf 86' lang='lat' dir='ltr'>sules,</span> <span class='ocrx_word' id='word_1_167' title='bbox 577 1607 803 1647; x_wconf 85' lang='lat' dir='ltr'>foenebrem</span> <span class='ocrx_word' id='word_1_168' title='bbox 837 1619 1000 1660; x_wconf 89' lang='lat' dir='ltr'>quoque</span> <span class='ocrx_word' id='word_1_169' title='bbox 1035 1619 1137 1654; x_wconf 88' lang='lat' dir='ltr'>rem,</span> <span class='ocrx_word' id='word_1_170' title='bbox 1169 1619 1259 1657; x_wconf 88' lang='lat' dir='ltr'>quae</span> <span class='ocrx_word' id='word_1_171' title='bbox 1280 1610 1305 1658; x_wconf 90' lang='lat'>†</span> <span class='ocrx_word' id='word_1_172' title='bbox 1325 1605 1511 1644; x_wconf 87' lang='lat' dir='ltr'>distinere</span> <span class='ocrx_word' id='word_1_173' title='bbox 1533 1608 1594 1660; x_wconf 80' lang='lat'>(3)</span> <span class='ocrx_word' id='word_1_174' title='bbox 1625 1620 1726 1645; x_wconf 87' lang='lat' dir='ltr'>una-</span> 
     </span>
     <span class='ocr_line' id='line_1_32' title="bbox 423 1662 1724 1718; baseline -0.002 -14"><span class='ocrx_word' id='word_1_175' title='bbox 423 1666 555 1705; x_wconf 85' lang='lat' dir='ltr'>nimos</span> <span class='ocrx_word' id='word_1_176' title='bbox 576 1665 801 1714; x_wconf 73' lang='lat' dir='ltr'>videbatur,</span> <span class='ocrx_word' id='word_1_177' title='bbox 831 1666 961 1704; x_wconf 88' lang='lat' dir='ltr'>levare</span> <span class='ocrx_word' id='word_1_178' title='bbox 988 1662 1142 1718; x_wconf 80' lang='lat' dir='ltr'>agressi,</span> <span class='ocrx_word' id='word_1_179' title='bbox 1173 1662 1412 1702; x_wconf 88' lang='lat' dir='ltr'>solutionem</span> <span class='ocrx_word' id='word_1_180' title='bbox 1435 1663 1552 1702; x_wconf 89' lang='lat' dir='ltr'>alieni</span> <span class='ocrx_word' id='word_1_181' title='bbox 1572 1664 1660 1703; x_wconf 86' lang='lat' dir='ltr'>aeris</span> <span class='ocrx_word' id='word_1_182' title='bbox 1682 1664 1724 1702; x_wconf 90' lang='lat' dir='ltr'>in</span> 
     </span>
     <span class='ocr_line' id='line_1_33' title="bbox 424 1720 1724 1777; baseline -0.001 -14"><span class='ocrx_word' id='word_1_183' title='bbox 424 1723 629 1777; x_wconf 86' lang='lat' dir='ltr'>publicam</span> <span class='ocrx_word' id='word_1_184' title='bbox 668 1737 806 1762; x_wconf 89' lang='lat' dir='ltr'>curam</span> <span class='ocrx_word' id='word_1_185' title='bbox 846 1731 1077 1769; x_wconf 81' lang='lat' dir='ltr'>verterunt3</span> <span class='ocrx_word' id='word_1_186' title='bbox 1121 1720 1397 1774; x_wconf 89' lang='lat' dir='ltr'>quinqueviris</span> <span class='ocrx_word' id='word_1_187' title='bbox 1432 1721 1588 1770; x_wconf 85' lang='lat' dir='ltr'>creatis,</span> <span class='ocrx_word' id='word_1_188' title='bbox 1621 1734 1724 1774; x_wconf 83' lang='lat' dir='ltr'>quos</span> 
     </span>
     <span class='ocr_line' id='line_1_34' title="bbox 425 1778 1726 1836; baseline -0.002 -16"><span class='ocrx_word' id='word_1_189' title='bbox 425 1786 488 1836; x_wconf 74' lang='lat'>(4)</span> <span class='ocrx_word' id='word_1_190' title='bbox 508 1781 725 1820; x_wconf 85' lang='lat' dir='ltr'>mensarios</span> <span class='ocrx_word' id='word_1_191' title='bbox 747 1780 794 1819; x_wconf 87' lang='lat' dir='ltr'>ab</span> <span class='ocrx_word' id='word_1_192' title='bbox 815 1778 1105 1832; x_wconf 86' lang='lat' dir='ltr'>dispensatione</span> <span class='ocrx_word' id='word_1_193' title='bbox 1127 1778 1310 1832; x_wconf 85' lang='lat' dir='ltr'>pecuniae</span> <span class='ocrx_word' id='word_1_194' title='bbox 1331 1779 1460 1832; x_wconf 84' lang='lat' dir='ltr'>appell</span> <span class='ocrx_word' id='word_1_195' title='bbox 1464 1788 1592 1818; x_wconf 87' lang='lat' dir='ltr'>arunt.</span> <span class='ocrx_word' id='word_1_196' title='bbox 1628 1779 1726 1818; x_wconf 89' lang='lat' dir='ltr'>Me-</span> 
     </span>
     <span class='ocr_line' id='line_1_35' title="bbox 424 1835 1726 1892; baseline -0.002 -13"><span class='ocrx_word' id='word_1_197' title='bbox 424 1840 490 1879; x_wconf 81' lang='lat' dir='ltr'>riti</span> <span class='ocrx_word' id='word_1_198' title='bbox 511 1839 699 1892; x_wconf 74' lang='lat' dir='ltr'>aequitate</span> <span class='ocrx_word' id='word_1_199' title='bbox 721 1853 806 1878; x_wconf 89' lang='lat' dir='ltr'>cur·</span> <span class='ocrx_word' id='word_1_200' title='bbox 797 1851 897 1891; x_wconf 68' lang='lat' dir='ltr'>ique</span> <span class='ocrx_word' id='word_1_201' title='bbox 913 1836 1021 1885; x_wconf 82' lang='lat' dir='ltr'>sunt,</span> <span class='ocrx_word' id='word_1_202' title='bbox 1053 1845 1097 1875; x_wconf 90' lang='lat' dir='ltr'>ut</span> <span class='ocrx_word' id='word_1_203' title='bbox 1116 1850 1186 1889; x_wconf 85' lang='lat' dir='ltr'>per</span> <span class='ocrx_word' id='word_1_204' title='bbox 1205 1835 1389 1875; x_wconf 87' lang='lat' dir='ltr'>omnium</span> <span class='ocrx_word' id='word_1_205' title='bbox 1410 1836 1615 1875; x_wconf 84' lang='lat' dir='ltr'>annalium</span> <span class='ocrx_word' id='word_1_206' title='bbox 1637 1850 1726 1876; x_wconf 87' lang='lat' dir='ltr'>mo-</span> 
     </span>
     <span class='ocr_line' id='line_1_36' title="bbox 425 1892 1724 1937; baseline -0.003 0"><span class='ocrx_word' id='word_1_207' title='bbox 425 1907 619 1937; x_wconf 84' lang='lat' dir='ltr'>numenta</span> <span class='ocrx_word' id='word_1_208' title='bbox 660 1896 834 1936; x_wconf 83' lang='lat' dir='ltr'>celebres</span> <span class='ocrx_word' id='word_1_209' title='bbox 875 1893 1106 1933; x_wconf 90' lang='lat' dir='ltr'>nominibus</span> <span class='ocrx_word' id='word_1_210' title='bbox 1141 1893 1275 1933; x_wconf 86' lang='lat' dir='ltr'>effent.</span> <span class='ocrx_word' id='word_1_211' title='bbox 1333 1893 1461 1933; x_wconf 89' lang='lat' dir='ltr'>Fuere</span> <span class='ocrx_word' id='word_1_212' title='bbox 1502 1904 1637 1933; x_wconf 90' lang='lat' dir='ltr'>autem</span> <span class='ocrx_word' id='word_1_213' title='bbox 1675 1892 1724 1934; x_wconf 92' lang='lat' dir='ltr'>C.</span> 
     </span>
     <span class='ocr_line' id='line_1_37' title="bbox 424 1951 1726 2007; baseline -0.002 -12"><span class='ocrx_word' id='word_1_214' title='bbox 424 1955 605 2003; x_wconf 86' lang='lat' dir='ltr'>Duilius,</span> <span class='ocrx_word' id='word_1_215' title='bbox 635 1955 682 1994; x_wconf 90' lang='lat' dir='ltr'>P.</span> <span class='ocrx_word' id='word_1_216' title='bbox 710 1954 865 1994; x_wconf 85' lang='lat' dir='ltr'>Decius</span> <span class='ocrx_word' id='word_1_217' title='bbox 885 1953 999 1998; x_wconf 83' lang='lat' dir='ltr'>Mus,</span> <span class='ocrx_word' id='word_1_218' title='bbox 1031 1952 1093 1991; x_wconf 90' lang='lat' dir='ltr'>M.</span> <span class='ocrx_word' id='word_1_219' title='bbox 1114 1951 1313 2004; x_wconf 86' lang='lat' dir='ltr'>Papirius,</span> <span class='ocrx_word' id='word_1_220' title='bbox 1345 1951 1648 2007; x_wconf 67' lang='lat' dir='ltr'>QPubfflffls,</span> <span class='ocrx_word' id='word_1_221' title='bbox 1681 1955 1726 1992; x_wconf 74' lang='grc' dir='ltr'>ὅτ</span> 
     </span>
     <span class='ocr_line' id='line_1_38' title="bbox 424 2008 1724 2064; baseline -0.002 -12"><span class='ocrx_word' id='word_1_222' title='bbox 424 2014 491 2053; x_wconf 83' lang='lat' dir='ltr'>Ti.</span> <span class='ocrx_word' id='word_1_223' title='bbox 528 2012 745 2052; x_wconf 85' lang='lat' dir='ltr'>AExnilius:</span> <span class='ocrx_word' id='word_1_224' title='bbox 778 2011 847 2064; x_wconf 90' lang='lat' dir='ltr'>qui</span> <span class='ocrx_word' id='word_1_225' title='bbox 882 2024 983 2057; x_wconf 88' lang='lat' dir='ltr'>rem,</span> <span class='ocrx_word' id='word_1_226' title='bbox 1015 2009 1293 2055; x_wconf 79' lang='lat' dir='ltr'>difficillimam</span> <span class='ocrx_word' id='word_1_227' title='bbox 1333 2008 1526 2059; x_wconf 59' lang='lat' dir='ltr'>trafiiatu,</span> <span class='ocrx_word' id='word_1_228' title='bbox 1558 2012 1596 2049; x_wconf 74' lang='lat' dir='ltr'>«Sc</span> <span class='ocrx_word' id='word_1_229' title='bbox 1640 2011 1724 2063; x_wconf 86' lang='lat' dir='ltr'>ple-</span> 
     </span>
     <span class='ocr_line' id='line_1_39' title="bbox 424 2065 1724 2123; baseline -0.003 -13"><span class='ocrx_word' id='word_1_230' title='bbox 424 2085 596 2123; x_wconf 84' lang='lat' dir='ltr'>rumque</span> <span class='ocrx_word' id='word_1_231' title='bbox 619 2070 721 2122; x_wconf 90' lang='lat' dir='ltr'>parti</span> <span class='ocrx_word' id='word_1_232' title='bbox 737 2069 912 2121; x_wconf 85' lang='lat' dir='ltr'>utrique,</span> <span class='ocrx_word' id='word_1_233' title='bbox 935 2067 1088 2119; x_wconf 88' lang='lat' dir='ltr'>semper</span> <span class='ocrx_word' id='word_1_234' title='bbox 1110 2065 1215 2106; x_wconf 74' lang='lat' dir='ltr'>certe</span> <span class='ocrx_word' id='word_1_235' title='bbox 1237 2067 1363 2114; x_wconf 87' lang='lat' dir='ltr'>alteri,</span> <span class='ocrx_word' id='word_1_236' title='bbox 1386 2081 1564 2120; x_wconf 87' lang='lat' dir='ltr'>gravem,</span> <span class='ocrx_word' id='word_1_237' title='bbox 1595 2081 1724 2120; x_wconf 90' lang='lat' dir='ltr'>quum</span> 
     </span>
     <span class='ocr_line' id='line_1_40' title="bbox 425 2123 1725 2179; baseline -0.003 -11"><span class='ocrx_word' id='word_1_238' title='bbox 425 2127 501 2168; x_wconf 65' lang='lat' dir='ltr'>alia</span> <span class='ocrx_word' id='word_1_239' title='bbox 536 2127 827 2176; x_wconf 85' lang='lat' dir='ltr'>moderatione,</span> <span class='ocrx_word' id='word_1_240' title='bbox 859 2136 947 2165; x_wconf 87' lang='lat' dir='ltr'>tum</span> <span class='ocrx_word' id='word_1_241' title='bbox 984 2124 1190 2178; x_wconf 89' lang='lat' dir='ltr'>impendio</span> <span class='ocrx_word' id='word_1_242' title='bbox 1225 2124 1352 2179; x_wconf 85' lang='lat' dir='ltr'>magis</span> <span class='ocrx_word' id='word_1_243' title='bbox 1388 2124 1567 2177; x_wconf 88' lang='lat' dir='ltr'>publico,</span> <span class='ocrx_word' id='word_1_244' title='bbox 1599 2123 1725 2177; x_wconf 68' lang='lat' dir='ltr'>quam</span> 
     </span>
    </p>

    <p class='ocr_par' dir='ltr' id='par_1_10' title="bbox 1543 2181 1724 2238">
     <span class='ocr_line' id='line_1_41' title="bbox 1543 2181 1724 2238; baseline 0 -16"><span class='ocrx_word' id='word_1_245' title='bbox 1543 2181 1724 2238; x_wconf 63' lang='lat' dir='ltr'>jaE‘curfi,</span> 
     </span>
    </p>
   </div>
   <div class='ocr_carea' id='block_1_7' title="bbox 424 2297 1724 2380">
    <p class='ocr_par' dir='ltr' id='par_1_11' title="bbox 424 2297 1724 2379">
     <span class='ocr_line' id='line_1_42' title="bbox 424 2297 1724 2350; baseline -0.002 -16"><span class='ocrx_word' id='word_1_246' title='bbox 424 2310 497 2334; x_wconf 87' lang='lat' dir='ltr'>rent</span> <span class='ocrx_word' id='word_1_247' title='bbox 516 2302 671 2335; x_wconf 79' lang='lat' dir='ltr'>Caeritum</span> <span class='ocrx_word' id='word_1_248' title='bbox 685 2301 847 2332; x_wconf 82' lang='lat' dir='ltr'>civitatem</span> <span class='ocrx_word' id='word_1_249' title='bbox 864 2299 896 2332; x_wconf 82' lang='lat' dir='ltr'>in</span> <span class='ocrx_word' id='word_1_250' title='bbox 915 2300 1060 2350; x_wconf 47' lang='lat' dir='ltr'>gratiam·</span> <span class='ocrx_word' id='word_1_251' title='bbox 1072 2298 1201 2341; x_wconf 75' lang='lat' dir='ltr'>praebiti</span> <span class='ocrx_word' id='word_1_252' title='bbox 1219 2297 1389 2331; x_wconf 79' lang='lat' dir='ltr'>vestalibus</span> <span class='ocrx_word' id='word_1_253' title='bbox 1413 2297 1556 2341; x_wconf 86' lang='lat' dir='ltr'>hospitii,</span> <span class='ocrx_word' id='word_1_254' title='bbox 1581 2309 1652 2330; x_wconf 86' lang='lat' dir='ltr'>eam</span> <span class='ocrx_word' id='word_1_255' title='bbox 1669 2299 1724 2331; x_wconf 85' lang='lat' dir='ltr'>ha·</span> 
     </span>
     <span class='ocr_line' id='line_1_43' title="bbox 424 2345 1115 2380; baseline -0.004 -1"><span class='ocrx_word' id='word_1_256' title='bbox 424 2348 557 2380; x_wconf 78' lang='lat' dir='ltr'>bendo&#39;</span> <span class='ocrx_word' id='word_1_257' title='bbox 549 2348 715 2378; x_wconf 76' lang='lat' dir='ltr'>innoxiam</span> <span class='ocrx_word' id='word_1_258' title='bbox 728 2347 767 2377; x_wconf 89' lang='lat' dir='ltr'>ab</span> <span class='ocrx_word' id='word_1_259' title='bbox 781 2346 861 2377; x_wconf 85' lang='lat' dir='ltr'>illati</span> <span class='ocrx_word' id='word_1_260' title='bbox 880 2347 916 2376; x_wconf 89' lang='lat' dir='ltr'>b</span> <span class='ocrx_word' id='word_1_261' title='bbox 915 2346 955 2375; x_wconf 73' lang='lat' dir='ltr'>¹lli</span> <span class='ocrx_word' id='word_1_262' title='bbox 973 2345 1115 2376; x_wconf 82' lang='lat' dir='ltr'>crimine.</span> 
     </span>
    </p>
   </div>
   <div class='ocr_carea' id='block_1_8' title="bbox 419 2409 1724 2805">
    <p class='ocr_par' dir='ltr' id='par_1_12' title="bbox 419 2409 1724 2768">
     <span class='ocr_line' id='line_1_44' title="bbox 469 2409 1724 2452; baseline -0.002 -11"><span class='ocrx_word' id='word_1_263' title='bbox 469 2414 508 2444; x_wconf 92' lang='lat' dir='ltr'>C.</span> <span class='ocrx_word' id='word_1_264' title='bbox 529 2421 584 2443; x_wconf 82' lang='lat'>21.</span> <span class='ocrx_word' id='word_1_265' title='bbox 607 2410 662 2452; x_wconf 86' lang='lat'>(1)</span> <span class='ocrx_word' id='word_1_266' title='bbox 685 2409 734 2440; x_wconf 87' lang='lat' dir='ltr'>Sic</span> <span class='ocrx_word' id='word_1_267' title='bbox 751 2409 823 2439; x_wconf 79' lang='lat' dir='ltr'>Sall.</span> <span class='ocrx_word' id='word_1_268' title='bbox 840 2409 871 2438; x_wconf 85' lang='lat' dir='ltr'>in</span> <span class='ocrx_word' id='word_1_269' title='bbox 889 2411 950 2450; x_wconf 47' lang='lat' dir='ltr'>ju:</span> <span class='ocrx_word' id='word_1_270' title='bbox 934 2419 951 2432; x_wconf 68' lang='grc' dir='ltr'><strong>Π</strong></span> <span class='ocrx_word' id='word_1_271' title='bbox 979 2419 1003 2439; x_wconf 77' lang='lat' dir='ltr'>c.</span> <span class='ocrx_word' id='word_1_272' title='bbox 1022 2418 1072 2446; x_wconf 83' lang='lat'>27.</span> <span class='ocrx_word' id='word_1_273' title='bbox 1099 2409 1193 2438; x_wconf 80' lang='lat' dir='ltr'>Omnis</span> <span class='ocrx_word' id='word_1_274' title='bbox 1209 2409 1319 2438; x_wconf 76' lang='lat' dir='ltr'>invidia</span> <span class='ocrx_word' id='word_1_275' title='bbox 1331 2409 1506 2449; x_wconf 67' lang='lat' dir='ltr'>prolatandis</span> <span class='ocrx_word' id='word_1_276' title='bbox 1521 2409 1724 2449; x_wconf 76' lang='lat' dir='ltr'>cotfidtationi-</span> 
     </span>
     <span class='ocr_line' id='line_1_45' title="bbox 422 2451 1722 2497; baseline -0.005 -9"><span class='ocrx_word' id='word_1_277' title='bbox 422 2459 467 2488; x_wconf 80' lang='lat' dir='ltr'>bus</span> <span class='ocrx_word' id='word_1_278' title='bbox 484 2460 542 2487; x_wconf 65' lang='lat' dir='ltr'>dila</span> <span class='ocrx_word' id='word_1_279' title='bbox 530 2459 592 2497; x_wconf 71' lang='lat' dir='ltr'>psl</span> <span class='ocrx_word' id='word_1_280' title='bbox 609 2463 678 2486; x_wconf 74' lang='lat' dir='ltr'>erat.</span> <span class='ocrx_word' id='word_1_281' title='bbox 723 2454 990 2495; x_wconf 57' lang='lat' dir='ltr'>Vid.†jt1rliui1p</span> <span class='ocrx_word' id='word_1_282' title='bbox 988 2457 1003 2482; x_wconf 85' lang='lat' dir='ltr'>i</span> <span class='ocrx_word' id='word_1_283' title='bbox 1028 2457 1055 2484; x_wconf 79' lang='lat' dir='ltr'>in</span> <span class='ocrx_word' id='word_1_284' title='bbox 1073 2453 1131 2483; x_wconf 77' lang='lat' dir='ltr'>dus</span> <span class='ocrx_word' id='word_1_285' title='bbox 1155 2454 1224 2493; x_wconf 68' lang='lat' dir='ltr'>tfits.</span> <span class='ocrx_word' id='word_1_286' title='bbox 1273 2452 1383 2483; x_wconf 78' lang='lat' dir='ltr'>Verbo</span> <span class='ocrx_word' id='word_1_287' title='bbox 1394 2455 1544 2494; x_wconf 73' lang='lat' dir='ltr'>prolatare</span> <span class='ocrx_word' id='word_1_288' title='bbox 1557 2451 1672 2482; x_wconf 79' lang='lat' dir='ltr'>Livlus</span> <span class='ocrx_word' id='word_1_289' title='bbox 1688 2453 1722 2481; x_wconf 75' lang='grc' dir='ltr'>δε</span> 
     </span>
     <span class='ocr_line' id='line_1_46' title="bbox 423 2496 1722 2540; baseline -0.005 -7"><span class='ocrx_word' id='word_1_290' title='bbox 423 2502 478 2534; x_wconf 85' lang='lat' dir='ltr'>alii</span> <span class='ocrx_word' id='word_1_291' title='bbox 495 2514 545 2533; x_wconf 87' lang='lat' dir='ltr'>au</span> <span class='ocrx_word' id='word_1_292' title='bbox 539 2503 644 2532; x_wconf 61' lang='lat' dir='ltr'>¹stores</span> <span class='ocrx_word' id='word_1_293' title='bbox 660 2498 774 2540; x_wconf 75' lang='lat' dir='ltr'>saepius</span> <span class='ocrx_word' id='word_1_294' title='bbox 791 2510 850 2540; x_wconf 86' lang='lat' dir='ltr'>pro</span> <span class='ocrx_word' id='word_1_295' title='bbox 867 2500 1026 2539; x_wconf 77' lang='lat' dir='ltr'>proferre,</span> <span class='ocrx_word' id='word_1_296' title='bbox 1051 2499 1096 2528; x_wconf 76' lang='lat' dir='ltr'>usi</span> <span class='ocrx_word' id='word_1_297' title='bbox 1122 2498 1208 2528; x_wconf 86' lang='lat' dir='ltr'>sunt.</span> <span class='ocrx_word' id='word_1_298' title='bbox 1253 2499 1302 2528; x_wconf 77' lang='lat' dir='ltr'>lta</span> <span class='ocrx_word' id='word_1_299' title='bbox 1323 2496 1455 2538; x_wconf 82' lang='lat' dir='ltr'>supral.</span> <span class='ocrx_word' id='word_1_300' title='bbox 1476 2506 1503 2528; x_wconf 91' lang='lat'>2.</span> <span class='ocrx_word' id='word_1_301' title='bbox 1519 2507 1545 2528; x_wconf 96' lang='lat' dir='ltr'>c.</span> <span class='ocrx_word' id='word_1_302' title='bbox 1562 2498 1613 2536; x_wconf 82' lang='lat'>36.</span> <span class='ocrx_word' id='word_1_303' title='bbox 1635 2496 1722 2529; x_wconf 80' lang='lat' dir='ltr'>infra</span> 
     </span>
     <span class='ocr_line' id='line_1_47' title="bbox 423 2542 1711 2584; baseline -0.004 -7"><span class='ocrx_word' id='word_1_304' title='bbox 423 2547 608 2584; x_wconf 72' lang='grc' dir='ltr'>1...21ςς.</span> <span class='ocrx_word' id='word_1_305' title='bbox 624 2545 916 2581; x_wconf 76' lang='lat' dir='ltr'>Tac.lr5..Ann</span> <span class='ocrx_word' id='word_1_306' title='bbox 940 2554 964 2573; x_wconf 84' lang='lat' dir='ltr'>c.</span> <span class='ocrx_word' id='word_1_307' title='bbox 993 2553 1045 2581; x_wconf 80' lang='lat'>51.</span> <span class='ocrx_word' id='word_1_308' title='bbox 1073 2544 1091 2573; x_wconf 86' lang='lat' dir='ltr'>l.</span> <span class='ocrx_word' id='word_1_309' title='bbox 1121 2552 1169 2581; x_wconf 76' lang='lat'>13.</span> <span class='ocrx_word' id='word_1_310' title='bbox 1198 2553 1223 2572; x_wconf 91' lang='lat' dir='ltr'>c.</span> <span class='ocrx_word' id='word_1_311' title='bbox 1254 2552 1305 2581; x_wconf 83' lang='lat'>34.</span> <span class='ocrx_word' id='word_1_312' title='bbox 1334 2542 1404 2573; x_wconf 89' lang='lat' dir='ltr'>Cic.</span> <span class='ocrx_word' id='word_1_313' title='bbox 1431 2544 1711 2579; x_wconf 82' lang='lat' dir='ltr'>or..4Cat.c.3.</span> 
     </span>
     <span class='ocr_line' id='line_1_48' title="bbox 422 2585 1721 2637; baseline -0.007 -13"><span class='ocrx_word' id='word_1_314' title='bbox 422 2593 479 2633; x_wconf 86' lang='lat'>(2)</span> <span class='ocrx_word' id='word_1_315' title='bbox 503 2594 565 2623; x_wconf 82' lang='lat' dir='ltr'>Cui</span> <span class='ocrx_word' id='word_1_316' title='bbox 556 2603 598 2622; x_wconf 59' lang='lat' dir='ltr'>ve</span> <span class='ocrx_word' id='word_1_317' title='bbox 618 2592 648 2621; x_wconf 84' lang='lat'>&amp;</span> <span class='ocrx_word' id='word_1_318' title='bbox 664 2589 792 2621; x_wconf 79' lang='lat' dir='ltr'>dolores</span> <span class='ocrx_word' id='word_1_319' title='bbox 809 2590 827 2618; x_wconf 69' lang='lat' dir='ltr'>d</span> <span class='ocrx_word' id='word_1_320' title='bbox 832 2600 848 2619; x_wconf 85' lang='lat' dir='ltr'>e</span> <span class='ocrx_word' id='word_1_321' title='bbox 867 2588 1000 2629; x_wconf 79' lang='lat' dir='ltr'>privatis</span> <span class='ocrx_word' id='word_1_322' title='bbox 1018 2587 1228 2618; x_wconf 76' lang='lat' dir='ltr'>incommodis</span> <span class='ocrx_word' id='word_1_323' title='bbox 1283 2587 1338 2627; x_wconf 81' lang='lat'>(3)</span> <span class='ocrx_word' id='word_1_324' title='bbox 1362 2589 1512 2637; x_wconf 49' lang='lat' dir='ltr'>Uimque</span> <span class='ocrx_word' id='word_1_325' title='bbox 1527 2587 1625 2617; x_wconf 88' lang='lat' dir='ltr'>modo</span> <span class='ocrx_word' id='word_1_326' title='bbox 1637 2585 1721 2616; x_wconf 86' lang='lat' dir='ltr'>anti-</span> 
     </span>
     <span class='ocr_line' id='line_1_49' title="bbox 422 2631 1718 2677; baseline -0.007 -9"><span class='ocrx_word' id='word_1_327' title='bbox 422 2638 479 2677; x_wconf 74' lang='lat' dir='ltr'>qui</span> <span class='ocrx_word' id='word_1_328' title='bbox 496 2637 648 2667; x_wconf 80' lang='lat' dir='ltr'>dixerunt</span> <span class='ocrx_word' id='word_1_329' title='bbox 665 2648 717 2665; x_wconf 78' lang='lat' dir='ltr'>unct</span> <span class='ocrx_word' id='word_1_330' title='bbox 720 2638 748 2664; x_wconf 78' lang='lat'><em>›11&#39;</em></span> <span class='ocrx_word' id='word_1_331' title='bbox 750 2647 793 2664; x_wconf 73' lang='lat' dir='ltr'>mi.</span> <span class='ocrx_word' id='word_1_332' title='bbox 796 2648 808 2663; x_wconf 78' lang='lat' dir='ltr'>s</span> <span class='ocrx_word' id='word_1_333' title='bbox 832 2635 862 2663; x_wconf 66' lang='lat' dir='ltr'>Sc</span> <span class='ocrx_word' id='word_1_334' title='bbox 880 2647 930 2663; x_wconf 70' lang='lat' dir='ltr'>un</span> <span class='ocrx_word' id='word_1_335' title='bbox 927 2637 981 2663; x_wconf 64' lang='lat' dir='ltr'>nin</span> <span class='ocrx_word' id='word_1_336' title='bbox 982 2636 1033 2668; x_wconf 66' lang='grc' dir='ltr'><em>,εἰς</em></span> <span class='ocrx_word' id='word_1_337' title='bbox 1061 2633 1335 2672; x_wconf 79' lang='lat' dir='ltr'>quemadmodum</span> <span class='ocrx_word' id='word_1_338' title='bbox 1352 2640 1448 2662; x_wconf 76' lang='lat' dir='ltr'>etlam</span> <span class='ocrx_word' id='word_1_339' title='bbox 1464 2634 1604 2661; x_wconf 77' lang='lat' dir='ltr'>exanimus</span> <span class='ocrx_word' id='word_1_340' title='bbox 1621 2631 1653 2660; x_wconf 73' lang='grc' dir='ltr'>δε</span> <span class='ocrx_word' id='word_1_341' title='bbox 1668 2643 1718 2660; x_wconf 81' lang='lat' dir='ltr'>ex-</span> 
     </span>
     <span class='ocr_line' id='line_1_50' title="bbox 419 2677 1720 2723; baseline -0.006 -11"><span class='ocrx_word' id='word_1_342' title='bbox 419 2683 713 2723; x_wconf 74' lang='lat' dir='ltr'>animis‚fimi11nimus</span> <span class='ocrx_word' id='word_1_343' title='bbox 727 2681 1012 2719; x_wconf 66' lang='lat' dir='ltr'>&amp;fimit1nimis,fii.</span> <span class='ocrx_word' id='word_1_344' title='bbox 1011 2680 1066 2718; x_wconf 66' lang='grc' dir='ltr'><em>1.]ῗί</em></span> <span class='ocrx_word' id='word_1_345' title='bbox 1064 2692 1122 2707; x_wconf 76' lang='grc' dir='ltr'><em>·ιιιιι</em></span> <span class='ocrx_word' id='word_1_346' title='bbox 1125 2693 1136 2708; x_wconf 84' lang='lat' dir='ltr'>s</span> <span class='ocrx_word' id='word_1_347' title='bbox 1154 2679 1183 2707; x_wconf 63' lang='lat' dir='ltr'>a&amp;</span> <span class='ocrx_word' id='word_1_348' title='bbox 1188 2679 1367 2717; x_wconf 62' lang='grc' dir='ltr'><em>[πιζβιννηιίς.</em></span> <span class='ocrx_word' id='word_1_349' title='bbox 1411 2677 1466 2716; x_wconf 83' lang='grc'>(4)</span> <span class='ocrx_word' id='word_1_350' title='bbox 1491 2678 1592 2706; x_wconf 87' lang='lat' dir='ltr'>Graec.</span> <span class='ocrx_word' id='word_1_351' title='bbox 1609 2687 1720 2718; x_wconf 60' lang='grc' dir='ltr'>τραπε-</span> 
     </span>
     <span class='ocr_line' id='line_1_51' title="bbox 423 2719 1716 2768; baseline -0.006 -11"><span class='ocrx_word' id='word_1_352' title='bbox 423 2727 518 2765; x_wconf 72' lang='grc' dir='ltr'><em>ζι-τας.</em></span> <span class='ocrx_word' id='word_1_353' title='bbox 564 2727 669 2768; x_wconf 61' lang='lat' dir='ltr'>Alsensa</span> <span class='ocrx_word' id='word_1_354' title='bbox 686 2724 729 2756; x_wconf 86' lang='lat' dir='ltr'>est</span> <span class='ocrx_word' id='word_1_355' title='bbox 745 2724 854 2756; x_wconf 80' lang='lat' dir='ltr'>tabula</span> <span class='ocrx_word' id='word_1_356' title='bbox 871 2724 905 2755; x_wconf 87' lang='lat' dir='ltr'>in</span> <span class='ocrx_word' id='word_1_357' title='bbox 931 2723 995 2764; x_wconf 56' lang='lat' dir='ltr'>quii</span> <span class='ocrx_word' id='word_1_358' title='bbox 1022 2722 1195 2765; x_wconf 67' lang='lat' dir='ltr'>argentarii</span> <span class='ocrx_word' id='word_1_359' title='bbox 1225 2721 1395 2764; x_wconf 66' lang='lat' dir='ltr'>pecuniam</span> <span class='ocrx_word' id='word_1_360' title='bbox 1417 2727 1599 2752; x_wconf 78' lang='lat' dir='ltr'>numerant.</span> <span class='ocrx_word' id='word_1_361' title='bbox 1645 2719 1716 2750; x_wconf 89' lang='lat' dir='ltr'>Cic.</span> 
     </span>
    </p>

    <p class='ocr_par' dir='ltr' id='par_1_13' title="bbox 1651 2773 1715 2805">
     <span class='ocr_line' id='line_1_52' title="bbox 1651 2773 1715 2805; baseline 0.031 -12"><span class='ocrx_word' id='word_1_362' title='bbox 1651 2773 1715 2805; x_wconf 77' lang='lat' dir='ltr'>pro</span> 
     </span>
    </p>
   </div>
  </div>
 </body>
</html>
