1853 3158
301 263 585 310 LIBER
642 260 720 302 VI.
780 258 964 302 cAP.
1024 259 1205 303 xxvn.
1565 265 1616 306 41

116 398 194 440 que
227 384 337 439 eguit
369 394 509 429 annus,
541 382 603 434 (1)
636 376 810 417 maxime
840 387 1003 432 propter
1030 376 1224 417 incertam
1255 373 1404 414 famam
1424 380 1593 430 Maxf'mum

117 444 206 483 aeris
227 441 343 482 alieni
359 457 370 489 3
393 435 697 493 aggravantibus
711 435 908 474 summam
924 435 1044 475 etiam
1062 433 1220 473 invidiae
1241 435 1302 487 (2)
1320 433 1354 487 ej
1362 445 1407 472 us
1423 438 1457 455 ‘²³
1473 426 1592 454 (ΛΜΨ

119 500 288 540 tribunis
310 497 448 552 plebis,
479 507 606 547 quum
639 493 687 532 ab
709 493 755 532 iis
776 494 1010 541 elevaretur,
1040 491 1187 546 quibus
1216 490 1293 530 fide
1326 504 1410 529 ma·
1425 471 1530 501 Rome.

120 559 195 613 gis,
227 555 348 610 quam
370 551 546 600 fortuna,
577 550 811 590 debentium
844 549 1022 589 laborare
1055 549 1253 589 creditum
1286 547 1412 587 videri

121 613 368 669 expediebat.
428 608 563 650 Creati
579 608 761 648 censores
782 607 832 648 C.
849 607 1052 659 Sulpicius
1074 606 1327 655 Camerinus,
1343 605 1413 658 Sp.

122 671 350 714 Postumius
368 666 618 721 Regillensis.
641 674 854 718 coeptaque
872 665 956 719 jam
974 678 1035 703 res
1055 674 1183 703 morte
1204 662 1416 712 Postumii,

124 733 188 784 (3)
209 729 302 782 quia
323 727 518 780 collegam
548 723 674 763 suffici
695 721 847 762 censori
878 721 1017 775 religio
1038 731 1137 769 erat,
1169 721 1419 774 interpellata

124 788 194 827 est.
255 785 383 839 Igitur
405 796 532 836 quum
551 780 754 835 Sulpicius
774 778 984 819 abdicasset
1005 777 1042 817 se
1060 777 1309 832 magistratu,
1326 791 1421 818 cen-

126 845 232 884 sores
258 842 339 893 alii,
368 841 466 881 vitio
503 839 640 887 creati,
670 852 753 878 non
788 837 986 891 gesserunt
1022 835 1311 889 magistratum.
1343 844 1422 874 ter-

126 903 203 942 tios
224 900 349 941 creari
373 900 495 951 (velut
516 897 607 936 Diis
637 910 718 935 non
750 893 1038 947 accipientibus
1070 892 1111 931 in
1143 906 1237 931 eum
1269 906 1422 931 annum

127 958 353 1010 censuram)
387 962 412 1009 †
438 953 667 1008 religiosum
694 952 785 992 fuit.
846 952 947 991 Eam
977 965 1072 991 vero
1105 949 1422 990 ludificationem
1443 954 1541 986 Trito.
1559 954 1609 984 Pl.

129 1016 256 1071 plebis
296 1014 446 1054 tribuni
485 1012 694 1051 ferendam
730 1008 944 1065 negabant.
1008 1011 1068 1062 (4)
1090 1008 1235 1062 Fugere
1248 1001 1633 1061 finatumsqdi‘ivswm·

129 1074 243 1129 testes,
274 1072 417 1112 tabulas
444 1070 625 1123 publicas,
655 1068 779 1122 census
799 1068 983 1122 cujusque,
1019 1067 1106 1120 quia
1137 1066 1251 1104 nolint
1277 1066 1425 1120 confici
1441 1054 1489 1077 '¹⁰’

117 1133 305 1188 summam
326 1130 409 1168 aeris
428 1128 552 1176 alieni,
583 1142 660 1181 quce
693 1126 904 1165 indicatura
924 1124 994 1179 sit,
1025 1123 1220 1178 demersam
1234 1132 1382 1176 partem
1402 1139 1426 1162 a

123 1197 235 1244 parte
253 1188 443 1227 civitatis:
475 1200 587 1238 quum
620 1185 769 1223 interim
800 1183 990 1221 obaeratam
1017 1181 1154 1234 plebem
1176 1183 1238 1234 (5)
1258 1181 1429 1234 objectari

131 1247 218 1286 aliis
236 1254 344 1298 atque
363 1244 448 1284 aliis
463 1243 626 1298 hostibus.
688 1239 827 1295 Paffim
836 1241 925 1294 jam
921 1239 1006 1294 sine
1026 1239 1096 1278 ullo
1111 1238 1317 1293 discrimine
1339 1239 1429 1277 bella

133 1305 260 1358 quaeri.
292 1303 336 1341 ab
357 1302 473 1340 Antio
491 1300 691 1348 Satricum,
713 1300 757 1337 ab
775 1298 915 1337 Satrico
934 1297 1110 1345 Velitras,
1128 1296 1209 1336 inde
1232 1294 1431 1352 Tusculum

135 1363 287 1415 legiones
306 1360 448 1399 doctas.
509 1357 678 1404 Latinis,
712 1355 905 1406 Hernicis,
938 1355 1171 1410 Praenfstinis
1193 1356 1283 1409 jam
1312 1356 1433 1393 inten-

138 1419 217 1458 tari
237 1432 374 1462 arma‚·
407 1416 546 1455 civium
568 1415 687 1467 magis
716 1413 829 1467 quam
864 1412 1012 1469 hostium
1043 1412 1139 1458 odio3
1173 1423 1214 1451 ut
1245 1413 1283 1451 in
1315 1413 1434 1451 armis

139 1484 265 1516 terant
284 1475 438 1528 plebem,
470 1488 533 1512 nec
552 1472 731 1527 respirare
750 1472 789 1510 in
819 1471 920 1520 urbe,
949 1479 1016 1509 aut
1034 1480 1106 1523 per
1124 1471 1236 1509 otium
1255 1470 1436 1508 libertatis

141 1532 334 1587 meminiffi’
337 1531 483 1586 sinant,
514 1539 581 1569 aut
595 1528 770 1585 corffstere
784 1530 823 1567 in
836 1529 1009 1578 concione,
1041 1529 1102 1567 ubi
1115 1527 1310 1581 aliquando
1329 1527 1438 1566 audi-

142 1599 210 1630 ant
238 1605 356 1629 vocem
387 1589 639 1635 tribuniciam,
667 1586 710 1626 de
740 1585 892 1625 levando
906 1585 1054 1641 faenore
1089 1585 1140 1626 Εἴ
1160 1584 1246 1639 fine
1274 1585 1438 1624 aliarum

143 1649 374 1702 injuriarum
395 1654 572 1699 agentem.
635 1641 860 1698 Qubdfistt
873 1644 1021 1682 animus
1028 1642 1125 1694 plebi
1141 1657 1275 1682 memor
1282 1650 1439 1695 patrum

145 1706 342 1754 libertatis,
353 1704 396 1758 se
416 1718 479 1741 nec
495 1702 617 1741 addici
628 1716 832 1754 quenquam
849 1701 965 1739 civem
982 1700 1192 1739 Romanum
1206 1700 1243 1738 ob
1263 1700 1441 1739 creditam

139 1764 334 1817 pecuniam
366 1760 548 1816 paffuros,
594 1774 705 1812 neque
739 1758 911 1797 delectum
951 1757 1077 1797 haberi
1093 1779 1107 1803 ,-
1142 1756 1261 1807 donec,
1294 1758 1443 1811 inspeHo

146 1836 214 1860 aere
232 1820 361 1866 alieno,
392 1819 558 1870 initaque
578 1818 717 1856 ratione
746 1815 934 1854 minuendi
961 1816 1052 1870 ejus,
1071 1815 1171 1869 sciat
1191 1815 1443 1870 unusquisque,

148 1878 240 1932 quid
245 1878 324 1932 sui,
353 1875 444 1929 quid
460 1876 571 1914 alieni
572 1873 654 1928 stt.-
687 1874 749 1927 (6)
768 1871 925 1927 superfit
938 1872 1014 1928 fibi
1037 1873 1189 1912 liberum
1219 1883 1362 1925 corpus,
1394 1887 1445 1911 an

149 1936 191 1975 id
207 1950 341 1990 quoque
361 1949 474 1972 nervo
490 1932 676 1971 debeatur.
733 1931 893 1970 Merces
915 1929 1118 1970 seditionis
1134 1931 1332 1985 proposita
1350 1944 1447 1970 con-

149 1993 283 2035 festim
312 1990 547 2031 seditionem
578 1989 778 2030 excitavit.
810 2002 903 2028 nam
938 1991 978 2030 δι
1005 1987 1292 2028 addicebantur
1313 1988 1448 2038 multi,

1334 2045 1448 2087 &ad

201 2168 237 2199 C.
255 2176 305 2206 27.
328 2166 383 2208 (1)
406 2164 550 2197 Maxime
578 2171 714 2206 propter
735 2161 842 2195 varios
866 2162 897 2194 Sc
914 2162 1054 2195 incertos
1071 2172 1216 2194 rumores
1233 2162 1273 2193 de
1290 2161 1450 2204 magnitu-

158 2211 233 2243 dine
245 2212 316 2242 aeris
329 2211 434 2249 alieni,
456 2222 494 2241 ex
510 2221 548 2241 eo
565 2218 654 2240 ortos
671 2209 760 2249 quod
776 2208 851 2239 hinc
868 2207 990 2239 tribuni
1010 2207 1110 2250 plebis
1124 2215 1277 2249 augerent
1295 2219 1362 2238 rem
1379 2218 1450 2238 ver-

158 2255 221 2293 bis,
242 2257 274 2286 &
298 2256 519 2297 exaggerando
543 2253 782 2284 invidiosiorem
809 2253 917 2291 etiam,
939 2256 1037 2294 quam
1064 2252 1183 2283 veritas
1211 2252 1346 2289 ferebat,
1368 2254 1452 2284 face-

161 2308 254 2338 rent3
276 2300 364 2331 illinc
392 2299 505 2331 contra
537 2309 605 2329 rem
635 2306 845 2329 extenuarent
870 2297 904 2335 ii,
926 2298 1044 2338 quibus
1070 2296 1259 2338 expediebat
1286 2297 1326 2327 sic
1351 2297 1452 2328 existi-

162 2345 255 2381 mari,
276 2344 467 2375 solutionem
484 2343 680 2375 creditarum
704 2342 914 2384 pecuniarum
935 2343 1008 2373 ideo
1036 2341 1143 2384 potius
1170 2341 1359 2382 impeditam
1382 2342 1454 2379 effe,

163 2390 253 2432 quod
287 2389 376 2426 fides,
412 2388 509 2428 quarn
537 2388 626 2429 quod
653 2389 785 2418 fortuna
812 2388 963 2418 debentes
996 2387 1155 2418 deficeret.
1202 2388 1248 2417 Ut
1279 2394 1387 2417 autem
1418 2387 1452 2417 in

162 2434 223 2466 hac
248 2433 403 2464 varietate
427 2433 609 2463 sermonum
630 2431 741 2472 dispici
766 2431 880 2473 posset,
901 2432 979 2473 quid
996 2442 1110 2463 verum
1129 2433 1226 2468 foret,
1248 2430 1329 2461 nihil
1357 2431 1454 2462 satius

164 2486 245 2516 erat,
277 2483 377 2518 quam
408 2476 604 2518 singulorum
634 2476 802 2507 facultates
833 2487 892 2517 per
923 2476 1052 2507 censum
1081 2475 1203 2517 inspici.
1248 2476 1303 2516 (2)
1337 2478 1455 2507 Invidia

165 2523 219 2556 h'ic
236 2523 372 2556 sumitur
389 2533 451 2563 pro
478 2532 512 2551 re
533 2519 701 2556 invidiosfi,
725 2530 797 2560 quae
822 2520 865 2551 est
891 2521 982 2552 causa
1007 2519 1155 2552 invidiae:
1181 2521 1456 2561 quemadmodum

162 2571 251 2601 odium
269 2576 505 2607 nonnunquam
521 2576 582 2606 pro
598 2564 728 2596 homine
743 2564 864 2601 odioso,
879 2565 934 2606 qui
946 2565 988 2596 est
1003 2566 1167 2607 objectum
1183 2565 1291 2596 modii.
1336 2567 1376 2596 Et
1394 2565 1456 2596 hoc

163 2614 255 2645 sensu
279 2613 374 2643 Titus
399 2611 576 2652 imperator
601 2623 676 2640 amor
700 2623 733 2639 ac
752 2611 852 2640 delicia>
862 2614 971 2651 generis
994 2612 1106 2641 humani
1132 2618 1269 2641 vocatur
1294 2610 1457 2641 Suetonio.

167 2660 223 2700 (3)
239 2657 304 2688 Vid
322 2658 417 2698 supra
435 2656 454 2686 l.
471 2665 500 2694 5.
517 2666 542 2685 c.
557 2664 606 2694 31.
653 2654 708 2694 (4)
731 2654 827 2685 Nolle
842 2654 986 2686 senatum
1009 2655 1098 2686 testes
1126 2655 1245 2686 habere
1266 2654 1378 2686 census
1402 2665 1457 2685 cu-

164 2703 286 2746 iusque,
311 2701 435 2733 tabulas
463 2699 617 2741 publicas.
644 2700 662 2739 †
688 2701 830 2741 ajssfftioo
875 2700 930 2740 (5)
952 2701 971 2739 †
995 2702 1134 2743 Enallage
1158 2703 1236 2731 modi.
1280 2699 1336 2740 (6)
1358 2701 1377 2739 †
1393 2701 1457 2730 An.

1272 2744 1328 2787 (7)
1353 2745 1457 2775 Minor
