1853 3158
381 299 663 345 LIBER
723 299 799 341 VI.
858 299 1040 344 CAP.
1131 303 1329 347 XXXIV.

211 427 366 470 rentur,
396 418 437 458 in
458 417 642 471 exiguam
663 416 714 455 de
742 416 780 456 se
813 417 903 470 ipfis
936 416 1045 472 spem
1081 429 1264 461 verterat.
1325 421 1502 463 Tollitur

210 490 261 515 ex
298 489 386 516 arce
419 476 567 515 clamor
603 473 651 513 ab
671 473 936 515 Tusculanis:
966 477 1164 530 excipitur
1191 479 1395 532 aliquanto
1417 496 1502 520 rna-

205 534 293 589 jore
326 533 374 573 ab
403 531 580 571 exercitu
607 531 810 572 Romano.
872 533 1079 586 Utrinque
1117 547 1311 590 urgentur
1342 538 1501 578 Latini:

209 605 282 630 nec
315 590 486 643 impetus
512 589 853 639 Tusculanorum,
886 591 1185 632 decurrentium
1219 608 1266 634 ex
1302 595 1502 648 superiore

207 650 311 696 loco,
342 646 556 686 sustinent:
586 660 660 686 nec
697 647 923 697 Romanos,
955 648 1168 690 subeuntes
1201 653 1352 692 moenia
1386 654 1502 693 moli-

207 705 396 757 entesque
417 703 550 744 obices
578 714 802 758 portarurn,
833 718 967 744 arcere
999 707 1168 758 pofl'unt.
1229 710 1354 749 scalis
1388 711 1501 764 prius

208 762 357 802 moenia
379 771 519 814 capta3
552 762 644 802 inde
665 762 830 802 effra<3³m
851 762 1021 802 claustra
1041 774 1260 816 portarurn.
1295 770 1335 806 δε
1373 784 1500 821 quum

206 833 351 872 anceps
370 818 493 859 hostis
517 822 555 859 δε
580 835 601 859 a
622 819 754 859 fronte
778 823 818 861 δε
840 835 862 859 a
879 829 992 874 tergo
1015 831 1199 875 urgeret3
1232 837 1305 862 nec
1329 826 1377 863 ad
1400 842 1500 880 pug-

205 890 300 918 nam
328 877 408 916 ulla
433 877 507 925 vis,
537 891 611 917 nec
643 879 692 917 ad
725 877 865 932 sugam
897 878 975 918 loci
1012 880 1229 932 quicquam
1263 881 1499 934 superess'et3

204 934 247 975 in
268 934 401 974 medio
423 935 508 974 caefi
533 936 583 974 ad
603 949 731 974 unum
753 949 905 975 omnes.
969 936 1224 990 Recuperato
1251 938 1299 978 ab
1320 939 1500 983 hostibus

203 991 400 1041 Tusculo,
432 992 629 1032 exercitus
652 993 829 1032 Romam
846 992 901 1032 est
919 993 1124 1035 reduetus.

261 1049 463 1089 XXXIV.
494 1052 554 1104 (1)
581 1050 747 1106 Qanto
779 1051 906 1105 magis
937 1052 1132 1105 prosperis
1169 1066 1217 1092 eo
1248 1068 1354 1094 anno
1387 1055 1502 1098 bellis

203 1108 418 1160 tranquilla
434 1107 568 1147 omnia
590 1107 687 1148 foris
708 1118 836 1158 erant,
868 1112 929 1163 (2)
951 1118 1061 1148 tanto
1079 1110 1120 1148 in
1141 1110 1237 1150 urbe
1260 1112 1317 1151 vis
1335 1116 1502 1155 Patrum

202 1164 246 1204 in
282 1165 365 1204 dies
396 1165 643 1219 miseriaeque
665 1165 791 1219 plebis
814 1166 1066 1215 crescebant3
1100 1170 1161 1222 (3)
1184 1183 1310 1222 quum
1333 1184 1380 1210 eo
1402 1172 1503 1225 ipso,

203 1221 317 1274 quod
353 1223 502 1262 necefl'e
539 1232 622 1262 erat
658 1223 772 1274 solvi,
803 1223 972 1264 facultas
1013 1225 1190 1265 solvendi
1225 1226 1500 1280 impediretur.

206 1279 365 1333 Itaque,
394 1294 524 1332 quum
552 1282 637 1336 jam
670 1294 720 1320 ex
755 1295 798 1320 re
831 1281 931 1321 nihil
963 1282 1047 1322 dari
1076 1283 1213 1337 posset,
1245 1288 1306 1338 (4)
1329 1285 1436 1327 fama
1458 1291 1501 1329 δε

206 1351 389 1391 corpore,
400 1338 570 1391 judicati
590 1347 709 1393 atque
727 1339 893 1387 addisti,
907 1340 1169 1381 creditoribus
1191 1341 1502 1397 satisfaciebant,

204 1397 268 1448 (5)
284 1408 486 1447 poenaque
503 1395 544 1434 in
560 1395 688 1435 vicem
704 1396 797 1436 fidei
814 1397 987 1438 cesserat.
1023 1396 1142 1437 Adeb
1157 1412 1252 1453 ergo
1265 1405 1290 1453 †
1304 1401 1502 1447 obnoxios

204 1451 482 1491 summiserant
522 1453 678 1493 animos
715 1468 796 1493 non
834 1453 963 1493 infimi
1005 1454 1148 1505 solum,
1194 1457 1260 1495 sed
1300 1460 1502 1514 principes

203 1509 326 1548 etiam
347 1509 489 1562 plebis,
521 1520 566 1549 ut
580 1516 604 1563 †
625 1525 707 1550 non
729 1512 850 1551 modo
869 1513 917 1551 ad
934 1512 1183 1553 tribunatum
1200 1515 1376 1555 militum
1398 1518 1503 1558 inter

203 1566 392 1619 patricios
413 1569 648 1620 petendum,
678 1570 788 1621 quod
810 1569 920 1609 tant&
947 1571 999 1619 vi,
1032 1581 1076 1610 ut
1095 1571 1247 1620 liceret,
1276 1579 1302 1626 †
1322 1577 1503 1615 tetende-

203 1632 318 1672 rant3
350 1624 417 1663 sed
437 1630 462 1676 †
481 1638 531 1664 ne
553 1626 602 1664 ad
622 1626 797 1679 plebeios
826 1627 991 1679 quidem
1021 1629 1275 1683 magistratus
1302 1634 1502 1685 capessen-

204 1681 277 1720 dos
299 1681 569 1735 petendosque
600 1683 670 1721 ulli
695 1683 780 1723 viro
801 1684 882 1723 acri
913 1686 974 1739 (6)
1007 1687 1309 1740 experientique
1342 1691 1500 1734 animus

203 1738 320 1778 esset:
351 1739 703 1793 poffefflonemque
724 1740 905 1793 honoris,
935 1747 961 1794 †
989 1742 1166 1796 usurpati
1194 1742 1317 1784 modo
1341 1761 1362 1785 a
1384 1749 1500 1801 plebe

203 1809 274 1849 per
293 1810 444 1849 paucos
465 1810 606 1846 annos,
638 1799 881 1852 recuperasse
908 1799 949 1839 in
970 1811 1211 1856 perpetuum
1231 1802 1369 1844 Patres
1391 1806 1501 1845 vide-

1346 1873 1497 1909 rentur,

248 1971 285 2001 C.
305 1979 360 2009 34.
383 1970 439 2013 (1)
461 1971 649 2004 Dodwellus
665 1973 706 2004 de
723 1974 803 2016 Cyc.
820 1973 947 2006 Differt.
967 1984 1016 2007 10.
1029 1975 1061 2015 ς.
1080 1974 1131 2008 82.
1154 1987 1256 2008 unum
1273 1977 1306 2009 ln
1330 1978 1429 2011 Livio
1445 1980 1501 2012 de.⁵

203 2013 264 2044 ess'e
277 2026 398 2046 annum
414 2016 602 2056 existimans,
625 2029 699 2049 eum
711 2017 764 2050 h'ic
781 2019 986 2051 inserendum
1002 2021 1127 2059 censet3
1149 2022 1280 2063 ejusque
1296 2024 1373 2054 anni
1395 2025 1500 2057 tribu-

204 2069 262 2089 nos
279 2059 309 2091 se
324 2060 358 2091 in
374 2059 522 2092 Diodoro
539 2061 646 2093 Siculo
661 2062 815 2095 inveniffe
831 2064 1021 2103 arbitratur,
1044 2066 1111 2106 qui,
1133 2066 1206 2107 post,
1220 2067 1368 2100 tribunos
1385 2071 1500 2102 consu-

203 2102 285 2135 lares
298 2115 324 2135 c.
341 2115 395 2144 3²·
413 2117 431 2136 a
447 2106 543 2137 Livio
559 2116 763 2145 memoratos,
786 2120 872 2140 anno
886 2110 1033 2151 proximo
1050 2118 1125 2142 ante
1141 2113 1337 2151 anarchiam,
1349 2114 1500 2147 tribunos

201 2147 342 2180 militum
358 2151 518 2182 consulari
540 2152 695 2193 potestate
712 2162 853 2194 quatuor
870 2155 1077 2186 memoravit.
1124 2156 1372 2189 Observandum
1389 2167 1498 2192 tamen

204 2192 245 2222 ab
269 2204 354 2224 anno
382 2205 414 2225 u.
445 2207 470 2226 c.
499 2206 575 2235 350.
601 2198 700 2238 usque
728 2199 769 2228 ad
785 2199 988 2230 consulatum
1004 2211 1078 2231 cum
1102 2201 1196 2242 plebe
1213 2204 1499 2243 communicatum,

204 2236 352 2269 tribunos
368 2240 548 2272 consulares
565 2241 688 2283 semper
703 2242 793 2274 senos
806 2244 980 2284 quotannis
997 2245 1098 2278 creari
1111 2258 1117 2275 z
1145 2247 1231 2277 unde
1243 2248 1414 2283 verisimile
1429 2260 1498 2282 non

204 2280 335 2312 videtur
372 2283 439 2314 solo
476 2285 537 2316 hoc
574 2297 660 2317 anno
691 2295 832 2327 quatuor
864 2296 992 2321 tantum
1022 2289 1172 2325 tribunos
1203 2292 1392 2325 constitutos
1423 2294 1497 2328 effe.

194 2325 259 2367 (2)
283 2328 398 2370 Qanto
424 2333 513 2371 magis
539 2333 694 2372 tranquilla
721 2340 812 2370 erant,
833 2340 909 2364 tanto
933 2336 1102 2376 crefiebant;
1129 2344 1165 2367 ut
1191 2337 1289 2379 supr&
1311 2337 1334 2371 l.
1351 2349 1380 2377 5.
1397 2349 1422 2370 c.
1442 2349 1496 2372 10.

201 2377 333 2411 quantum
349 2373 500 2413 augebatur
515 2377 629 2406 militum
645 2389 782 2414 numerus,
796 2385 872 2408 tanto
884 2383 986 2421 mqjore
995 2380 1113 2421 pecunilz¹
1128 2388 1193 2422 opus
1209 2390 1279 2412 erat.
1311 2384 1367 2424 (3)
1385 2385 1497 2427 Qum

202 2415 365 2447 necessitas
388 2416 458 2457 ipsa
480 2418 623 2450 solvendi
647 2420 711 2451 fine
735 2422 826 2453 morfi-
851 2424 1038 2458 facultatem
1065 2424 1210 2457 solvendi
1233 2426 1417 2468 impediret.
1464 2428 1496 2461 Si

200 2466 330 2500 tempus
353 2462 466 2492 datum
489 2462 563 2494 ess'et
588 2463 800 2504 debitoribus,
821 2467 944 2499 solvere
972 2467 1155 2510 potuissent.
1203 2473 1250 2502 At
1278 2482 1380 2513 quum
1405 2485 1497 2516 coge-

200 2512 314 2535 rentur
330 2505 434 2536 statim
450 2508 680 2548 repraesentare
702 2511 855 2550 pecunias
880 2523 960 2552 quas
985 2522 1114 2546 mutuas
1139 2525 1343 2557 acceperant,
1365 2517 1402 2549 ea
1426 2519 1497 2561 ipsa

198 2548 382 2581 'necestitate
397 2551 438 2581 ad
455 2551 591 2583 summas
614 2554 771 2594 angustias
796 2555 1039 2598 redigebantur,
1084 2560 1141 2601 (4)
1163 2560 1253 2592 Famc‘z'
1281 2562 1497 2597 creditoribus

199 2592 447 2633 satisfaciebant,
469 2597 545 2636 quia
558 2607 624 2628 non
640 2598 718 2629 levis
731 2607 817 2630 notae
833 2602 993 2633 maculam
1007 2603 1163 2635 afferebat
1175 2616 1241 2636 non
1259 2606 1412 2639 solvendo
1426 2609 1497 2646 effe,

198 2637 232 2668 δι
254 2638 434 2679 judicatum
451 2641 682 2682 addictumque
698 2654 716 2673 a
732 2644 892 2676 creditore
917 2646 1001 2678 duci.
1049 2649 1103 2690 (5)
1130 2650 1166 2679 In
1190 2650 1299 2682 locum
1328 2652 1496 2685 solutionis

199 2691 293 2723 poena
309 2683 505 2717 successerat.
552 2686 606 2727 (6)
629 2688 787 2729 Experiens
804 2689 846 2721 est
863 2690 918 2730 qui
935 2691 1033 2734 vulgo
1048 2701 1177 2735 expertus
1193 2694 1323 2727 dicitur.
1351 2697 1416 2728 Cic.
1433 2708 1495 2739 pro

199 2728 326 2758 Cluent.
343 2739 367 2759 c.
395 2729 424 2760 8.
451 2733 502 2761 vir
511 2733 604 2771 fortis
621 2738 646 2761 et
667 2736 816 2774 experiens.
832 2734 856 2765 l.
875 2745 903 2774 3.
920 2734 952 2766 in
970 2738 1065 2768 Verr.
1082 2748 1112 2768 c.
1131 2747 1180 2770 21.
1196 2743 1439 2784 experientgffimus
1463 2755 1496 2772 ac

198 2773 407 2846 dilssfff'²²iffi‘⁷³“³
423 2782 532 2807 arator.
551 2776 575 2808 l.
589 2786 620 2815 4.
638 2787 667 2809 co
684 2786 733 2817 17.
751 2781 947 2822 promptgffimi
958 2782 1072 2814 hominis
1084 2789 1110 2814 et
1122 2786 1301 2827 experientis.
1328 2787 1409 2817 Hor.
1425 2786 1455 2861 lE
1464 2795 1494 2818 Ι,

276 2826 336 2849 om.
353 2819 391 2849 11.
848 2825 875 2856 E
1459 2840 1494 2875 p.

1668 321 1727 360 4¹9
