1853 3158
391 255 675 299 LIBER
736 252 1033 295 X.CAP.
1094 251 1211 294 Xiv.
1587 265 1667 311 275

157 390 240 415 cnm
275 375 445 414 conulem
461 371 633 429 faciatis.
694 368 807 421 Justa
836 374 861 422 †
890 367 1121 422 suffragatio
1155 366 1247 406 visa.
1288 356 1446 417 omnes,

154 448 246 486 quae
279 432 520 486 supererant,
552 428 742 468 centuriae
764 426 1039 483 QFabium,
1068 425 1115 465 P.
1138 425 1313 464 Decium
1350 438 1447 464 con-

155 490 260 530 sules
286 491 431 529 dixere.
486 487 546 526 Eo
579 499 684 524 anno
704 484 900 537 plerisque
928 484 1011 523 dies
1042 483 1150 523 dicta
1172 481 1220 521 ab
1248 481 1444 530 ae'dilibus,

153 548 246 600 quia
268 549 371 600 plus,
403 544 526 599 quam
561 542 670 597 quod
698 543 783 596 lege
804 547 828 594 †
848 541 1009 581 finitum
1042 550 1143 590 erat,
1175 540 1258 593 agri
1278 539 1444 591 posside-

154 616 255 644 rent.
278 619 351 644 nee
372 602 581 657 quisquam
597 600 723 640 ferme
751 598 807 638 est
828 608 1045 653 purgatus:
1075 597 1362 649 vinculumque
1383 596 1442 636 in-

152 677 251 716 gens
273 660 497 700 immodicae
517 657 745 714 cupiditatis
767 658 828 710 (8)
849 657 1043 710 injefflum
1058 656 1127 694 est.

210 720 327 759 XIV.
359 718 555 759 Consules
591 715 698 763 novi,
739 713 972 771 QFabius
1008 713 1213 752 Maximus
1249 708 1439 764 quartum
1460 712 1630 752 U-c·455·

156 779 194 817 Sc
217 779 260 817 P.
284 776 437 816 Decius
460 776 558 815 Mus
580 771 762 822 tertium,
793 784 920 824 quum
942 769 1044 808 inter
1071 769 1108 808 se
1140 769 1348 822 agitarent,
1381 769 1438 808 uti
1457 758 1498 786 A.
1516 758 1641 832 lesbz'w

151 836 250 874 alter
271 834 471 874 Samnites
491 832 638 880 hostes,
671 832 768 870 alter
800 827 989 868 Etruscos
1009 826 1227 879 deligeret,
1259 836 1438 878 quantae-
1458 803 1512 876 lc}
1530 813 1638 879 1²:1¹3}-

150 906 229 944 que
265 892 307 931 in
336 891 440 931 hanc
484 900 553 930 aut
591 890 632 927 in
666 888 774 927 illam
813 884 1062 939 provinciam
1098 883 1223 935 copiae
1259 883 1364 931 satis,
1397 886 1436 923 &
1457 890 1580 923 ciom.

152 959 242 989 uter
272 947 321 989 ad
354 959 490 989 utrum
510 948 660 987 bellum
680 946 762 985 dux
783 943 951 983 idoneus
981 941 1109 995 magis
1143 940 1262 988 esset3
1294 939 1342 979 ab
1362 939 1440 979 Su·
1459 934 1540 966 (30ss-

148 1007 226 1046 trio
264 1010 303 1047 δε
338 1007 496 1060 Nepete
528 1007 569 1045 δι
596 1002 760 1043 Faleriis
789 1000 925 1055 legati,
957 1002 1016 1054 (1)
1038 997 1240 1047 auctores,
1272 997 1440 1037 concilia

149 1064 319 1104 Etruriae
347 1065 589 1117 populorum
612 1062 660 1100 de
682 1059 853 1114 petenda
889 1071 985 1112 pace
1016 1055 1168 1104 haberi,
1199 1064 1324 1094 totam
1345 1054 1439 1094 belli

148 1123 297 1161 molem
319 1121 360 1160 in
381 1120 592 1160 Samnium
626 1125 867 1158 averterunt.
927 1113 1107 1154 Profeffi
1129 1112 1327 1163 consules,
1359 1127 1440 1165 quo
1460 1127 1548 1158 Ambo
1569 1128 1636 1169 off

148 1179 414 1232 expeditiores
435 1186 684 1218 commeatus
705 1175 840 1222 efl'ent,
874 1175 914 1213 ὃς
936 1171 1124 1213 incertior
1154 1170 1292 1219 hostis,
1311 1175 1335 1222 †
1363 1172 1441 1223 qua
1459 1175 1486 1202 in
1504 1174 1647 1224 55'11211111'21221

148 1246 364 1276 venturum
397 1236 548 1275 bellum
586 1233 705 1282 foret,
750 1231 897 1271 Fabius
933 1244 1003 1283 per
1042 1229 1257 1278 Soranum,
1287 1227 1441 1268 Decius
1459 1220 1569 1259 h'g'W‘
1586 1219 1635 1246 ‘M'

148 1308 219 1347 per
254 1293 481 1334 Sidicinum
520 1305 677 1346 agrum,
728 1289 769 1328 in
807 1288 1016 1329 Samnium
1056 1287 1232 1341 legiones
1273 1286 1441 1326 ducunt.

146 1351 235 1392 Ubi
258 1352 299 1390 in
318 1350 494 1391 hostium
516 1349 616 1389 fines
634 1357 800 1389 ventum
830 1345 902 1396 est,
933 1355 1100 1398 uterque
1132 1342 1442 1397 populabundus

148 1409 274 1448 effuso
312 1408 470 1463 agmine
513 1407 675 1447 incedit.
718 1405 927 1458 explorant
957 1412 1092 1442 tamen
1134 1400 1270 1451 latius,
1317 1399 1442 1454 quam

148 1468 405 1520 populantur.
466 1465 594 1520 Igitur
628 1478 709 1503 non
750 1462 928 1502 fefellere
970 1461 1021 1500 ad
1055 1459 1270 1498 Tifernum
1309 1457 1443 1499 hostes

149 1525 191 1562 in
219 1525 378 1564 occulta
406 1525 506 1563 valle
541 1521 740 1571 instructi,
772 1534 894 1573 quam
925 1518 1112 1572 ingreffos
1149 1517 1357 1556 Romanos
1380 1516 1444 1555 su-

149 1582 303 1635 periore
325 1596 373 1621 ex
395 1583 483 1621 loco
510 1580 655 1623 adoriri
685 1578 887 1633 parabant.
951 1575 1114 1624 Fabius,
1145 1574 1444 1628 impedimentis

148 1637 192 1678 in
220 1640 355 1679 locum
393 1648 526 1678 tutum
552 1638 731 1685 remotis,
761 1634 1021 1689 praesidioque
1055 1632 1215 1672 modico
1244 1631 1444 1685 imposito,

148 1696 397 1750 praemonitis
429 1696 622 1736 militibus
650 1695 775 1734 adeffe
807 1702 1025 1742 certamen,
1055 1690 1249 1743 quadrato
1283 1690 1442 1743 agmine

147 1756 197 1794 ad
216 1754 428 1808 przediCtas
447 1754 622 1794 hostium
643 1752 811 1792 latebras
825 1749 1013 1790 succedit.
1059 1747 1274 1795 Samnites,
1299 1750 1358 1800 (2)
1374 1747 1443 1785 de·-

147 1812 302 1866 sperato
338 1811 550 1865 improviso
578 1811 772 1859 tumultu,
803 1808 965 1861 quando
991 1807 1031 1845 in
1066 1815 1249 1859 apertum
1271 1811 1295 1857 †
1322 1804 1442 1844 semel

147 1869 360 1909 discrimen
386 1869 548 1917 evasura
576 1869 670 1908 effet
701 1881 779 1915 res,
814 1869 851 1906 8<
882 1865 951 1919 ipsi
986 1864 1069 1904 acie
1101 1868 1125 1916 †
1152 1862 1258 1917 justa
1291 1863 1444 1901 malue-

148 1937 243 1967 runt
264 1941 514 1968 concurrere.
537 1927 670 1979 itaque
695 1929 733 1966 δε
757 1925 798 1964 in
819 1937 983 1976 aequum
1000 1921 1263 1970 descendunt,
1295 1934 1338 1959 ac
1361 1918 1444 1958 for-

149 1996 258 2025 tunae
287 1985 340 2034 se,
372 1986 521 2039 majore
543 1984 692 2032 animo,
724 1981 846 2035 quam
879 1981 959 2034 spe,
991 1978 1262 2019 committunt.
1324 1977 1443 2017 Ccte-
1462 1997 1593 2026 Proelium
1609 2009 1642 2026 a.-

150 2042 260 2094 rum,
293 2043 368 2083 {ive
404 2043 497 2095 quia
531 2056 579 2081 ex
613 2040 797 2080 omnium
831 2037 1075 2079 Samnitium
1109 2035 1285 2090 populis,
1315 2036 1522 2087 quod-trax
1549 2054 1609 2073 cum

149 2115 310 2154 cunque
345 2100 498 2140 roboris
528 2099 673 2148 fuerat,
702 2105 997 2144 contraxerant,
1028 2094 1095 2134 seu
1117 2094 1209 2147 quia
1230 2092 1443 2132 discrimen
1462 2088 1640 2117 S‘Wni‘ib'ff·

150 2158 315 2198 summae
344 2171 478 2197 rerum
509 2156 678 2211 augebat
709 2156 879 2203 animos,
911 2154 1163 2206 aliquantum
1187 2151 1321 2204 aperta
1343 2165 1445 2204 quo-

151 2230 229 2268 que
263 2217 396 2269 pugna
430 2213 687 2268 praebuerunt
722 2212 897 2252 terroris.
958 2211 1120 2259 Fabius,
1152 2209 1220 2248 ubi
1253 2209 1362 2248 nulla
1393 2223 1442 2248 ex

152 2283 263 2327 parte
296 2272 450 2312 hostem
481 2273 571 2312 loco
607 2271 757 2310 moveri
786 2270 900 2319 vidit,
932 2272 992 2324 (3)
1016 2269 1080 2309 M.
1104 2266 1290 2307 Fulvium
1314 2269 1355 2306 δε
1378 2267 1443 2306 M.

1216 2324 1444 2374 Valerium,

1459 1270 1530 1294 cunt.

151 2448 224 2476 intro
240 2453 403 2476 wcarentur
418 2447 604 2487 adfifff‘ragia
628 2445 726 2476 tribus.
770 2443 826 2484 (8)
849 2443 970 2484 Supple
980 2441 1166 2484 poffi’ffiwihm
1182 2453 1322 2482 agrorum.
1371 2441 1443 2470 Vin*

150 2494 235 2521 culum
264 2494 438 2532 cupiditatis,
460 2499 495 2521 ut
526 2492 667 2521 vinculum
687 2492 769 2531 fugae
785 2489 872 2519 infra
889 2499 917 2519 c.
935 2497 986 2524 41.
1032 2486 1093 2517 Vel
1118 2484 1247 2517 fortass‘e
1273 2485 1444 2526 legendum

152 2538 309 2577 cupiditati.

199 2600 235 2629 C.
254 2608 305 2635 14.
330 2599 384 2638 (1)
410 2598 615 2635 Nunciando‚
637 2597 812 2629 edocendo.
856 2596 913 2636 (2)
937 2594 987 2625 Sic
1004 2593 1101 2635 supra
1126 2593 1147 2622 l.
1173 2601 1201 2633 9.
1229 2603 1253 2621 c.
1282 2601 1331 2629 14.
1355 2593 1443 2633 defines

92 2667 96 2670 .
151 2644 219 2673 rati?
234 2643 326 2673 venid.
346 2643 430 2673 infit]
446 2644 465 2673 l.
484 2653 534 2682 23.
551 2654 576 2674 c.
596 2652 643 2681 17.
659 2641 798 2683 desperata}
815 2641 898 2671 tutela?
911 2641 993 2669 urbis.
1011 2639 1030 2668 l.
1050 2648 1105 2676 42.
1124 2649 1149 2667 C.
1168 2646 1217 2675 25.
1234 2639 1443 2678 d.3§om·atojan2

151 2690 285 2729 colloquio.
301 2688 320 2718 l.
336 2697 385 2728 23.
410 2699 434 2720 C.
451 2698 502 2725 14.
519 2691 584 2731 qm'a
600 2701 650 2718 nvn
671 2687 829 2727 desperabat
855 2687 1046 2716 voluntariam
1070 2685 1237 2714 dffdiz'ionem.
1284 2683 1337 2724 (3)
1354 2682 1444 2754 Νοῖζ

721 2732 751 2761 Τ
770 2740 788 2762 2
1363 2735 1404 2755 nu
1435 2726 1439 2729 “
