1853 3158
423 207 1218 255 LIBER111.CAP.V1.
1599 229 1646 271 17

1652 231 1673 271 υ)

170 324 233 366 Ut
265 324 442 369 Romam
461 325 635 365 reditum
658 326 700 366 &
729 323 928 379 justitium
963 327 1166 366 remissum
1202 327 1276 380 est,
1307 330 1457 369 coelum

170 383 297 423 visum
328 383 384 431 est
405 383 540 422 ardere
571 381 745 435 plurimo
764 382 872 436 igni3
905 394 1168 438 portentaque
1191 387 1265 426 alia
1301 396 1370 426 aut
1389 387 1460 427 ob-

170 441 321 481 versata
355 440 496 488 oculis,
528 449 598 479 aut
632 453 752 480 vanas
784 440 981 480 exterritis
1016 441 1260 483 ostentavere
1298 444 1457 498 species.

171 497 250 538 His
271 497 491 538 avertendis
524 497 742 540 terroribus
771 496 812 535 in
833 497 1013 536 triduum
1037 499 1146 539 feriae
1180 501 1360 552 indictae,
1391 517 1461 555 per

170 570 270 609 quas
291 555 424 595 omnia
454 554 619 598 delubra
639 568 779 608 pacem
800 553 939 606 Defirn
961 557 1259 608 exposcentium
1284 560 1461 599 virorum

171 613 465 665 mulierumque
487 612 603 652 turba
630 611 911 665 implebantur.
974 612 1171 654 Cohortes
1197 616 1288 655 inde
1308 617 1465 657 Latinae

170 670 440 723 Hernicaeque
457 669 505 710 ab
523 669 676 721 senatu,
696 670 833 724 gratiis
844 669 900 709 ‘ob
917 669 1126 724 impigram
1146 673 1330 712 militiam
1347 674 1462 723 aCtis,

170 727 335 768 remiffae
356 729 510 767 domos.
573 727 775 778 Antiates,
809 729 869 781 (4)
890 728 998 766 mille
1020 728 1184 779 milites,
1218 731 1310 782 quia
1332 731 1462 771 serum

169 785 364 825 auxilium
395 784 482 839 post
509 786 699 839 proelium
730 795 936 834 venerant,
967 783 1091 841 prope
1127 801 1221 826 cum
1244 788 1465 842 ignominia

169 843 325 883 dimiffi.
1481 826 1522 899 Ξῖ
1534 835 1568 899 δ’.
1583 833 1659 905 ἶὲἶζ

228 901 302 940 VI.
335 900 511 941 Comitia
542 900 634 942 inde
655 899 803 940 habita.
834 901 956 940 creati
981 900 1162 942 consules
1183 902 1232 942 L.
1255 903 1462 953 AEbutius,
1481 916 1517 944 L.
1538 915 1683 953 AEbutio„

169 958 216 998 P.
233 957 439 1007 Servilius,
471 958 664 998 Kalendis
691 958 922 1008 Sextilibus,
955 969 999 998 ut
1019 969 1116 999 tunc
1138 960 1379 1014 principium
1404 964 1463 1015 (1)
1483 960 1515 989 P.
1527 959 1662 991 Servilio

168 1015 265 1058 anni
287 1014 492 1070 agebatur,
514 1015 765 1056 consulatum
782 1016 935 1056 ineunt.
996 1020 1057 1071 (2)
1090 1018 1226 1057 Grave
1244 1028 1404 1072 tempus
1423 1022 1463 1060 ἃ
1484 1003 1564 1035 Coss.

169 1070 274 1113 forte
295 1087 424 1112 annus
455 1073 641 1127 pestilens
674 1082 757 1112 erat
788 1073 877 1115 urbi
898 1074 1094 1129 agrisque,
1126 1090 1200 1115 nec
1233 1075 1464 1116 hominibus

170 1131 313 1185 magis,
344 1128 466 1183 quam,
502 1130 664 1185 pecori;
698 1133 738 1172 &
761 1145 905 1171 auxere
932 1132 1014 1171 vim
1047 1132 1192 1184 morbi,
1223 1144 1372 1174 terrore
1394 1149 1466 1188 po-

169 1188 385 1242 pulationis
406 1188 617 1242 pecoribus
639 1188 932 1243 agrestibusque
950 1190 990 1228 in
1005 1189 1145 1229 urbem
1160 1192 1346 1244 acceptis.
1407 1192 1464 1232 Ea

169 1246 342 1286 colluvio
359 1246 578 1286 mixtorum
599 1246 730 1286 omnis
747 1247 903 1301 generis
923 1248 1189 1287 animantium
1209 1252 1249 1290 &
1264 1250 1386 1288 odore
1404 1249 1464 1288 in-
1483 1257 1566 1298 Pestis
1582 1257 1683 1288 Rome.

170 1302 284 1353 solito
300 1303 488 1352 urbanos,
511 1306 552 1345 δε
567 1303 777 1358 agrestem,
798 1304 1026 1344 confertum
1044 1305 1084 1343 in
1102 1306 1211 1346 arcta
1225 1307 1347 1357 mesa,
1367 1307 1462 1346 oestu

170 1375 217 1401 ac
238 1361 382 1415 vigiliis
413 1361 609 1416 angebat3
642 1361 937 1414 ministeriaque
965 1363 1005 1400 in
1027 1363 1156 1402 vicem
1177 1378 1221 1403 ac
1244 1367 1305 1418 (3)
1327 1375 1465 1404 conta·
1483 1364 1578 1415 AEqflf'
1602 1365 1640 1395 δ’

171 1418 238 1473 gio
259 1418 340 1472 ipsa
369 1418 585 1472 vulgabant
618 1418 791 1459 morbos.
854 1420 934 1459 Vix
956 1420 1146 1460 instantes
1182 1421 1463 1462 sustinentibus
1481 1410 1659 1483 άῖζιξζμψ

169 1476 303 1516 clades
318 1473 481 1529 repente
498 1475 617 1529 legati
631 1475 801 1516 Hernici
818 1477 1026 1526 nunciant,
1048 1478 1087 1516 in
1106 1493 1200 1533 agro
1218 1479 1287 1518 suo
1304 1480 1463 1533 AEquos
1583 1476 1590 1482 '¹

172 1532 418 1585 Volscosque
441 1532 670 1587 conjumffis
691 1534 816 1586 copiis
835 1534 958 1574 castra
971 1534 1149 1588 posuiffe.
1173 1537 1265 1576 inde
1287 1538 1465 1577 exercitu

170 1589 325 1644 ingenti
357 1590 456 1629 fines
489 1590 577 1629 suos
611 1590 857 1644 depopulari.
916 1591 1190 1645 Praeterquam
1211 1591 1322 1647 quod
1344 1595 1466 1634 infre-

172 1661 300 1699 quens
321 1646 478 1687 senatus
500 1647 648 1687 indicio
670 1657 754 1686 erat
775 1648 904 1696 sociis,
946 1649 1134 1689 afflictam
1158 1650 1359 1690 civitatem
1381 1653 1467 1706 pes-

170 1704 325 1744 tilentia
359 1705 448 1753 effe,
480 1704 670 1744 moestum
691 1706 811 1744 etiam
845 1706 1075 1760 responsum
1108 1709 1260 1748 tulere:
1293 1718 1334 1748 ut
1345 1712 1467 1764 perse

170 1761 235 1816 zpst
254 1762 413 1802 Hernici
443 1778 524 1802 cum
546 1762 699 1801 Latinis
735 1778 793 1802 res
814 1764 908 1818 suas
938 1773 1164 1805 tutarentur.
1230 1767 1365 1806 Urbem
1387 1768 1466 1807 Ro-

171 1835 320 1860 manam
340 1821 469 1874 subiti
492 1820 619 1859 Deam
655 1822 717 1861 ἱνά
740 1821 855 1861 morbo
883 1823 1065 1874 populari.
1129 1823 1169 1862 Si
1189 1840 1260 1877 qua
1281 1827 1358 1878 ejus
1379 1827 1468 1865 mali

171 1878 271 1930 quies
287 1880 426 1926 veniat,
449 1886 489 1916 ut
501 1893 594 1916 anno
606 1876 709 1926 ante,
742 1888 783 1918 ut
790 1879 935 1934 semper
948 1880 1058 1928 alihs,
1079 1881 1188 1934 sociis
1203 1893 1297 1934 opem
1314 1883 1464 1923 laturos.

171 1934 389 1975 Disceffere
418 1935 526 1983 socii,
566 1949 638 1988 pro
670 1935 768 1975 tristi
802 1936 951 1976 nuncio
975 1940 1033 1991 (4)
1055 1938 1269 1978 tristiorem
1299 1941 1466 1980 domum

170 1991 415 2041 referentes;
448 1993 596 2046 quippe
617 1992 763 2046 quibus
777 2008 846 2047 per
860 1994 896 2033 se
910 1994 1183 2034 sustinendum
1200 1996 1350 2036 bellum
1368 2008 1469 2049 erat,

174 2051 285 2103 quod
306 2050 370 2089 vix
393 2051 592 2093 Romanis
613 2050 706 2089 fulti
737 2051 887 2092 viribus
920 2051 1195 2093 sustinuiffent.
1257 2055 1353 2094 Non
1379 2056 1467 2095 diu-

171 2105 253 2150 tius
275 2107 311 2147 se
334 2108 374 2146 in
396 2107 576 2147 Hernico
597 2106 721 2148 hostis
743 2110 956 2149 continuit.
977 2111 1107 2165 pergit
1124 2112 1216 2151 inde
1239 2112 1405 2153 infestus
1425 2114 1466 2155 in

172 2179 287 2218 agros
324 2165 548 2214 Romanos,
599 2166 720 2205 etiam
758 2167 835 2206 fine
873 2167 965 2206 belli
1003 2169 1149 2223 injuria
1183 2170 1353 2210 vastatos
1391 2174 1463 2226 (5).

172 2222 259 2263 Ubi
284 2237 410 2277 quum
431 2223 572 2263 obvius
593 2237 728 2273 nemo,
759 2238 808 2265 ne
826 2225 988 2265 inermis
1006 2227 1186 2279 quidem,
1219 2227 1346 2278 fieret,
1378 2244 1466 2282 per-

1388 2302 1465 2340 que.

172 2373 237 2405 &L
256 2373 305 2413 36.
322 2385 347 2404 e.
365 2374 414 2414 38.
458 2375 513 2416 (4)
537 2376 616 2407 Haec
644 2386 702 2417 per
718 2376 952 2418 appositionem
968 2377 1171 2420 accipienda3
1195 2380 1467 2420 quemadmodum

175 2421 265 2456 Galli,
287 2432 386 2461 magna
399 2421 531 2455 hominum
547 2424 604 2457 vis,
618 2420 703 2451 infra
719 2422 738 2451 l.
757 2422 806 2461 38.
823 2433 848 2452 c.
868 2422 917 2452 16.

217 2466 252 2495 C.
270 2463 298 2494 6.
324 2464 377 2505 (1)
399 2463 488 2494 Anni
502 2465 695 2503 consulari53
718 2477 785 2499 non
801 2466 913 2502 civilis,
938 2467 1027 2508 cujus
1040 2467 1168 2499 initium
1180 2469 1248 2510 post
1262 2470 1375 2500 Numae
1388 2478 1465 2501 tem-

174 2519 254 2550 pora
271 2509 393 2550 semper
409 2520 427 2539 a
439 2509 602 2551 Januario,
631 2511 774 2552 Tempus
791 2519 899 2542 autem
915 2512 1055 2543 sollenne
1071 2513 1218 2544 ineundis
1235 2514 1467 2556 magistratibus

174 2553 312 2584 multum
328 2553 477 2590 variavit,
498 2555 598 2594 usque
614 2556 654 2585 ad
665 2566 785 2586 annum
802 2555 889 2587 urbis
906 2566 981 2597 599.
998 2568 1063 2597 quo
1080 2558 1241 2594 statutum,
1264 2567 1299 2589 ut
1314 2560 1383 2589 Kal.
1398 2561 1467 2601 Jan.

173 2598 316 2629 consules
333 2597 460 2629 inirent.
505 2599 560 2639 (2)
585 2599 690 2639 lpsum
707 2607 832 2641 tempus
850 2601 935 2637 anni,
954 2613 1068 2643 nempe
1085 2611 1270 2640 autumnus,
1284 2615 1391 2645 grave,
1408 2604 1425 2633 i.
1443 2616 1467 2635 c.

176 2656 283 2686 νοσεςον.
307 2642 381 2674 hinc
397 2642 491 2674 initio
508 2654 576 2684 cap.
591 2643 618 2674 8.
634 2643 717 2674 infra
731 2644 860 2682 dicitur,
869 2650 1006 2687 graviore
1020 2654 1137 2689 tempore
1148 2651 1285 2690 annijam
1302 2652 1467 2678 circnma-fio.

175 2688 229 2729 (3)
254 2688 438 2720 Contactus.
485 2688 539 2730 (4)
565 2689 670 2744 Qem
687 2690 824 2721 Romam
840 2691 1025 2722 attulerant.
1071 2693 1125 2734 (5)
1142 2694 1266 2733 Nempe
1283 2693 1467 2733 pestilenti&

398 2731 400 2733 ’
1198 2736 1252 2779 (6)
1277 2737 1465 2770 Circuibant
