1853 3158
96 259 119 298 8
777 247 1145 291 T.L1V11

320 368 531 429 postquam
553 367 645 408 data
665 366 752 422 spes
771 366 864 407 vitae
895 365 969 416 est,
996 365 1149 421 jactare
1183 360 1319 417 paffim
1353 374 1480 411 arma,
1511 360 1615 401 iner-

321 427 499 481 mesque,
531 426 641 480 quod
681 425 808 465 tutius
843 423 1005 463 fortuna
1045 422 1209 470 fecerat,
1240 420 1278 461 se
1312 418 1417 460 hosti
1456 418 1614 459 offerre.

321 486 477 540 Magna
509 484 729 524 multitudo
750 482 791 522 in
825 481 1023 522 custodias
1050 479 1171 521 divisa
1194 481 1280 534 (8):
1309 476 1506 532 oppidum
1528 483 1619 515 ante

323 543 489 583 noctem
523 542 728 582 redditum
763 539 938 579 Sutrinis
974 538 1210 578 inviolatum
1247 537 1531 590 integrumque
1571 531 1621 572 ab

323 601 437 641 omni
457 601 569 641 clade
589 599 700 648 belli,
731 598 824 653 quia
846 611 927 637 non
957 597 995 636 vi
1026 605 1204 651 captum,
1235 593 1302 635 sed
1336 591 1529 632 traditum
1550 602 1623 645 per

326 658 578 699 conditiones
599 657 744 697 fuerat.

105 730 238 761 Camillus
254 729 310 759 tn·-
383 716 460 758 IV.
493 715 689 758 Camillus
705 714 746 754 in
769 712 909 754 urbem
925 711 1179 766 triumphans
1201 709 1333 758 rediit,
1364 708 1487 749 trium
1510 704 1624 746 simul

104 776 226 818 fflslphal·
324 774 525 816 bellorum
554 772 697 814 vietor.
756 770 897 826 Longe
930 770 1127 824 plurimos
1163 767 1341 821 captivos
1371 780 1421 806 ex
1449 762 1627 805 Etruscis

326 842 419 873 ante
440 845 606 872 currum
627 830 756 870 duxit.
773 829 920 883 quibus
942 827 1013 867 sub
1033 825 1144 866 hasta
1164 824 1436 875 venumdatis,
1466 831 1625 862 tantum

327 890 418 933 aeris
439 889 650 930 redafimm
667 888 738 936 est,
770 898 829 937 ut,
859 886 988 940 pretio
1016 887 1079 939 (1)
1100 898 1172 938 pro
1195 896 1293 922 auro
1315 880 1508 921 matronis
1537 892 1628 932 per-

329 949 475 997 soluto,
505 961 554 987 ex
575 961 638 995 eo,
670 946 780 1000 quod
801 945 1018 998 supererat,
1049 951 1129 982 tres
1161 949 1308 994 paterae
1344 952 1475 979 aureae
1508 936 1629 976 saetae

329 1008 428 1047 smt:
460 1019 575 1058 quas,
606 1018 700 1044 cum
721 1003 839 1042 titulo
860 1000 1036 1041 nominis
1057 998 1234 1047 Camilli,
1266 1007 1357 1037 ante
1380 994 1628 1049 Capitolium

330 1067 394 1118 (2)
424 1062 631 1102 incensum
651 1061 693 1100 in
714 1060 824 1112 Jovis
846 1064 872 1111 †
891 1059 990 1098 cella
1011 1057 1163 1097 constat
1192 1065 1283 1096 ante
1305 1055 1427 1109 pedes
1452 1051 1627 1106 Junonis

329 1121 475 1175 politas
496 1119 623 1158 fuiffe.
684 1117 745 1157 Eo
771 1130 876 1155 anno
898 1115 940 1154 in
960 1115 1162 1154 civitatem
1183 1113 1354 1167 accepti,
1387 1111 1456 1165 qui
1477 1110 1632 1163 Vejen-

330 1179 434 1218 tium
455 1175 806 1229 Capenatiumque
837 1187 881 1212 ac
910 1172 1154 1211 Faliscorum
1175 1185 1246 1224 per
1266 1185 1312 1210 ea
1331 1170 1435 1210 bella
1456 1165 1633 1207 transfu-

330 1244 472 1291 gerant
488 1234 538 1273 ad
560 1233 785 1281 Romanos,
817 1243 992 1284 agerque
1023 1229 1070 1268 iis
1096 1228 1210 1267 novis
1231 1227 1383 1267 civibus
1405 1225 1630 1279 assignatus,

333 1291 508 1335 revocati
530 1304 692 1344 quoque
725 1289 766 1328 in
801 1288 942 1328 urbem
975 1284 1317 1326 senatusconsulto
1348 1299 1370 1323 a
1398 1283 1532 1337 Vejis,
1565 1282 1635 1335 qui

334 1349 562 1391 aedificandi
584 1348 731 1388 Romae
755 1344 932 1401 pigritia,
963 1343 1169 1398 occupatis
1190 1341 1245 1382 ibi
1263 1344 1322 1396 (3)
1344 1341 1479 1381 vacuis
1500 1338 1636 1390 tectis,

335 1409 463 1463 Vejos
497 1407 535 1446 se
568 1406 833 1446 contulerant.
871 1406 909 1443 Sc
933 1400 1065 1457 primo
1088 1400 1274 1440 fremitus
1294 1399 1373 1439 fuit
1393 1397 1637 1452 aspernanti-

336 1480 408 1506 um
430 1465 671 1518 imperium:
703 1463 787 1502 dies
807 1461 952 1501 deinde
975 1459 1194 1513 praestituta
1217 1455 1475 1510 capitalisque
1496 1468 1637 1508 poena,

337 1526 400 1578 (4)
432 1523 502 1577 qui
532 1536 615 1561 non
644 1520 890 1575 remigrasset
920 1518 1112 1568 Romam,
1143 1530 1191 1555 ex
1225 1513 1427 1555 ferocibus
1447 1512 1638 1553 universis

338 1582 528 1636 singulos,
560 1588 671 1619 metu
693 1578 763 1618 suo
785 1590 1004 1633 quemque,
1035 1573 1267 1615 obedientes
1299 1572 1409 1612 fecit.
1469 1570 1521 1609 Et
1552 1570 1664 1609 Ro->

339 1653 405 1678 ma
427 1652 555 1692 quum
584 1635 812 1690 frequentia
833 1634 1024 1683 crescere,
1055 1642 1144 1672 tum
1165 1641 1248 1671 tota
1281 1630 1395 1670 simul
1426 1628 1639 1682 exsurgere

338 1696 539 1747 aedificiis,
574 1697 611 1735 8<
649 1693 855 1747 republica
890 1691 1088 1745 impensas
1121 1690 1351 1745 adjuvante,
1386 1690 1420 1728 &
1459 1685 1641 1725 aedilibus

340 1755 449 1794 velut
471 1752 679 1806 publicum
699 1754 760 1805 (5)
781 1749 1033 1805 exigentibus
1055 1762 1175 1801 opus,
1209 1749 1249 1787 &
1266 1746 1355 1799 ipsis
1371 1743 1534 1799 privatis
1555 1743 1641 1796 (ad-

341 1811 532 1852 monebat
553 1810 662 1850 enim
684 1809 921 1848 desiderium
943 1805 1054 1858 usus)
1077 1804 1356 1844 festinantibus
1376 1803 1426 1842 ad
1446 1800 1641 1841 effectum

122 1898 164 1928 U.
181 1908 206 1929 c.
225 1894 298 1936 367·
341 1869 485 1923 operis.
520 1868 704 1920 intraque
733 1880 885 1905 annum
910 1879 1013 1904 nova
1036 1862 1130 1902 urbs
1147 1862 1265 1901 stetit.
1327 1860 1448 1900 Exitu
1466 1858 1559 1899 anni
1576 1872 1645 1897 co-

125 1945 165 1972 A.
186 1943 226 1972 C.
246 1940 322 1979 385.
343 1927 455 1975 mitia
471 1925 727 1966 tribunorum
745 1924 920 1963 militum
942 1920 1138 1962 consulari
1151 1919 1343 1974 potestate
1359 1917 1506 1957 habita.
1523 1915 1646 1956 creati

123 1987 166 2036 T·
187 1985 309 2028 Qinc-
342 1985 394 2024 T.
417 1983 640 2042 Qinfiius
655 1982 938 2029 Cincinnatus,
961 1978 1229 2036 QServilius
1250 1977 1421 2017 Fidenas
1438 1972 1645 2029 quintum,

125 2032 249 2106 {21⁸²ss
264 2031 324 2061 Tr.
345 2043 394 2082 L.
428 2042 559 2094 Julius
589 2042 716 2088 Iulus,
748 2040 796 2079 L.
821 2037 1025 2092 Aquillius
1047 2036 1218 2086 Corvus,
1247 2035 1296 2075 L-.
1319 2033 1533 2075 Lucretius
1552 2031 1646 2072 Tri-

126 2102 137 2106 *
155 2099 165 2106 ⁴
194 2099 200 2106 '
345 2100 551 2154 cipitinus,
582 2098 668 2138 Ser.
690 2097 894 2150 Sulpicius
920 2094 1072 2135 Rufus.
1134 2093 1368 2137 Exercitum
1400 2092 1569 2130 alterum
1603 2088 1646 2128 in

348 2158 523 2211 AEquos,
544 2170 627 2196 non
648 2156 698 2195 ad
713 2155 879 2205 bellum,
896 2152 1040 2208 (vietos
1061 2165 1236 2205 namque
1258 2150 1296 2197 se
1311 2147 1557 2202 fatebantur)
1580 2146 1647 2186 sed

1598 2204 1647 2245 ab

349 2336 389 2366 ad
410 2334 605 2371 decertandum,
627 2337 664 2361 ut
691 2331 817 2374 obstinato
843 2331 882 2360 ad
903 2336 1016 2359 mortem
1043 2329 1144 2364 animo,
1164 2325 1261 2367 supra
1286 2325 1309 2356 l.
1327 2333 1358 2363 5.
1378 2336 1403 2356 c.
1421 2335 1472 2362 41.
1496 2325 1648 2354 Decenare

351 2387 471 2416 autem,
494 2377 583 2418 quod
599 2377 683 2417 saepe
699 2385 762 2417 pro
785 2381 892 2407 certare
909 2373 988 2416 poni
1005 2373 1094 2410 solet,
1116 2371 1168 2405 h'lc
1185 2369 1349 2412 emphasin
1374 2370 1483 2406 habet,
1506 2370 1537 2399 δε
1554 2375 1647 2399 notat

351 2425 393 2455 ad
409 2431 549 2455 mortem
570 2421 670 2463 usque
690 2427 822 2454 certate.
868 2419 924 2461 (8)
947 2420 1052 2450 Dividi
1067 2421 1094 2448 in
1107 2418 1259 2462 cqstodiam,
1280 2414 1366 2446 infra
1383 2415 1406 2447 l.
1431 2425 1483 2452 24.
1499 2425 1524 2445 c.
1551 2422 1606 2454 19.
1629 2413 1648 2443 l.

351 2480 372 2507 4
376 2478 404 2509 3.
420 2480 449 2501 c.
470 2478 520 2510 19.

399 2534 435 2564 C.
452 2542 480 2569 4.
505 2530 560 2571 (1)
582 2529 658 2561 Vid.
673 2528 771 2570 supra
783 2528 803 2559 l.
815 2537 845 2567 5.
865 2539 890 2559 c.
903 2536 960 2566 50.
1005 2525 1061 2567 (2)
1085 2524 1220 2568 Syllanis
1238 2523 1448 2565 temporibu5‚
1469 2532 1555 2553 anno
1572 2532 1605 2552 u.
1623 2531 1649 2551 c.

353 2576 431 2618 669.
480 2578 534 2618 (3)
559 2576 595 2606 Τό
611 2577 651 2606 ibi
667 2574 875 2607 referendum
891 2572 934 2603 est
950 2573 991 2603 ad
1013 2571 1146 2612 sequens
1166 2572 1260 2611 ch'os.
1308 2569 1362 2610 (4)
1385 2566 1592 2607 Subintellige
1620 2568 1648 2595 in

352 2635 418 2653 eum.
465 2622 522 2662 (5)
546 2623 668 2662 Exigere
684 2618 737 2650 hle
753 2619 838 2649 idem
855 2619 922 2648 fere
945 2616 1005 2648 effe
1028 2617 1116 2656 quod
1141 2617 1303 2646 examinare
1329 2613 1476 2644 observat
1502 2610 1649 2642 Draken-

354 2665 514 2706 borchius.
562 2667 596 2696 ld
609 2667 689 2696 vero
704 2663 871 2695 notionem
887 2661 980 2693 verbi
994 2671 1060 2691 non
1078 2660 1149 2691 satis
1166 2659 1329 2690 declarare
1341 2657 1479 2688 videtur.
1503 2655 1546 2686 est
1562 2654 1648 2686 enim

355 2710 535 2752 examinare
549 2709 822 2751 quemadmodum
835 2707 861 2740 is
878 2706 934 2748 qui
947 2717 1028 2749 opus
1052 2704 1111 2737 rite
1129 2704 1314 2736 ‚faciendum
1330 2710 1443 2740 curat;
1466 2709 1501 2732 ut
1519 2700 1552 2731 in
1575 2700 1649 2729 loco

1555 2754 1651 2786 quem
