1905 3168
208 280 285 330 164

203 636 330 675 Volsiutn.

876 273 928 317 T.
989 275 1244 318 LIVII

420 401 519 428 num
552 400 824 441 pecorumque
859 401 988 442 egere.
1033 401 1133 441 quos
1168 386 1359 428 Servilius
1394 385 1531 428 consul
1567 386 1713 428 infesto

419 446 597 485 exercitu
620 445 835 493 insecutus,
867 444 996 499 ipsum
1022 445 1185 498 quidem
1218 459 1361 501 agmen
1395 443 1557 498 adipisci
1587 445 1714 497 aequis

418 504 516 544 locis
538 517 619 542 non
640 503 797 556 potuit3
829 503 1130 557 populationem
1151 501 1251 543 adeo
1273 502 1397 543 effuse
1419 502 1529 551 fecit,
1551 511 1595 541 ut
1611 502 1712 546 nihil

419 561 523 601 bello
546 561 744 600 intactum
761 560 1017 613 relinqueret,
1050 563 1110 615 (1)
1133 561 1424 615 multiplicique
1445 561 1560 614 capta
1579 560 1713 613 praeda

419 619 578 658 rediret.
639 618 690 657 Et
723 618 764 656 in
791 617 949 658 Volscis
980 618 1199 672 respublica
1231 618 1389 673 egregie
1420 618 1543 673 gesta,
1584 631 1714 670 quum

419 676 547 724 ducis,
579 686 668 716 tum
690 675 864 715 militum
885 677 1018 729 opera.
1079 673 1263 716 Primum
1284 690 1401 729 aequo
1423 690 1565 729 campo
1592 674 1713 729 signis

418 734 572 775 collatis
605 743 844 788 pugnatum,
880 736 942 788 (2)
974 733 1127 788 ingenti
1159 735 1267 775 caede
1298 733 1501 786 utrinque,
1537 733 1713 787 plurimo

418 791 621 856 sanguine.
666 795 707 832 &
744 791 938 841 Romani,
979 791 1072 844 quia
1108 790 1286 844 paucitas
1321 791 1469 831 damno
1506 790 1713 830 sentiendo.

418 850 579 904 propior
614 859 714 899 erat,
755 850 925 904 gradum
960 849 1204 896 retuliffent3
1250 848 1293 887 ni
1325 847 1469 888 salubri
1501 847 1712 888 mendacio

417 907 572 958 consul,
603 880 743 962 fugeie
773 907 905 946 hostes
926 906 974 945 ab
1008 920 1134 945 cornu
1161 906 1285 946 altero
1318 905 1544 971 clamitans,
1575 905 1712 945 conci-

417 966 528 1005 taffet
549 965 688 1006 aciem.
721 965 874 1018 impetu
895 963 1022 1012 facto,
1044 964 1141 1003 dum
1158 963 1195 1003 se
1213 973 1355 1020 putant
1371 964 1546 1014 vincere,
1567 963 1713 1003 vicere.

418 1023 585 1072 Consul,
617 1032 800 1062 metuens
822 1035 872 1060 ne
902 1021 1023 1060 nimis
1052 1021 1234 1060 instando
1264 1031 1473 1061 renovaret
1493 1031 1713 1069 certamen,

419 1082 574 1135 signum
594 1079 773 1133 receptui
795 1079 916 1119 dedit.
977 1079 1231 1118 Intercessere
1257 1079 1376 1132 pauci
1397 1079 1495 1127 dies,
1525 1080 1635 1118 velut
1656 1088 1715 1119 ta-

419 1139 507 1178 citis
538 1137 708 1177 induciis
740 1137 927 1191 utrinque
959 1136 1093 1189 quiete
1124 1135 1307 1193 sumpta.
1349 1150 1419 1189 per
1441 1150 1542 1191 quos
1572 1137 1715 1190 ingens

418 1197 476 1236 vis
510 1195 723 1236 hominum
751 1208 800 1234 ex
828 1193 1016 1234 omnibus
1037 1194 1194 1234 Volscis
1217 1194 1441 1247 AEquisque
1478 1193 1636 1248 populis
1672 1193 1716 1239 in

418 1253 543 1295 castra
563 1253 687 1302 venit,
717 1252 826 1292 haud
847 1251 1048 1321 dubitans,
1080 1253 1105 1291 fi
1129 1251 1330 1301 senserint,
1363 1252 1574 1291 Romanos
1590 1250 1715 1290 noete.

418 1311 608 1351 abituros.
669 1311 809 1363 Itaque
832 1312 894 1374 (3)
925 1308 1041 1349 tertia
1061 1309 1143 1349 fere
1165 1310 1300 1365 vigilia
1332 1310 1382 1350 ad
1411 1309 1535 1352 castra
1557 1322 1714 1363 oppug-,

418 1370 550 1408 nanda
571 1367 750 1409 veniunt.
812 1368 1050 1425 Qmfflus,
1088 1367 1221 1407 sedato
1252 1368 1446 1417 tumultu,
1478 1380 1604 1432 quern
1636 1375 1714 1405 ter-

418 1440 485 1465 ror
506 1425 658 1464 subitus
677 1425 892 1474 exciverat,
925 1439 1051 1477 quum
1073 1439 1233 1464 manere
1265 1425 1306 1464 in
1327 1424 1509 1464 tentoriis
1531 1423 1715 1477 quietum

418 1483 589 1523 militem
606 1482 784 1537 jufliffet,
814 1482 1087 1522 Hernicorum
1105 1482 1344 1523 cohortem
1335 1497 1376 1521 in
1393 1482 1602 1521 stationem
1619 1482 1717 1521 edu-

418 1541 500 1590 cit3
544 1540 768 1581 cornicines
790 1539 1064 1593 tibicinesque,
1096 1540 1137 1579 in
1170 1555 1295 1593 equos
1322 1540 1541 1593 impolitos,
1572 1551 1715 1585 canere

418 1608 510 1638 ante
532 1599 681 1638 vallum
698 1597 831 1653 jubet,
863 1597 1156 1651 sollicitumque
1173 1598 1328 1638 hostem
1344 1598 1393 1637 ad
1415 1599 1547 1637 lucem
1564 1606 1713 1647 tenere,

419 1657 620 1709 reliquum
653 1655 786 1695 noifis
819 1653 920 1695 adeo
953 1657 1166 1709 tranquilla
1187 1656 1322 1695 omnia
1353 1656 1393 1694 in
1422 1655 1557 1695 castris
1586 1654 1714 1704 fuere,

419 1725 463 1754 ut
485 1714 614 1753 somni
649 1727 811 1767 quoque
834 1713 1032 1753 Romanis
1054 1714 1168 1767 copia
1196 1714 1300 1753 effet.
1361 1712 1531 1753 Volscos
1565 1712 1714 1766 species

417 1781 665 1811 armatorum
681 1771 878 1825 peditum,
901 1785 1001 1824 quos
1021 1774 1061 1811 δε
1081 1773 1214 1826 plures
1235 1771 1324 1819 effe,
1349 1774 1389 1812 &
1412 1771 1623 1810 Romanos
1640 1784 1715 1823 pu-

419 1829 571 1877 tabant,
603 1828 788 1869 fremitus
824 1828 1081 1882 hinnitusque
1113 1843 1327 1882 equorum,
1368 1828 1452 1881 qui,
1485 1831 1526 1868 &
1560 1827 1714 1869 insueto

420 1887 580 1926 sedente
615 1887 765 1939 equite,
799 1886 1021 1939 &insuper
1057 1901 1170 1926 aures
1207 1887 1380 1942 agitante
1402 1885 1547 1935 sonitu,
1583 1885 1717 1925 saevie-

419 1944 531 1993 bant,
563 1945 737 1983 intentos
751 1945 860 1984 velut
874 1945 922 1984 ad
944 1945 1141 1997 impetum
1162 1944 1338 1992 hostium
1354 1943 1498 1983 tenuit.

479 2002 612 2042 LXV.
675 2001 763 2042 Ubi
804 2001 948 2051 illuxit,
999 2003 1227 2054 Romanus,
1278 2002 1432 2056 integer
1475 2000 1713 2053 satiatusque

420 2060 560 2100 somno
581 2059 835 2114 productus
826 2073 866 2098 m
889 2060 1032 2109 aciem,
1059 2059 1199 2100 fessum
1220 2060 1359 2101 stando
1378 2063 1418 2100 ὅτ
1434 2058 1579 2115 vigiliis
1596 2057 1714 2097 Vols-

418 2132 514 2158 cum
549 2118 681 2171 primo
714 2117 868 2171 impetu
899 2117 1081 2171 perculit.
1126 2132 1357 2173 quanquam
1392 2117 1534 2157 cessere
1570 2116 1714 2171 magis,

419 2190 542 2229 quam
575 2176 673 2230 pulsi
704 2174 836 2215 hostes
870 2174 984 2215 sunt·
1027 2176 1120 2230 quia
1156 2176 1204 2216 ab
1241 2185 1353 2231 tergo
1383 2184 1497 2214 erant
1527 2174 1636 2224 clivi,
1671 2174 1714 2213 in

465 2294 500 2323 C.
519 2291 569 2329 64.
593 2292 647 2333 (1)
664 2291 782 2323 Multis
799 2291 947 2332 partibus
963 2292 1084 2333 majore
1100 2292 1220 2333 pracda,
1235 2293 1332 2332 quarn
1349 2298 1504 2332 quantam
1521 2290 1610 2333 prius
1623 2301 1714 2332 cepe-

420 2345 494 2369 rant
512 2336 629 2368 Sabini.
675 2338 730 2378 (2)
747 2337 860 2368 Plures
876 2336 1069 2378 interpretes
1087 2337 1213 2367 censent
1239 2347 1331 2368 voces
1353 2339 1456 2378 ingenti
1477 2337 1542 2367 caede
1563 2336 1714 2367 delendas

419 2382 490 2418 effe,
516 2390 551 2413 ut
567 2382 725 2423 glossema„
772 2383 883 2424 Qum
899 2390 1007 2413 autem
1024 2393 1132 2413 omnes
1150 2381 1274 2413 codices
1291 2392 1342 2414 eas
1363 2381 1543 2412 constanter
1567 2381 1714 2418 servent;

419 2426 526 2468 potius
554 2427 606 2463 est,
637 2435 673 2457 ut
697 2430 799 2469 ingenti
818 2428 888 2456 'caedc’
912 2427 952 2458 de
978 2426 1094 2464 occlsls,
1129 2428 1160 2457 Sc
1181 2429 1301 2469 plurimo
1314 2428 1452 2468 fimguiue
1474 2426 1513 2456 de
1537 2424 1714 2457 vulneratis

419 2472 621 2513 accipiamus.
670 2473 709 2502 Et
735 2471 780 2502 ita
804 2473 870 2502 fere
894 2472 1074 2513 junguntur
1099 2472 1167 2502 haec
1193 2472 1305 2503 eadem
1333 2469 1501 2508 uocabula,
1528 2469 1613 2508 infra
1636 2470 1656 2500 l.
1678 2479 1709 2510 9.

420 2528 446 2547 c.
465 2526 513 2555 13.
537 2518 568 2546 &e
596 2517 615 2547 l.
642 2525 695 2555 27.
721 2527 746 2547 c.
768 2526 821 2557 49.
865 2516 921 2557 (3)
945 2516 1206 2558 Distinguebatur
1232 2525 1359 2558 tempus
1381 2515 1485 2546 noetis
1512 2514 1545 2545 in
1572 2522 1712 2555 quatuor

419 2560 553 2602 vigilias,
586 2572 723 2602 quarum
751 2572 953 2602 unaquaeque
979 2561 1078 2592 trium
1106 2562 1260 2593 horarum
1287 2568 1365 2592 erat.
1418 2559 1531 2591 Tertia
1558 2558 1666 2601 vigilia
1693 2570 1712 2592 a

420 2606 525 2636 media
550 2608 646 2637 noete
673 2605 859 2647 incipiebat.
908 2606 1044 2649 Singulis
1069 2615 1178 2639 autem
1203 2605 1430 2649 vigiliis-ligno
1464 2603 1600 2637 buccina
1625 2605 1715 2641 dato,

419 2650 528 2693 vigiles
544 2651 762 2684 mutabantur.

1609 2723 1710 2763 quos
