1853 3158
261 646 297 723 I
532 642 613 720 N
849 641 929 716 D

1169 638 1239 714 E
1456 625 1553 714 'X

178 963 376 1015 Rerum
418 963 470 1014 δε
519 959 868 1017 locutionum,
907 970 1088 1006 earum
1140 953 1408 1024 praecipue}
1452 971 1572 1023 quae
1609 953 1664 1004 in

278 1037 415 1090 notis
444 1032 773 1105 explicantur
801 1027 886 1081 vel
912 1040 1190 1099 utcunque
1217 1026 1551 1080 illustrantur.

626 1212 800 1255 Numeri
828 1213 993 1269 paginas
1024 1212 1214 1253 indicant.

525 1404 1306 1431 w-

510 1557 561 1597 A.

952 1530 1153 1602 Accideress-
1176 1565 1199 1591 a
1230 1552 1346 1592 cado.
1382 1552 1477 1606 263.
1512 1563 1608 1607 313„

953 1612 1169 1664 Accingere.
1207 1622 1276 1663 51.

180 1673 237 1722 A,
266 1673 328 1725 ab,
357 1671 596 1727 praepofitio.
624 1684 691 1725 27.
717 1672 810 1722 146.
832 1669 896 1708 ab-
952 1669 1131 1722 Accipc²re
1151 1682 1289 1707 nomen.
1323 1678 1419 1721 255.
1451 1668 1610 1720 accipere
1628 1668 1667 1706 in

225 1731 358 1786 sonum
389 1748 430 1781 a,
472 1730 646 1786 diffimum
680 1746 716 1768 a.
748 1731 818 1783 69.
849 1727 896 1766 ab

220 1789 357 1844 stirpe.
385 1789 479 1843 236.
506 1802 579 1841 pro
592 1796 757 1840 propter.
792 1799 889 1840 299.

181 1846 417 1886 Abalienare.
461 1859 551 1899 130.

183 1903 370 1944 Ablativa
406 1913 645 1942 neutrorum
680 1902 723 1941 in
757 1917 786 1941 e.
828 1913 892 1954 15.

241 1960 454 2002 Ablativus
498 1958 699 2015 participii
745 1957 892 2013 paffivi.

245 2032 313 2072 27.

184 2077 370 2117 Abnuere.
408 2090 471 2117 11.

183 2135 403 2189 Abolescere.
440 2146 534 2187 145.

185 2193 421 2233 Abominari.
473 2203 541 2245 29.
582 2188 894 2231 Abominandum.

246 2262 298 2301 24
333 2281 343 2290 .

185 2264 381 2361 Abrogare
409 2308 447 2347 Sc
474 2305 654 2360 obrogare.
690 2318 740 2360 23
750 2318 787 2360 5.

186 2364 374 2420 Alffstere.
409 2367 503 2405 208.

183 2422 290 2477 Afft
309 2422 455 2462 invidia
476 2421 595 2462 verbo.
628 2421 725 2463 216.

185 2480 352 2535 Alfimus
370 2496 406 2519 a.
442 2480 509 2533 69.

187 2535 351 2578 Abundb
364 2548 443 2591 par
465 2540 543 2577 διε.
570 2549 662 2591 171.

187 2597 263 2644 Ac,
283 2595 348 2644 ἔθ’,
370 2610 450 2649 que.
484 2606 580 2650 209.

189 2651 350 2707 Accetgfi.
381 2665 474 2703 140.

185 2711 381 2766 Accidere,
412 2725 434 2750 a
455 2710 578 2751 caedo.
619 2721 711 2765 172.
901 2764 935 2805 7

1005 1734 1168 1781 partem.
1193 1737 1288 1779 271.
1310 1732 1494 1778 acceptum
1512 1725 1665 1781 refirre.

1014 1798 1036 1839 3
1049 1797 1082 1824 1.

954 1842 1135 1882 Acerbus.
1168 1842 1237 1882 68.

955 1900 1037 1951 Ad,
1059 1898 1297 1953 praepofitio.
1329 1910 1414 1953 151.
1440 1897 1574 1939 addita
1595 1911 1670 1939 no-

1013 1957 1191 1998 minibus
1212 1956 1387 1998 urbium.
1416 1960 1505 1998 128.
1525 1955 1671 2006 adhoc,

1012 2015 1065 2055 ad
1093 2015 1144 2054 id.
1179 2027 1245 2056 20.
1269 2016 1479 2068 inexpertus
1498 2015 1562 2063 ad,
1578 2014 1671 2070 for-

1012 2075 1062 2113 tis
1090 2072 1155 2124 ad,
1186 2072 1294 2113 rudis
1311 2072 1372 2111 ad.
1410 2076 1477 2113 28.
1505 2084 1596 2113 122.
1618 2072 1673 2111 acl

1012 2140 1166 2184 tempus.
1190 2144 1211 2185 3
1218 2145 1257 2184 9.
1272 2129 1324 2169 ad
1334 2145 1484 2170 manum
1505 2138 1669 2170 cantare.

1017 2202 1083 2243 70.
1103 2188 1246 2228 tribuni
1259 2188 1419 2227 militum
1438 2188 1490 2227 ad
1506 2188 1671 2241 legiones.

1015 2258 1081 2301 73.
1115 2247 1235 2300 potior
1280 2244 1331 2285 ad
1366 2261 1512 2295 curam,
1554 2245 1671 2299 uficm.

1018 2317 1109 2358 103.
1131 2304 1261 2360 firme
1282 2333 1291 2342 .
1316 2335 1324 2343 .
1352 2334 1360 2343 .
1384 2303 1444 2342 ad.
1473 2315 1567 2356 277.
1588 2310 1673 2341 tra-

1013 2361 1098 2401 here
1117 2361 1169 2401 ad
1189 2361 1350 2401 meliora.
1388 2361 1480 2401 161.
1508 2359 1564 2400 ad
1575 2374 1670 2414 gra·¹²

1015 2422 1107 2459 tiam
1128 2435 1172 2458 ac
1189 2418 1374 2458 libidinem
1392 2418 1538 2474 fizcere.
1572 2429 1667 2471 229.

1017 2478 1069 2517 ad
1085 2492 1194 2516 arma
1215 2478 1282 2516 ire.
1317 2488 1411 2531 232.
1441 2476 1492 2515 ad
1511 2474 1551 2515 iel
1581 2475 1670 2514 loco-2

1019 2550 1118 2574 rum-
1153 2546 1249 2588 253.
1271 2533 1324 2574 ad
1348 2544 1538 2574 terrorem.
1572 2545 1667 2585 243.

1018 2593 1071 2632 ad
1072 2592 1262 2647 solatium.
1297 2603 1392 2646 307.

964 2650 1162 2690 AddiHus.
1183 2662 1250 2691 22.

964 2709 1102 2766 Adffz
1141 2710 1207 2751 28.
1231 2709 1299 2764 56.

1493 2761 1676 2804 Adhiberi
