1905 3168
171 307 227 343 68

853 312 904 351 T.
966 311 1220 353 LIVII

171 418 206 446 L.
221 417 373 459 ‘Tarquini-
392 419 492 460 alius
517 425 623 468 ante,
655 434 722 460 rex
745 422 801 461 est
836 423 1071 463 declaratus.
1132 424 1278 489 Neque
1303 436 1348 464 ea
1368 437 1430 465 res
1458 421 1686 478 Tarquinio

167 1375 265 1405 Tullz'ae
277 1375 365 1405 ambi-

162 1427 208 1450 tto.

392 477 584 531 spem1(1)
606 478 820 518 affefflandi
852 481 964 535 regni
997 481 1166 521 minuit:
1210 482 1333 522 immo
1367 496 1414 522 eo
1451 479 1685 536 impenfius,

391 534 484 586 quia
507 537 568 588 (2)
590 535 638 574 de
662 552 756 590 agro
778 536 903 590 plebis
920 539 1082 578 adversa
1103 539 1268 579 Patrum
1291 541 1494 580 voluntate
1516 539 1686 580 senserat

390 592 467 645 agi,
500 593 739 633 criminandi
755 594 880 634 Servii
901 597 1006 649 apud
1028 598 1179 647 Patres,
1211 597 1522 650 crescendique
1513 612 1554 637 m
1574 597 1685 637 curia

389 649 456 688 fibi
490 651 738 690 occasionem
759 652 891 692 datam
924 663 1032 693 ratus
1052 654 1122 702 est,
1156 657 1196 695 δι’
1219 654 1329 707 ipse
1316 655 1474 709 juvenis
1510 655 1686 695 ardentis

389 707 527 755 animi,
557 710 597 748 &
624 709 733 748 domi
763 725 886 750 uxore
913 710 1049 750 Tullia
1080 712 1307 764 inquietum
1340 711 1521 751 animum
1543 713 1683 752 stimu-

389 765 508 804 lante.
569 765 683 805 Tulit
695 767 803 806 enim
827 771 866 808 &
886 768 1073 807 Romana
1090 768 1197 823 regia
1215 768 1370 808 sceleris
1387 769 1526 823 tragici
1547 783 1683 809 exem-

389 822 517 875 plum,
550 832 593 862 ut
629 824 747 864 taedio
783 839 924 879 regum
958 826 1152 865 maturior
1183 826 1335 865 veniret
1369 825 1556 866 libertas·
1547 843 1559 875 3
1591 825 1685 865 ulti,

389 886 583 933 mumque
606 895 775 936 regnum
801 883 911 932 esset,
942 884 1050 936 quod
1073 882 1216 922 scelere
1238 891 1399 935 partum
1420 883 1536 922 foret.
1596 884 1681 924 Hic

387 936 436 976 L.
458 937 705 991 Tarquinius
723 939 860 993 (Prisci
876 940 1090 993 Tarquinii
1107 940 1210 994 regis
1232 940 1338 980 filius
1355 940 1528 994 neposne
1546 940 1684 990 fuerit,

388 1009 530 1048 parum
561 996 712 1049 liquet;
745 997 924 1050 pluribus
946 1008 1080 1037 tamen
1102 997 1334 1038 auctoribus
1366 997 1495 1037 filium
1517 1000 1579 1052 (3)
1600 998 1684 1038 edi-

386 1052 537 1119 derim)
551 1053 715 1094 fratrem
736 1054 929 1095 habuerat
952 1057 1153 1095 Aruntem
1174 1055 1462 1109 Tarquinium,
1493 1056 1601 1095 mitis
1622 1056 1683 1095 in-

385 1110 494 1162 genii
522 1111 727 1165 juvenem.
789 1113 866 1153 His
888 1113 1060 1162 duobus,
1092 1123 1137 1153 ut
1173 1117 1264 1152 ante
1299 1113 1456 1153 dierum
1487 1113 1560 1164 est,
1592 1115 1683 1154 duae

385 1167 550 1220 Tulliae,
573 1169 676 1223 regis
698 1169 806 1219 filiae,
827 1171 1057 1224 nupserant,
1091 1174 1132 1212 δε
1154 1170 1246 1224 ipsae
1267 1171 1387 1225 longe
1404 1170 1578 1236 dispares
1594 1185 1682 1211 mon

384 1224 508 1265 ribus.
571 1227 691 1267 Forte
722 1228 775 1267 ita
796 1228 1003 1278 inciderat,
1035 1243 1084 1267 ne
1106 1229 1189 1268 duo
1208 1229 1412 1268 violenta
1403 1229 1563 1284 mgenia
1597 1243 1683 1268 ma·-

384 1282 576 1323 trimonio
606 1285 889 1340 jungerentur,
920 1286 1101 1337 fortuna,
1132 1287 1267 1336 credo,
1307 1287 1446 1340 populi
1483 1286 1680 1336 Romani,

384 1353 466 1392 quo
488 1341 716 1382 diuturnius
742 1342 868 1382 Servii
889 1358 1060 1398 regnum
1082 1344 1191 1392 effet,
1221 1344 1488 1397 constituique
1511 1344 1682 1384 civitatis

383 1411 516 1437 mores
533 1399 699 1452 poffent.
762 1400 1000 1455 Augebatur
1026 1400 1139 1440 ferox
1163 1401 1318 1451 Tullia,
1349 1401 1449 1440 nihil
1471 1404 1534 1455 (4)
1554 1412 1681 1441 mate-

382 1455 451 1495 riae
466 1456 507 1494 in
522 1456 607 1496 viro
622 1470 752 1509 neque
767 1458 816 1496 ad
833 1458 1110 1512 cupiditatem,
1131 1472 1261 1511 neque
1277 1459 1326 1497 ad
1348 1459 1555 1498 audaciam
1577 1460 1651 1498 effe
1666 1476 1680 1507 ;

383 1522 465 1552 tota
498 1514 538 1551 in
560 1515 730 1553 alterum
758 1515 879 1555 versa
893 1515 1179 1569 Tarquinium,
1210 1530 1304 1555 eum
1325 1516 1476 1565 mirari,
1508 1530 1601 1556 eum
1622 1517 1681 1556 vi-

382 1585 473 1610 rum
495 1571 642 1621 dicere,
675 1586 719 1612 ac
741 1573 851 1627 regio
883 1573 1073 1627 sanguine
1095 1584 1253 1613 ortum:
1284 1573 1467 1628 spernere
1488 1573 1679 1623 sororem,

382 1626 495 1681 quod
511 1628 642 1668 virum
664 1630 784 1669 nacta
801 1630 986 1670 muliebri
1003 1631 1164 1671 ceffaret
1185 1633 1225 1685 (5
1234 1634 1247 1685 )
1269 1630 1446 1671 audacia.
1509 1631 1680 1671 Contra-

379 1682 441 1725 hit
462 1685 643 1735 celeriter
661 1687 874 1728 similitudo
895 1702 978 1737 eos,
1010 1698 1054 1728 ut
1071 1687 1154 1728 fere
1176 1688 1222 1728 fit
1243 1690 1394 1728 malum
1423 1690 1530 1728 malo
1561 1690 1694 1743 aptis-v

381 1743 537 1783 fimum.
572 1744 637 1784 sed
659 1746 721 1799 (6)
742 1745 903 1785 initium
936 1745 1123 1786 turbandi
1157 1746 1292 1786 omnia
1314 1761 1335 1785 a
1356 1745 1505 1786 femina
1542 1758 1678 1787 ortum

379 1801 448 1840 est.
510 1802 582 1851 Ea,
614 1801 772 1843 secretis
793 1803 866 1842 viri
886 1803 1003 1843 alieni
1025 1803 1239 1844 affuefa&a
1262 1803 1523 1853 sermonibus,
1555 1806 1676 1844 nullis

377 1858 593 1899 verborum
615 1861 868 1901 contumeliis
889 1875 1067 1915 parcere,
1099 1863 1147 1901 de
1167 1864 1229 1916 (7)
1249 1862 1334 1901 viro
1355 1863 1404 1901 ad
1426 1861 1605 1912 fratrem,
1627 1864 1677 1902 de

379 1916 511 1956 sorore
534 1919 582 1957 ad
604 1918 761 1966 virum;
797 1922 837 1959 &
860 1919 897 1958 se
919 1917 1071 1959 τεὸῒίυε
1094 1922 1155 1974 (8)
1175 1919 1355 1968 viduam,
1388 1922 1427 1960 &
1455 1920 1569 1959 illum
1592 1935 1677 1960 coe-

378 1973 500 2013 libem
518 1974 701 2015 futurum
720 1975 832 2015 fuisse
851 1978 1107 2025 contendere,
1129 1991 1251 2030 quam
1269 1983 1362 2017 cnm
1379 1977 1522 2030 impari
1539 1978 1674 2033 jungi,

379 2041 424 2070 ut
438 2032 800 2086 elanguescendum
822 2034 978 2073 aliena
970 2035 1126 2099 ignavia
1142 2035 1246 2074 effet.
1307 2034 1349 2075 Si
1372 2034 1439 2074 fibi
1461 2049 1570 2084 eum,
1593 2050 1674 2088 quo

381 2090 500 2145 digna
521 2091 629 2141 effet,
660 2091 729 2130 Dii
753 2092 943 2131 dediffent
960 2093 1106 2142 virum,
1138 2092 1247 2132 domi
1265 2091 1301 2132 se
1318 2093 1552 2146 propediem
1569 2093 1673 2133 visu-

1586 2165 1671 2190 ram

424 2267 457 2298 C
472 2265 522 2303 46.
540 2264 628 2307 (1)1.
639 2278 663 2298 e.
676 2266 861 2304 invadendi,
886 2266 1074 2309 occupandi
1099 2268 1148 2299 Sic
1161 2255 1249 2310 Virg.
1265 2269 1340 2299 AEn.
1354 2278 1381 2307 3.
1399 2268 1473 2307 670.
1505 2268 1609 2299 Verbm
1625 2269 1672 2298 ιιι·

376 2313 452 2340 fulla
465 2314 511 2341 dat
513 2326 545 2342 ur
560 2315 589 2341 d
586 2312 659 2342 xtrd
674 2315 807 2354 ffcvare
816 2321 866 2354 por
856 2315 941 2356 istas.
987 2315 1041 2356 (2)
1057 2313 1256 2354 Displicuiffe
1272 2313 1419 2354 patribus
1440 2313 1528 2344 illam
1544 2312 1671 2343 divisio-¹

377 2366 450 2386 nem
464 2355 530 2406 agri
544 2355 628 2387 inter
645 2357 780 2398 plebem.
825 2358 881 2399 (3)
904 2358 1051 2389 Alteram
1065 2357 1252 2389 sententiam
1264 2365 1373 2389 tuetur
1383 2357 1565 2400 Dionysius,
1577 2368 1671 2399 argu-

374 2400 491 2431 mentis
504 2402 677 2442 desumptis
694 2405 731 2432 ex'
743 2405 923 2433 diuturnitzte
940 2414 1111 2444 regnorum
1122 2401 1217 2438 Anci,
1241 2401 1413 2443 Tarquinii
1431 2402 1539 2440 Prisci,
1560 2401 1674 2440 Servii,⁴

348 2434 357 2446 λ
375 2445 407 2474 ἃ
423 2445 594 2486 Tarquinii
612 2447 765 2488 Superbi.
792 2447 860 2478 haec
882 2456 989 2478 autem
1003 2459 1117 2488 parum
1130 2445 1237 2478 xalida
1259 2447 1319 2479 effe
1335 2447 1470 2478 ostendit
1480 2448 1669 2478 Newtonus.

373 2491 428 2529 (4)
446 2490 534 2520 Nihil
546 2492 631 2521 unde
644 2491 837 2523 excitaretur
852 2500 907 2523 aut
919 2493 959 2523 ad
972 2492 1181 2533 cupiditatem
1194 2494 1300 2524 autad
1317 2492 1491 2523 audaciam.
1536 2492 1590 2532 (5)
1606 2491 1625 2521 i.
1641 2503 1668 2523 e.

374 2534 502 2566 cessaret
526 2537 560 2565 ab
585 2536 728 2574 audacia,
750 2544 871 2568 careret
889 2536 1029 2568 audacia.
1057 2537 1106 2568 Sic
1133 2539 1303 2575 Lucanus;
1325 2538 1423 2580 ccffzre
1438 2544 1527 2567 marte
1553 2544 1668 2567 cruento.

373 2580 477 2609 Porro
493 2591 560 2610 non
577 2581 620 2611 est
647 2582 735 2621 quod
752 2581 920 2622 quisquam
944 2582 1080 2613 miretur
1096 2594 1113 2613 a
1130 2581 1256 2614 mulieri
1274 2583 1370 2624 supra
1400 2583 1533 2613 modum
1553 2581 1668 2612 audaci

373 2622 538 2655 audaciam
560 2624 671 2656 haberi
695 2626 867 2657 mulierum
891 2626 1065 2668 propriam.
1111 2626 1168 2668 (6)
1190 2628 1384 2668 Voculaefid
1396 2626 1443 2657 vis
1460 2626 1526 2657 haec
1543 2625 1603 2656 est
1629 2628 1667 2657 L,

371 2668 569 2708 Tarquinius
585 2670 684 2701 feroci
708 2671 820 2702 Tulliae
848 2671 1022 2713 aptissimus
1051 2672 1180 2712 quidem
1208 2672 1289 2710 fuit3
1311 2680 1400 2702 tamen
1427 2672 1462 2701 ab
1488 2671 1540 2702 illa
1559 2673 1666 2700 initium

372 2707 402 2742 ἶ
394 2724 431 2744 ’.ο
448 2715 484 2743 E
529 2715 562 2755 (7
570 2714 581 2753 )
608 2717 652 2745 De
668 2720 730 2746 vim
746 2717 803 2747 suo
818 2719 989 2758 adsratrms
1006 2717 1090 2758 ejus3
1113 2720 1209 2759 deso-01
1213 2732 1242 2750 re
1258 2716 1312 2750 sua
1327 2720 1366 2748 ad
1378 2719 1469 2748 virum
1485 2716 1561 2757 ejus.
1610 2715 1666 2756 (8)

376 2761 427 2788 Vi
423 2761 445 2781 '¹
431 2770 462 2789 2:ae
480 2758 598 2791 dicitur
611 2760 706 2792 etiam
723 2772 759 2793 ca
776 2772 844 2803 quae
861 2761 941 2793 nulli
964 2761 1116 2803 nuplcrit.
1549 2805 1564 2845 (
1590 2803 1604 2844 )
1628 2805 1653 2835 L
