1853 3158
356 293 642 339 LIBER
701 295 775 336 111.
836 294 1020 338 CAP.
1081 296 1238 338 XXIII.

160 404 370 454 cecinisset.
387 411 541 466 equites
558 411 652 451 item
676 413 738 465 (3)
758 410 837 451 suae
857 411 1004 465 cuique
1034 413 1137 466 parti
1162 412 1247 467 post
1262 415 1324 467 (4)
1341 411 1450 466 prin-

161 471 265 524 cipia
290 472 470 511 collocat.
532 469 592 509 Ita
610 468 806 509 trifariam
828 470 991 509 adortus
1013 471 1138 510 castra
1161 471 1450 511 circumvenit:

161 529 223 578 &,
259 541 386 581 quum
426 527 605 580 undique
639 526 816 576 instaret,
851 539 933 566 non
976 526 1211 568 sustinentes
1252 528 1451 581 impetum

158 585 327 626 Volscos
359 585 461 624 vallo
497 583 694 624 deturbat.
753 583 1032 638 Transgressus
1071 582 1162 625 inde
1190 586 1451 634 munitiones,

158 644 344 696 pavidam
365 642 524 682 turbam
545 642 858 695 inclinatamque
892 642 933 680 in
967 650 1121 695 partem
1158 657 1281 682 unam
1315 643 1452 683 eastris

160 700 334 753 expellit.
396 700 494 739 Inde
511 697 637 740 effuse
651 699 852 755 fugientes
868 713 1007 752 eques,
1021 700 1086 739 cui
1103 699 1286 754 superare
1302 702 1453 740 vallum

160 756 267 797 haud
290 757 406 797 facile
427 756 573 807 fuerat,
595 771 722 811 quum
742 758 792 798 ad
813 757 854 797 id
875 756 1075 810 spefitator
1105 771 1252 811 pugnae
1288 758 1454 797 adstitis-

159 809 233 865 set,
254 814 378 855 libero
406 829 549 869 campo
570 817 752 869 adeptus,
775 824 885 869 parte
906 814 1088 854 vietoriae
1112 814 1274 863 fruitur,
1296 816 1456 855 territos

163 874 368 913 caedendo.
430 874 582 927 Magna
601 875 641 913 &
659 873 700 912 in
721 873 857 913 castris
876 875 914 913 &
934 882 1046 912 extra
1061 872 1312 912 munimenta
1327 874 1455 913 caedes

163 929 408 984 fugientium
427 929 529 970 fuit:
560 931 626 970 sed
645 931 778 984 praeda
800 931 958 985 major,
991 931 1084 983 quia
1104 931 1169 970 vix
1191 944 1301 970 arma
1322 930 1457 971 secum

161 988 302 1028 efferre
323 987 446 1028 hostis
460 988 604 1041 potuit.
626 988 858 1042 deletusque
872 988 1070 1028 exercitus
1092 988 1214 1039 foret,
1241 988 1283 1027 ni
1300 987 1459 1043 fugien-

166 1055 226 1085 tes
242 1046 343 1085 filvae
359 1046 552 1085 texissent.

1595 306 1669 347 Ι93

220 1103 378 1143 XXIII.
410 1104 525 1143 Dum
545 1104 595 1143 ad
618 1104 790 1144 Antium
806 1103 892 1144 haec
909 1113 1119 1158 geruntur,
1136 1103 1296 1143 interim
1316 1101 1459 1157 AEqui‚
1480 1104 1547 1134 Arx
1568 1102 1665 1154 ‘17553-

165 1160 307 1201 robore
325 1162 548 1216 juventutis
569 1162 780 1215 praemiffo,
798 1175 931 1201 arcem
950 1159 1224 1201 Tusculanam
1240 1159 1459 1214 improviso
1479 1150 1544 1178 ΛΜ
1562 1148 1596 1177 “b
1610 1158 1671 1176 ‘²²‘

164 1218 286 1258 Ποᾶε
312 1219 499 1272 capiunt:
529 1219 684 1272 reliquo
716 1220 894 1259 exercitu
934 1218 1042 1258 haud
1082 1219 1223 1272 procul
1257 1218 1460 1259 moenibus

166 1276 335 1316 Tusculi
357 1277 581 1327 confidunt,
614 1287 659 1316 ut
686 1279 748 1331 (Ι)
785 1276 1055 1317 distenderent
1096 1276 1271 1315 hostium
1312 1277 1460 1330 copias.

167 1333 270 1373 Haec
293 1335 473 1374 celeriter
495 1335 691 1386 Romam,
714 1335 762 1374 ab
787 1335 920 1374 Roma
942 1334 983 1372 in
1005 1333 1129 1373 castra
1170 1334 1342 1373 Antium
1375 1349 1465 1387 per-

167 1392 262 1441 lata,
284 1402 448 1431 movent
468 1392 678 1432 Romanos
701 1391 810 1431 haud
833 1391 958 1439 secus,
988 1390 1111 1444 quam
1153 1391 1177 1430 fi
1215 1392 1464 1444 Capitolium

168 1458 332 1501 captum
358 1450 630 1488 nunciaretur.
663 1447 763 1488 adeo
789 1451 826 1489 ἃ
851 1462 989 1488 recens
1030 1457 1114 1487 erat
1139 1448 1465 1488 Tusculanorum

169 1506 374 1554 meritum,
399 1508 439 1546 &
462 1506 675 1546 similitudo
697 1506 777 1560 ipsa
793 1507 961 1560 periculi
982 1505 1186 1559 reposcere
1207 1507 1346 1545 datum
1369 1521 1467 1546 aux-

172 1563 272 1602 lium
293 1562 515 1603 videbatur.
576 1563 738 1613 Fabius,
777 1563 923 1603 omissis
963 1563 1167 1611 omnibus,
1204 1565 1382 1616 praedam
1417 1579 1466 1603 ex

172 1620 309 1660 castris
350 1621 494 1674 raptim
528 1621 701 1660 Antium
736 1620 936 1660 convehit.
998 1620 1058 1660 Ibi
1091 1620 1252 1660 modico
1287 1622 1468 1674 praesidio

173 1677 332 1729 relifito,
357 1680 414 1731 (2)
432 1678 600 1717 citatum
618 1692 763 1732 agmen
783 1678 1009 1718 Tusculum
1030 1679 1145 1731 rapit.
1183 1677 1284 1716 nihil
1325 1688 1470 1732 praeter

173 1749 299 1784 arma,
319 1737 359 1775 &
377 1735 485 1788 quod
507 1734 615 1775 coeti
629 1736 678 1775 ad
693 1750 859 1775 manum
875 1735 951 1774 fuit
974 1735 1067 1784 cibi,
1085 1735 1189 1774 ferre
1204 1736 1321 1775 militi
1342 1737 1467 1776 licuit.

173 1792 460 1832 Commeatum
482 1793 531 1833 ab
554 1792 689 1833 Roma
711 1793 848 1833 consul
870 1792 1085 1834 Cornelius
1107 1792 1302 1832 subvehit.
1318 1795 1472 1847 aliquot

175 1849 330 1905 menses
349 1849 518 1890 Tusculi
538 1850 744 1890 bellatum.
780 1861 892 1905 parte
933 1848 1133 1890 exercitiis
1168 1851 1305 1891 consul
1347 1853 1471 1891 castra

179 1907 412 1961 AEquorum
447 1909 730 1963 oppugnabat:
761 1919 916 1962 partem
950 1908 1192 1948 Tusculanis
1229 1910 1391 1949 dederat
1423 1912 1472 1950 ad

176 1979 312 2005 arcem
347 1968 677 2020 recuperandam.
749 1965 807 2006 Vi
843 1980 1053 2019 nunquam
1094 1964 1143 2005 eo
1178 1965 1298 2006 subiri
1327 1969 1472 2021 potuit.

1344 2030 1474 2066 tames

179 2139 200 2170 l.
218 2148 267 2177 42.
287 2150 312 2171 c.
333 2149 383 2178 24.
429 2140 484 2183 (3)
501 2139 689 2172 Gronovius
705 2139 766 2184 legi
781 2138 872 2182 jubet
888 2141 939 2172 vel
951 2142 1016 2182 fica,
1028 2148 1064 2171 ut
1078 2139 1118 2171 ad
1140 2143 1284 2183 principia
1307 2144 1478 2181 referatur,

179 2185 230 2215 vel
232 2186 307 2225 suos,
318 2185 369 2216 vel
386 2186 536 2227 denique,
541 2188 601 2227 Jicae
622 2200 745 2228 quemque
761 2194 817 2217 aut
823 2189 882 2226 suae
906 2188 1025 2227 quostque,
1056 2194 1091 2216 ut
1115 2187 1162 2227 ad·
1181 2190 1278 2227 equites
1307 2189 1477 2219 referatur.

182 2231 222 2260 Et
236 2231 507 2269 quemadmodum
522 2230 576 2261 ille
592 2233 762 2262 emendare
778 2231 1026 2268 voluit‚certum
1038 2231 1081 2261 est
1093 2230 1223 2261 Livium
1238 2231 1317 2271 saepc
1334 2232 1479 2263 locutum

183 2273 251 2304 effe.
289 2278 445 2306 Attamen
458 2275 589 2307 alterius
606 2286 736 2317 quoque
752 2276 925 2307 locutionis
938 2276 1061 2316 aliquot
1079 2276 1222 2316 exempla
1236 2278 1323 2316 apud
1340 2278 1480 2317 optimos

183 2318 354 2359 scriptores
367 2328 555 2358 occurrunt,
571 2331 643 2361 quae
659 2320 767 2352 omnia
780 2331 892 2351 contra
911 2320 1138 2351 auetoritatem
1155 2320 1303 2351 codicum
1316 2321 1480 2352 sollicitari

182 2365 272 2394 nefas
288 2364 438 2395 duemsie
455 2364 540 2396 infra
556 2366 575 2395 l.
592 2375 644 2404 25.
660 2377 685 2397 c.
707 2375 756 2405 17.
776 2365 864 2407 Virg.
896 2365 960 2396 Ecl.
990 2375 1016 2403 7.
1044 2376 1074 2395 v.
1104 2375 1155 2403 54.
1185 2366 1262 2396 Cas.
1292 2365 1311 2395 l.
1347 2375 1372 2396 1.
1407 2366 1481 2396 bell.

184 2407 255 2439 Civ.
273 2418 298 2438 c.
317 2408 366 2447 83.
383 2410 467 2440 Suet.
486 2409 519 2440 in
532 2412 616 2451 Aug.
635 2421 660 2441 c.
678 2420 730 2448 4ο.
775 2412 858 2441 Utut
880 2409 927 2447 fit,
954 2411 1038 2441 certe
1070 2409 1183 2440 Livius
1209 2409 1329 2442 indicat
1358 2411 1481 2451 equites

187 2452 348 2484 Hernicos
380 2451 542 2495 peditibus
573 2454 724 2486 Hernicis
755 2455 913 2496 subjectos
941 2454 1042 2491 fuisse,
1078 2454 1213 2485 Latinos
1242 2454 1365 2493 equites
1393 2453 1482 2496 pedi-

185 2497 271 2528 tibus
288 2498 434 2535 'Latinis‚
461 2499 493 2529 δε
524 2501 688 2531 Romanos
727 2499 906 2542 legionibus
943 2498 1106 2530 Romanis.
1163 2499 1217 2540 (4)
1245 2499 1317 2529 Post
1345 2499 1483 2540 primam

189 2542 298 2574 aciem.
311 2551 347 2573 ut
364 2543 458 2584 supra
478 2554 503 2574 c.
522 2544 572 2582 65.
590 2544 609 2574 l.
631 2553 660 2575 2.

233 2589 268 2618 C.
289 2596 339 2627 23·
365 2590 420 2628 (1)
437 2590 484 2619 Ita
497 2590 639 2632 ‹issendere
654 2588 739 2620 infra
755 2589 775 2619 l.
796 2598 846 2628 34.
865 2599 890 2619 c.
911 2598 961 2630 29.
977 2588 1068 2619 Alias
1094 2588 1196 2620 verbo
1225 2588 1346 2631 dfiincre
1372 2588 1483 2619 Livius

189 2631 272 2673 saepe
289 2632 362 2662 usus
379 2632 432 2670 est,
443 2642 505 2674 pro
521 2632 676 2671 dividere,
686 2634 721 2664 in
738 2642 844 2675 partes
862 2633 1044 2665 distrahere.
1089 2634 1144 2674 (2)
1169 2635 1289 2663 Cifatum
1315 2646 1408 2674 agmen
1436 2647 1484 2663 ra-

181 2684 251 2720 pere
262 2677 403 2708 occurrit
413 2676 500 2710 infra
514 2677 534 2710 l.
552 2687 602 2719 23.
620 2687 646 2710 c·
659 2678 711 2719 36.
726 2677 817 2712 Alias
832 2677 951 2710 dicitur
968 2681 1048 2711 citato
1063 2681 1171 2723 agmine
1185 2681 1288 2715 ducere,
1301 2681 1353 2709 iter
1381 2680 1486 2719 ingredi

233 2721 331 2753 ΤοΜ.
348 2723 372 2754 1.
853 2724 881 2754 Ο
1419 2721 1482 2752 &00

1478 1196 1539 1234 quis
1554 1198 1649 1234 capt-l.

1492 1850 1610 1880 Auxilio
1623 1848 1677 1880 Ro·

1493 1907 1632 1925 nerinorum
1650 1908 1693 1924 ’τε

1492 1948 1578 1982 cepta.
