1832 3137
450 275 733 318 LIBER
793 277 824 317 1.
886 278 1068 320 CAP.
1128 279 1239 320 LIX.

201 386 351 427 dextras
369 386 569 443 fidemque,
600 385 702 426 haud
719 385 867 438 impunE²
894 388 1056 429 adultero
1062 389 1162 445 fhre.
1226 391 1307 431 Sex.
1324 392 1370 446 cst
1385 393 1485 432 flar-

202 446 364 497 quinius,
395 445 457 498 qui
476 444 579 498 hqstis
601 454 671 497 pro
690 444 818 497 hospite
838 447 963 496 priore
982 450 1078 485 φιοὲῗε
1098 449 1140 486 vi
1168 459 1350 498 armatus,
1382 451 1485 500 mihi,

184 500 372 557 stbiquest
382 517 444 541 vos
464 503 542 540 viri
560 500 653 554 fstis,
665 501 874 557 pestfi’rum
890 502 973 542 hinc
985 504 1127 559 alstulit
1141 506 1331 558 gaudium.
1373 508 1485 547 Dant

198 559 337 599 ordine
351 570 490 598 omnes
508 556 628 599 fidem
645 573 653 597 2
690 558 942 598 consolantur
954 575 1099 614 aegram
1114 562 1250 611 animi,
1273 566 1486 605 avertendo

202 628 349 654 noxam
381 615 429 655 ab
456 615 596 657 comita
632 615 672 655 in
704 615 912 655 au&orem
938 617 1090 658 delicti.
1114 629 1290 658 mentem
1312 623 1373 675 (6)
1394 636 1485 675 pec-

200 686 304 720 care,
337 686 417 713 non
451 687 618 726 corpus:
653 674 693 714 &
725 673 830 712 unde
867 674 1073 713 confilium
1108 675 1294 725 abfuerit,
1325 680 1483 731 culpam

199 728 336 768 abesse.
401 730 485 778 Vos,
517 730 662 783 inquit,
693 730 875 781 videritis,
906 732 996 784 quid
1023 732 1078 771 illi
1109 733 1303 773 debeatur:
1335 751 1393 789 ego
1415 752 1482 786 me,

197 785 259 839 effi
280 796 422 840 peccato
445 787 592 842 algfhlvo,
611 787 786 841 supplicio
805 803 873 826 non
893 788 1011 827 libero.
1039 804 1101 828 nec
1120 791 1194 829 ulla
1225 791 1348 830 deinde
1367 795 1483 845 impu-

1585 671 1613 719 1.

197 843 277 882 dica
291 844 473 883 Lucretia>
491 845 645 898 exemplo
661 846 774 884 vivet.
836 845 1039 894 Cultrum,
1061 860 1182 899 quem
1206 847 1275 886 sub
1297 849 1399 889 veste
1417 851 1484 889 ab·
1502 858 1536 887 Se
1558 861 1655 889 occidit.

197 900 326 941 ditum
348 900 531 949 habebat,
562 915 655 941 eum
678 902 718 941 in
733 903 850 942 corde
865 902 1025 957 defigit:
1055 904 1314 957 prolapsaque
1337 906 1377 945 in
1398 909 1482 946 vul-

195 970 289 1009 nus,
320 958 557 999 moribunda
571 959 727 998 cecidit.
788 960 1053 1000 Conclamant
1074 961 1132 1000 vir
1152 973 1355 1016 paterque.

251 1013 362 1055 LIX.
394 1016 560 1067 Brutus,
592 1016 667 1056 illis
704 1016 818 1057 luem
854 1018 1073 1071 occupatis,
1105 1020 1296 1070 cultrum,
1327 1035 1374 1060 ex
1397 1022 1481 1061 vul·
1502 1037 1697 1076 cnjuratffi„

193 1085 288 1112 nere
308 1073 508 1113 Lucretiae
542 1073 786 1125 extractum,
817 1086 1046 1115 manantem
1080 1090 1220 1116 cruore
1242 1091 1324 1130 prae
1351 1078 1388 1118 se
1424 1090 1482 1119 te-
1504 1081 1688 1121 Tarquiaiim.

194 1142 308 1181 nens,
340 1130 420 1170 Per
453 1131 562 1180 hunc,
594 1131 738 1185 inquit,
769 1131 992 1187 cqstgffimum
1013 1142 1097 1172 ante
1129 1136 1267 1187 regiam
1302 1137 1480 1189 injuriam

181 1187 401 1242 stmguinem
410 1190 517 1244 juro,
548 1190 688 1243 vesque,
720 1190 808 1241 Dii,
840 1190 1060 1245 testesfizczh,
1080 1206 1135 1229 me
1154 1191 1205 1230 L.
1231 1190 1479 1245 Tarquinium

198 1244 414 1298 Superbum,
444 1262 525 1285 cum
546 1247 731 1301 scelerata?
754 1248 900 1301 conjuge
935 1248 986 1289 ξς*
1022 1250 1118 1287 omni
1132 1249 1324 1289 liberormn
1343 1251 1478 1306 stirpe,

179 1301 306 1357 ftrro,
347 1305 438 1357 igni,
470 1308 684 1357 quacunque
716 1304 842 1343 dehinc
877 1306 918 1344 vi
943 1304 1081 1358 pqffim‚
1113 1307 1359 1359 exsta-uturum
1379 1308 1475 1365 (1).

194 1374 255 1398 nec
275 1360 366 1408 illos,
388 1376 450 1400 nec
464 1361 578 1400 alium
594 1377 795 1416 quenquam
811 1378 966 1416 regnare
985 1363 1109 1402 Roma>
1117 1364 1318 1418 pcfftrum.
1380 1365 1478 1405 Cul-

192 1426 300 1456 trum
333 1418 476 1457 deinde
499 1418 700 1458 Collatino
729 1419 873 1467 tradit3
905 1420 996 1458 inde
1014 1420 1202 1459 Lucretio
1231 1436 1275 1460 ac
1296 1422 1478 1473 Valerio,

192 1473 442 1527 stupentibus
473 1475 666 1515 miraculo
697 1476 767 1524 rei,
800 1477 904 1516 unde
936 1491 1085 1516 novum
1107 1477 1147 1515 in
1168 1477 1283 1517 Bruti
1314 1479 1478 1531 pe&ore

192 1530 413 1585 ingenium.
473 1533 537 1572 Ut
550 1543 794 1586 praeceptum
808 1543 907 1584 erat,
935 1535 1095 1588 jurant:
1127 1535 1279 1587 totique
1302 1536 1349 1574 ab
1363 1537 1479 1576 luEtu

191 1588 286 1627 verfi
324 1589 365 1627 in
386 1590 501 1638 iram,
532 1590 718 1638 Brutum,
746 1591 830 1644 jam
853 1591 943 1630 inde
980 1592 1028 1630 ad
1050 1593 1362 1645 expugnandum
1390 1608 1479 1648 reg·-

194 1659 294 1686 num
310 1656 534 1694 vocantem,
558 1647 776 1700 sequuntur
793 1648 951 1688 ducem.
1011 1648 1172 1687 Elatum
1189 1650 1311 1688 domo
1328 1650 1478 1693 Lucre-

190 1702 257 1741 tiae
278 1717 422 1757 corpus
445 1703 485 1742 in
514 1703 648 1743 forum
670 1704 869 1755 deferunt,
901 1705 1164 1758 concientque
1194 1707 1402 1757 miraculo,
1434 1719 1478 1747 ut

192 1758 251 1808 fit,
284 1760 339 1800 rei
372 1774 485 1801 novae
518 1770 636 1814 atque
673 1762 906 1815 indignitate
942 1762 1136 1801 homines.
1160 1777 1231 1816 pro
1253 1764 1290 1803 se
1312 1764 1478 1817 quisque

191 1816 317 1857 scelus
331 1818 486 1872 regium
508 1833 552 1858 ac
566 1819 646 1858 vim
664 1829 898 1872 queruntur.
951 1820 1096 1859 Movet
1116 1830 1203 1859 tum
1221 1822 1342 1873 patris
1358 1822 1478 1861 moes-

191 1874 291 1922 titia,
324 1884 410 1914 tum
440 1876 605 1927 Brutus,
637 1877 845 1931 castigator
877 1877 1130 1916 lacrimarum
1153 1887 1270 1930 atque
1289 1879 1478 1918 inertium

191 1933 459 1985 querelarum,
491 1933 728 1986 auctorque,
759 1935 868 1987 quod
887 1935 1009 1984 viros,
1041 1935 1149 1987 quod
1171 1935 1379 1975 Romanos
1411 1938 1479 1975 de-

191 2002 313 2038 ceret,
345 2005 453 2030 arma
488 1991 669 2044 capiendi
691 1990 879 2032 adversus
913 1991 1068 2031 hostilia
1091 1992 1216 2032 ausos.
1278 1993 1479 2033 Ferociffi-

193 2060 283 2094 mus
305 2047 470 2101 quisque
482 2049 678 2103 juvenum
696 2063 789 2088 cum
803 2049 923 2089 armis
940 2050 1186 2088 voluntarius
1208 2050 1327 2089 adest.
1351 2051 1478 2103 sequi-

193 2114 258 2143 tur
292 2107 333 2145 &
370 2115 499 2145 cetera
528 2107 732 2160 juventus.
794 2107 906 2155 Inde,
938 2106 1021 2159 pari
1044 2108 1305 2160 (2)p1·aes1dio
1337 2108 1479 2147 relicto

194 2161 376 2201 Collatiae
390 2164 438 2202 ad
461 2173 608 2216 portas,
639 2163 944 2217 custodibusque
960 2164 1075 2212 datis,
1108 2178 1156 2203 ne
1174 2165 1262 2216 quis
1279 2179 1371 2204 eum
1394 2179 1480 2204 mo-

192 2229 279 2257 tum
316 2219 475 2273 regibus
497 2224 558 2274 (3)
580 2221 802 2269 nunciaret,
843 2222 962 2261 ceteri
1003 2222 1157 2269 armati,
1204 2223 1304 2261 duce
1338 2223 1479 2269 Bruto,

193 2278 371 2317 Romam
398 2276 585 2330 profecti.
646 2278 732 2318 Ubi
753 2276 802 2318 eo
824 2290 988 2318 ventum
1010 2278 1079 2326 est,
1112 2277 1350 2331 quacunque
1373 2280 1479 2319 ince-

190 2333 263 2380 dit,
285 2344 435 2374 armata
453 2336 669 2374 multitudo
690 2350 875 2389 pavorem
899 2351 942 2376 ac
964 2337 1184 2375 tumultum
1200 2335 1308 2376 facit.
1332 2336 1479 2384 rursus,

193 2389 260 2429 ubi
294 2392 442 2431 anteire
464 2393 657 2446 primores
680 2393 848 2434 civitatis
880 2395 1031 2442 vident,
1062 2394 1253 2447 quicquid
1280 2394 1340 2443 fit,
1371 2393 1479 2432 haud

1238 2453 1298 2504 (4)
1330 2460 1479 2490 temere

195 2562 250 2604 (6)
274 2564 434 2599 Mentem,
459 2575 525 2595 non
542 2575 669 2606 corpus,
691 2566 750 2597 ess'e
767 2565 888 2608 peccati
906 2567 1018 2598 sedem.

241 2627 276 2657 C.
292 2635 344 2666 59.
363 2627 416 2668 (1)
440 2626 458 2657 i.
471 2639 499 2657 e.
518 2627 767 2669 persecuturum.
812 2630 867 2670 (2)
891 2629 1072 2664 Praefidium
1082 2640 1141 2672 par
1154 2638 1288 2660 numero
1299 2627 1358 2660 fuit
1373 2627 1409 2658 iis
1425 2626 1480 2676 qui

195 2670 330 2702 Romam
353 2671 499 2712 profecti.
518 2672 701 2705 Gronovius
714 2673 832 2749 aliiqge
842 2675 978 2749 {nalunu
994 2683 1065 2717 pars
1075 2676 1202 2718 praffidio
1217 2676 1313 2706 relic't'i.
1337 2673 1480 2761 (δέὶὶέἑῗ
