1832 3137
391 314 674 376 L‘IBER
733 331 786 371 11.
848 332 1031 374 CAP.
1091 334 1223 376 LXV.

160 462 262 503 quos
282 447 369 504 post
401 450 463 502 (1)
495 446 690 501 principia
712 445 876 501 integris
906 447 1113 489 ordinibus
1134 458 1244 489 tutus
1265 458 1449 503 receptus

159 508 251 547 fuit.
312 505 477 555 Consul,
508 504 577 544 ubi
607 505 656 544 ad
689 504 876 558 iniquum
909 506 1043 544 locum
1066 516 1231 546 ventum
1252 506 1324 556 est,
1357 507 1450 546 fistit

158 565 300 604 aciem.
336 562 450 602 miles
477 576 581 617 aegre
611 561 764 610 teneri3
808 563 978 601 clamare
1004 565 1041 602 &
1074 563 1250 615 poscere,
1288 573 1330 602 ut
1361 578 1451 617 per·-

158 623 274 662 culfis
295 620 437 660 instare
464 620 593 660 liceat.
654 617 844 659 Ferocius
866 629 990 673 agunt
1011 621 1188 673 equites:
1219 620 1450 660 circumfusi

160 679 254 719 duci
274 677 558 726 vociferantur,
590 676 627 716 se
649 686 740 716 ante
763 677 868 731 figna
890 677 1028 716 ituros.
1055 706 1059 712 f
1089 677 1204 717 Dum
1234 677 1451 718 cun&atur

158 735 310 784 consul,
341 735 487 774 virtute
508 734 683 774 militum
710 733 855 784 fretus,
889 735 978 773 loco
1010 749 1152 787 parum
1182 734 1324 784 fidens,
1355 749 1451 775 con-

158 795 347 842 clamant,
379 792 416 832 se
446 793 596 832 ituros:
638 793 936 845 clamoremque
966 805 1028 831 res
1059 792 1114 831 est
1137 792 1281 832 secuta.
1344 793 1452 833 Fixis

158 851 201 890 in
221 859 367 890 terram
398 850 504 903 pilis,
540 865 620 903 quo
652 850 818 890 leviores
840 849 962 889 ardua
993 850 1221 899 evaderent,
1251 849 1368 889 cursu
1390 850 1452 889 su-

160 908 296 948 beunt.
359 907 544 956 Volscus,
579 907 710 947 effufis
743 908 794 947 ad
822 908 998 961 primum
1030 907 1227 960 impetum
1249 906 1453 947 miffilibus

159 965 264 1015 telis,
294 964 383 1004 saxa
399 965 622 1020 objacentia
644 964 812 1019 pedibus
833 965 979 1019 ingerit
999 964 1040 1003 in
1057 963 1287 1014 subeuntes,
1318 964 1454 1004 turba-

159 1022 299 1075 tosque
320 1022 468 1063 ictibus
490 1022 637 1063 crebris
660 1031 775 1077 urget
806 1037 854 1062 ex
877 1022 1079 1076 superiore
1110 1023 1213 1062 loco.
1248 1023 1297 1061 s1c
1329 1021 1454 1075 prope

158 1090 369 1120 oneratum
402 1080 458 1120 est
491 1080 686 1120 sinistrum
709 1081 907 1120 Romanis
939 1093 1079 1128 cornu,
1117 1081 1157 1119 ni
1188 1076 1454 1119 referentibus

154 1139 240 1192 jam
261 1139 430 1192 gradum
452 1138 604 1187 consul,
636 1138 880 1192 increpando
903 1138 1016 1177 fimul
1037 1138 1319 1187 temeritatem,
1341 1137 1454 1175 simul

159 1195 377 1248 ignaviam,
420 1196 572 1249 pudore
603 1206 758 1235 metum
792 1195 1020 1235 excuffiffet.
1087 1195 1285 1234 Restitere
1322 1191 1453 1247 primo

159 1252 365 1293 obstinatis
402 1254 568 1293 animis:
612 1253 770 1303 deinde,
814 1256 874 1307 (2)
910 1263 953 1292 ut
985 1253 1026 1291 in
1062 1253 1287 1292 obtinentes
1319 1254 1454 1292 locum

159 1310 261 1350 vires
283 1310 478 1361 ferebant,
507 1312 655 1351 audent
676 1312 782 1350 ultro
804 1312 973 1365 gradum
994 1310 1167 1359 inferre3
1202 1313 1259 1359 &,
1281 1310 1456 1349 clamore

160 1378 366 1419 renovato,
409 1378 665 1408 commovent
706 1369 846 1408 aciem.
886 1379 973 1407 tum
1008 1368 1157 1416 rursus,
1191 1368 1344 1420 impetu
1376 1370 1454 1421 (3),

161 1435 280 1478 capto
295 1426 518 1475 enituntur,
542 1436 661 1479 atque
677 1426 915 1479 exsuperant
937 1425 1190 1478 iniquitatem
1207 1424 1296 1464 loci.
1363 1425 1455 1477 Jam

162 1481 285 1535 prope
307 1493 405 1531 erat,
437 1493 481 1522 ut
503 1484 543 1522 in
566 1483 768 1522 summum
791 1484 881 1522 clivi
899 1484 1045 1537 jugum
1067 1483 1297 1532 evaderent,
1328 1496 1457 1534 quum

162 1550 271 1593 terga
303 1539 435 1580 hostes
466 1541 633 1580 dedere:
676 1540 881 1592 effusoque
914 1540 1029 1579 cursu
1061 1538 1162 1592 pene
1194 1540 1352 1594 agmine
1375 1554 1457 1579 uno

166 1596 368 1650 fugientes
405 1597 689 1650 sequentesque
727 1597 862 1637 castris
897 1595 1083 1637 incidere.
1144 1597 1191 1636 In
1226 1611 1273 1636 eo
1310 1610 1455 1649 pavore

161 1654 287 1693 castra
304 1655 528 1707 capiuntur.
562 1655 630 1707 qui
647 1655 888 1694 Volscorum
905 1655 1081 1708 effugere
1101 1664 1335 1707 potuerunt,
1369 1655 1456 1693 An-

161 1711 263 1750 tium
300 1722 454 1764 petunt.
518 1712 689 1751 Antium
731 1714 767 1751 &
802 1712 1014 1751 Romanus
1048 1712 1246 1751 exercitus
1283 1711 1456 1751 duetus:

160 1783 309 1821 paucos
343 1769 638 1809 circumsessum
669 1770 753 1809 dies
785 1770 958 1817 deditur,
995 1771 1057 1822 (4)
1089 1770 1197 1808 nulla
1218 1783 1457 1823 oppugnan-

161 1826 264 1865 tium
287 1828 388 1866 nova
418 1827 485 1875 vi;
523 1826 589 1865 sed
611 1827 723 1879 quod
750 1828 834 1881 jam
857 1827 949 1867 inde
971 1826 1019 1866 ab
1041 1825 1193 1867 infelici
1216 1828 1353 1882 pugna
1374 1826 1455 1868 cas-

161 1883 309 1936 trisque
328 1884 472 1924 amissis
494 1884 721 1925 ceciderant
742 1885 878 1924 animi.

207 2001 243 2032 C.
261 2000 314 2040 65.
339 2000 394 2042 (1)
411 2000 483 2032 Post
500 1999 637 2043 primam
654 2000 761 2032 aciem.
806 2004 839 2032 A
856 2009 947 2043 tergo
973 2001 1084 2042 primae
1116 2000 1205 2038 aciei,
1228 2000 1357 2032 ordines
1374 2001 1455 2032 inte-

162 2045 211 2087 gri
241 2045 272 2075 &
296 2045 374 2076 salvi
396 2053 504 2076 tutum
528 2045 562 2075 in
586 2045 685 2076 clivos
709 2054 875 2087 receptum
900 2046 1049 2077 habuere.
1098 2047 1152 2087 (2)
1176 2045 1348 2086 Postquam
1371 2045 1456 2077 vires

163 2089 284 2120 dabant
309 2090 461 2121 invadere
487 2090 617 2127 hostem,
645 2090 700 2131 qui
725 2090 922 2131 superiorem
948 2091 1055 2122 locum
1077 2090 1252 2121 obtinebat.
1300 2091 1353 2132 (3)
1377 2090 1406 2120 h.
1430 2102 1456 2122 e.

164 2133 288 2176 impetu
306 2136 400 2165 facto.
424 2134 465 2166 fic
487 2135 584 2166 etiam
607 2135 692 2165 infra
718 2135 736 2165 l.
755 2145 805 2167 22.
829 2147 856 2166 c.
875 2146 906 2174 5.
951 2137 1006 2177 (4)
1028 2137 1103 2167 Non
1121 2134 1208 2176 quod
1229 2134 1313 2166 vires
1338 2137 1457 2166 Roma-

164 2189 282 2210 norum
307 2180 444 2221 majores
468 2188 546 2210 tunc
572 2179 670 2211 effent
694 2180 792 2220 quam
817 2180 925 2221 priore
950 2191 1046 2217 anno,
1073 2191 1139 2221 quo
1164 2180 1303 2210 Antium
1327 2190 1451 2221 oppug-

162 2234 242 2255 nare
267 2223 332 2255 auli
357 2235 423 2255 non
450 2226 585 2255 fuerant.
632 2224 693 2266 [Ita
710 2225 901 2256 Crevierius.
928 2233 960 2256 at
977 2225 1093 2256 dubito
1117 2225 1226 2255 utrum
1242 2223 1353 2255 Livius
1378 2224 1456 2255 illuc

167 2268 346 2308 respexerit.
391 2269 440 2299 Sic
465 2269 571 2310 potius
588 2269 696 2300 locum
712 2269 929 2311 interpretor:
965 2270 1104 2300 Antium
1120 2269 1260 2307 deditur,
1282 2280 1348 2300 non
1366 2269 1455 2309 quod.

167 2323 287 2344 novum
304 2314 405 2346 ullum
420 2313 579 2357 impetum
593 2313 628 2345 in
644 2314 777 2346 Volscos
794 2314 928 2346 fecerint
945 2314 1094 2352 Romani,
1117 2314 1170 2346 sed
1186 2315 1275 2356 quod
1294 2315 1352 2345 ἃς.
1370 2313 1417 2355 Ε]

1173 2800 1457 2844 ΕΡΙΤΟΜΕ

1589 334 1667 387 165
