1853 3158
367 305 652 351 LIBER
714 303 1036 347 VLCAP.
1097 304 1212 348 XXI.
1601 322 1653 363 33

139 422 200 465 dis
220 424 360 475 causis,
380 438 428 463 ex
444 421 653 462 Manliano
669 420 862 475 supplicio
880 436 1035 477 magnae
1052 423 1153 476 parti
1175 423 1299 463 videri
1321 433 1406 464 orta
1421 440 1431 465 ε

138 483 316 522 violatum
348 480 565 534 Capitolium
597 480 659 535 ff
676 480 862 534 sanguine
874 481 1100 534 strvatoris‚
1130 497 1193 520 nec
1214 482 1307 521 Diis
1333 482 1433 521 cordi

125 541 242 595 suff
255 550 399 593 poenam
426 539 505 591 ejus
523 538 677 577 oblatam
685 535 802 589 prope}
817 538 927 577 oculis
932 539 1031 592 suis,
1059 555 1082 578 a
1112 555 1179 593 quo
1192 541 1268 594 sua
1297 539 1430 593 templa

139 607 260 651 erepta
284 613 303 636 e
331 597 497 635 manibus
515 595 663 651 hqstium
684 595 798 649 ffnt.

195 654 308 694 XXI.
339 653 611 693 Pestilentiam
646 652 780 705 inopia
815 651 999 706 frugum,
1034 655 1072 692 &
1106 655 1308 708 vulgatam
1330 654 1429 694 utri·
1448 662 1529 692 U.c.
1547 670 1622 701 372.

138 713 260 766 usque
281 712 374 750 mali
395 710 546 750 famam
567 724 672 750 anno
693 709 925 763 insequente
952 711 1161 764 multiplex
1182 712 1333 751 bellum
1360 726 1429 752 ex-
1446 709 1488 737 A.
1502 708 1541 737 C.
1559 708 1635 758 339·

137 771 255 824 cepit,
276 769 324 808 L.
346 769 510 808 Valerio
532 765 737 821 quartum,
767 767 820 807 A.
843 766 999 807 Manlio
1017 766 1200 819 tertium,
1231 769 1316 810 Ser.
1336 769 1429 810 Sul·
1447 752 1640 830 ξνζῗὲεῗίἷί,

137 827 242 881 picio
262 825 444 875 tertium,
475 827 523 866 L.
546 825 750 874 Lucretio,
781 825 829 865 L.
851 824 1020 864 AEmilio
1034 824 1217 876 ter-tium,
1249 827 1310 866 M.
1326 824 1429 867 Tre-
1448 841 1522 872 Mil.
1638 817 1652 832 ⁴

135 884 271 934 honio,
290 884 459 924 tribunis
475 884 649 923 militum
671 882 866 923 consulari
883 882 1089 936 potestate.
1149 883 1298 923 Hostes
1319 885 1429 934 novi,

136 952 280 995 praeter
300 940 468 983 Volscos
489 943 598 982 velut
618 941 718 981 sorte
741 939 914 994 quadam
936 938 1058 994 prope
1080 942 1121 980 in
1143 951 1339 981 aeternum
1360 956 1429 982 ex·-

136 1002 307 1039 ercendo
325 1000 513 1039 Romano
527 999 642 1039 militi
659 1000 788 1048 datos,
805 998 1062 1054 Circejosque
1078 1002 1116 1040 &
1128 998 1302 1040 Velitras
1320 1000 1430 1040 colo-

132 1058 220 1096 nias
235 1058 391 1112 jamdiu
407 1057 615 1097 molientes
635 1056 923 1108 defeetionem‚
946 1059 987 1097 &
1005 1055 1232 1109 suspee‘cum
1248 1058 1428 1108 Latium,

132 1115 333 1154 Lanuvini
364 1115 506 1165 etiam‚'
535 1117 595 1169 (1)
626 1129 715 1168 quae
743 1113 963 1154 fidelissima
995 1114 1089 1154 urbs
1120 1114 1264 1163 fuerat,
1297 1115 1428 1156 subito

133 1172 273 1212 exorti.
334 1172 380 1212 Id
398 1173 536 1213 Patres
553 1173 627 1213 rati
649 1181 884 1226 contemptu
905 1172 1099 1221 accidere,
1122 1170 1234 1225 quod
1256 1172 1431 1214 Veliter-

133 1230 196 1270 nis
229 1229 382 1270 civibus
414 1230 492 1270 suis
514 1230 667 1270 tamdiu
690 1230 886 1283 impunita
908 1229 1085 1269 defeetio
1107 1231 1214 1279 esset,
1245 1231 1432 1272 decreve—

133 1300 245 1338 runt,
278 1298 322 1327 ut
351 1288 481 1341 primo
510 1301 672 1341 quoque
693 1297 874 1340 tempore
901 1289 949 1327 ad
972 1288 1167 1341 populum
1188 1288 1360 1329 ferretur
1380 1291 1431 1330 de

132 1344 237 1385 bello
251 1346 308 1385 eis
329 1346 556 1385 indicendo.
587 1346 638 1385 ad
659 1359 780 1399 quam
798 1345 982 1384 militiam
1004 1360 1084 1398 quo
1106 1347 1280 1399 paratior
1295 1347 1432 1400 plebes

134 1403 243 1454 effet,
275 1403 560 1456 quinqueviros
574 1403 792 1457 Pomptino
812 1417 907 1457 agro
928 1403 1157 1452 dividendo,
1192 1406 1232 1445 ὅτ
1250 1405 1433 1445 triumvi-

135 1474 202 1500 ros
241 1461 400 1514 Nepete
436 1461 603 1501 coloniae
640 1461 886 1502 deducendae
918 1470 1166 1501 creaverunt.
1228 1462 1354 1512 Tum,
1386 1473 1432 1503 ut

136 1517 501 1573 bellumjuberent,
532 1520 658 1558 latum
680 1520 729 1559 ad
746 1519 941 1573 populum
958 1519 1038 1559 est:
1072 1522 1129 1572 &‚
1160 1520 1432 1574 nequicquam

136 1575 447 1617 diffuadentibus
473 1576 643 1616 tribunis
674 1576 817 1630 plebis,
848 1590 988 1616 omnes
1025 1579 1086 1632 (2)
1117 1576 1244 1618 tribus
1278 1577 1433 1619 bellum

131 1633 339 1687 jufferunt.
402 1635 655 1687 Apparatum
696 1648 744 1674 eo
779 1648 885 1673 anno
918 1634 1070 1673 bellum
1105 1635 1188 1683 est3
1232 1636 1432 1676 exercitus

135 1700 298 1743 propter
314 1690 578 1745 pestilentiam
600 1706 681 1731 non
702 1691 888 1731 edifius.
911 1705 1037 1744 eaque
1054 1692 1260 1732 cunetatio
1277 1694 1433 1735 colonis

134 1747 305 1801 spatium
320 1749 482 1788 dederat
499 1750 738 1802 deprecandi
753 1749 959 1798 senatum3
995 1752 1035 1790 &
1057 1763 1202 1804 magna
1215 1749 1431 1791 hominum

136 1820 226 1859 pars
257 1804 324 1855 eo,
356 1816 400 1845 ut
421 1807 567 1861 legatio
589 1807 754 1861 supplex
785 1807 963 1846 Romam
991 1807 1232 1857 mitteretur,
1264 1809 1432 1849 inclina-

135 1863 226 1903 bat:
261 1864 303 1903 ni
339 1864 492 1917 privato
528 1867 590 1919 (ut
629 1864 694 1918 fit)
729 1865 907 1919 periculo
943 1865 1152 1918 publicum
1189 1865 1432 1920 implicitum
1535 1860 1562 1907 †

135 1922 242 1970 effer,
273 1922 534 1975 auctoresque
557 1922 799 1963 defeEtionis
820 1922 868 1962 ab
886 1923 1103 1976 Romanis,
1134 1933 1246 1964 metu
1263 1937 1329 1973 ne,
1362 1925 1432 1965 soli

137 1979 296 2019 crimini
331 1980 514 2035 subjedfi,
557 1981 714 2035 piacula
749 1980 817 2021 irae
855 1981 1138 2021 Romanorum
1174 1982 1432 2033 dederentur,

135 2037 356 2077 avertiffent
373 2038 550 2079 colonias
567 2054 588 2078 a
605 2038 775 2079 confiliis
797 2039 918 2092 pacis.
978 2038 1126 2092 Neque
1146 2039 1187 2079 in
1210 2042 1272 2094 (3)
1293 2040 1433 2081 senatu

138 2093 267 2134 solum
288 2110 359 2148 per
379 2110 447 2136 eos
475 2096 620 2152 legatio
655 2097 847 2150 impedita
878 2096 950 2145 est,
982 2096 1048 2136 sed
1070 2111 1215 2152 magna
1236 2112 1327 2151 pars
1347 2100 1435 2153 ple-

137 2150 197 2191 bis
229 2153 405 2202 incitata,
437 2162 481 2193 ut
513 2155 736 2207 praedatum
769 2155 810 2193 in
839 2168 980 2209 agrum
1003 2154 1240 2195 Romanum
1261 2156 1431 2197 exirent.

139 2207 224 2249 haec
259 2224 361 2250 nova
393 2211 538 2266 injuri‘a
578 2211 804 2252 exturbavit
839 2226 1002 2252 omnem
1038 2212 1148 2267 spem
1181 2213 1302 2267 pacis.
1365 2214 1434 2255 De

140 2263 475 2309 Praenestinorum
497 2283 659 2323 quoque
681 2269 910 2312 defecitione
931 2284 979 2310 eo
996 2284 1101 2312 anno
1122 2268 1302 2325 primurn
1323 2271 1435 2312 fama.

1266 2338 1405 2371 CXOI'ta
1420 2344 1431 2371 ζ

1448 1100 1533 1131 Novi
1546 1098 1628 1142 ὄψα

1448 1146 1610 1179 Lanuvini,

186 2441 224 2471 C.
244 2449 293 2472 21.
316 2441 370 2481 (1)
392 2443 547 2480 Lanuvini,
568 2454 626 2485 quae
648 2445 722 2482 urbs,
744 2454 816 2486 pro,
837 2444 951 2477 incolae
978 2445 1068 2477 urbis
1095 2444 1247 2483 Lanuvii,
1269 2455 1342 2487 quae
1370 2445 1436 2479 ἀς.

140 2484 261 2515 Similes
278 2485 455 2517 locutiones
472 2487 567 2519 Livio
590 2488 663 2520 sunt
690 2489 963 2529 frequentiffimae.
1008 2491 1065 2532 (2)
1088 2490 1212 2528 Livius,
1234 2501 1300 2522 non
1323 2489 1437 2522 habita

141 2530 294 2571 temporis
321 2530 456 2568 ratione,
492 2532 600 2564 dixisse
630 2532 759 2564 videtur
783 2547 870 2565 omnes
898 2537 997 2573 tra'bus‚
1018 2546 1091 2576 pro,
1115 2549 1202 2566 omnes
1223 2538 1371 2567 centuria».-
1397 2543 1434 2567 ut

139 2575 226 2605 enim
250 2575 394 2606 tribuum
411 2575 444 2606 in
461 2576 598 2608 comitiis
615 2577 801 2609 centuriatis
818 2579 940 2610 mentio
955 2579 1057 2616 fieret,
1081 2581 1227 2611 noudum
1244 2580 1339 2622 hujus
1354 2588 1435 2612 tem·

140 2619 228 2659 poris
245 2627 323 2650 erat.
367 2621 417 2651 De
433 2621 519 2652 bello
536 2630 644 2653 autem
660 2622 834 2654 Veliternis
851 2622 1024 2655 indicendo
1038 2625 1152 2656 aetum
1167 2624 1229 2656 fuit
1247 2624 1280 2656 in
1297 2625 1437 2657 comitiis

140 2664 338 2702 centuriatis,
361 2673 397 2696 ut
414 2676 452 2696 ex
468 2677 506 2696 eo
523 2674 623 2707 patet,
645 2668 734 2707 quod
751 2668 877 2699 senatus
893 2669 1084 2706 decreverit,
1106 2677 1143 2701 ut
1165 2670 1205 2700 de
1226 2668 1263 2701 ea
1280 2679 1314 2701 re
1329 2673 1369 2701 ad
1384 2679 1438 2712 po-

135 2711 232 2749 pulum
257 2711 416 2747 ferretur;
439 2710 554 2741 deinde
583 2713 672 2752 quod
699 2723 766 2742 non
793 2712 858 2750 alii,
882 2712 980 2753 quam
997 2713 1121 2746 tribuni
1137 2714 1330 2751 consulares,
1353 2716 1439 2745 ferre

140 2753 318 2794 potuerint,
340 2754 441 2797 legem
457 2755 709 2789 dissuadentibus
726 2756 866 2789 tribunis
884 2758 998 2801 plebis.
1043 2759 1100 2801 (3)
1124 2758 1268 2800 Inteflige
1293 2759 1437 2790 senatum

184 2798 276 2829 Toni.
297 2800 331 2829 ΙΙ.
776 2803 806 2834 D
1221 2802 1438 2835 Veliternum„
