1905 3168
154 308 210 366 56
825 305 1188 348 T.L1V11

370 418 419 458 de
435 416 617 470 equitum
638 415 827 457 centuriis
842 416 1058 471 quicquam
1072 416 1262 457 mutavit:
1292 430 1460 457 numero
1478 418 1539 471 (3)
1560 415 1658 457 altess

369 489 460 516 rum
481 484 636 514 tantum
657 474 820 529 adjecit,
850 483 894 514 ut
915 477 976 529 (4)
997 475 1104 515 mille
1128 477 1169 516 ὅτ
1185 475 1406 530 ofitingenti
1439 476 1591 527 equites
1614 475 1657 514 in

369 532 496 572 tribus
519 532 707 571 centuriis
728 532 861 571 effent.
923 531 1163 573 Posteriores
1185 535 1261 587 (5),
1281 534 1403 573 modo
1427 532 1495 572 sub
1516 531 1655 571 iisdem

369 589 614 638 nominibus,
646 590 714 643 qui
746 590 868 629 additi
900 599 1027 639 erant,
1055 590 1239 644 appellati
1269 590 1381 630 sunt:
1411 604 1511 644 quas
1532 603 1656 638 nunc,

368 647 462 704 quia
484 648 545 701 (6)
565 646 777 702 geminatae
797 647 901 696 sunt,
931 647 995 688 sex
1022 658 1165 688 vocant
1187 647 1398 688 centurias.

429 705 649 745 XXXVII.
679 705 769 746 Hfic
791 715 901 759 parte
923 705 1129 758 copiarum
1146 705 1279 753 auCffi,
1310 705 1455 744 iterum
1470 719 1562 745 cum
1584 704 1656 745 Sa-

369 762 474 802 binis
491 762 731 817 confligitur.
781 762 878 813 Sed,
899 773 1164 816 praeterquam
1187 763 1298 815 quod
1315 762 1463 802 viribus
1480 771 1658 802 creverat

371 820 583 860 Romanus
623 821 836 870 exercitus,
879 834 926 859 ex
967 822 1126 860 occulto
1166 819 1286 859 etiam
1326 819 1485 858 additur
1524 820 1658 870 dolus,

370 877 504 926 mistis,
527 878 595 931 qui
617 892 803 932 magnam
820 878 901 917 vim
922 878 1140 932 lignorum,
1161 877 1202 916 in
1226 876 1394 916 Anienis
1416 877 1501 930 ripa
1517 877 1656 931 jacen-

371 943 467 984 tem,
499 936 703 975 ardentem
725 936 767 974 in
787 935 938 980 flumen
969 935 1236 990 conjicerent:
1267 942 1466 986 ventoque
1489 935 1657 988 juvante

371 992 534 1032 accensa
566 993 686 1047 ligna,
721 996 761 1033 &
783 994 970 1046 pleraque
993 995 1051 1046 (1)
1075 992 1115 1030 in
1135 991 1300 1040 ratibus,
1332 991 1507 1045 impaeta
1538 990 1658 1030 subli-

369 1050 443 1101 cis,
476 1064 601 1103 quum
622 1049 835 1100 haererent,
865 1059 1029 1105 pontem
1048 1051 1106 1104 (2)
1125 1049 1356 1089 incendunt.
1408 1048 1465 1088 Ea
1493 1061 1655 1102 quoque

368 1108 488 1148 resin
507 1108 642 1162 pugn&
662 1117 855 1147 terrorem
877 1107 1009 1147 attulit
1037 1107 1193 1147 Sabinis
1211 1123 1222 1155 ;
1257 1109 1297 1147 &
1321 1108 1380 1161 (3)
1402 1105 1496 1146 fufis
1516 1107 1658 1146 eadem

367 1164 508 1219 fugam
530 1165 735 1218 impediit:
766 1165 962 1218 multique
991 1166 1194 1215 mortales,
1225 1178 1353 1217 quur-n
1374 1163 1528 1204 hostem
1556 1163 1658 1203 effu-

365 1223 520 1278 giffent,
552 1223 592 1262 in
620 1222 784 1263 flumine
805 1222 888 1277 ipso
909 1222 1087 1276 periere:
1118 1236 1291 1275 quorum
1320 1221 1516 1261 fluitantia
1548 1235 1660 1261 arma.

365 1281 417 1320 ad
448 1280 589 1320 urbem
611 1281 770 1335 cognita
803 1281 843 1319 in
864 1280 1020 1331 Tiberi,
1050 1278 1162 1333 prius
1183 1284 1301 1333 pene,
1332 1278 1455 1332 quam
1476 1279 1661 1325 nunciari

364 1337 505 1392 posset,
535 1338 727 1392 insignem
756 1338 968 1378 victoriam
999 1337 1143 1377 fecere.
1204 1337 1264 1377 Eo
1289 1337 1426 1390 praelio
1457 1336 1661 1391 praecipua

364 1394 550 1448 equitum
575 1395 699 1449 gloria
726 1394 816 1440 fuit,
840 1395 1027 1447 utrinque
1050 1394 1098 1434 ab
1121 1395 1309 1435 cornibus
1333 1395 1495 1448 pofitos,
1528 1407 1657 1447 quum

359 1452 446 1508 jam
468 1453 682 1506 pelleretur
702 1453 833 1492 media
855 1452 1036 1505 peditum
1052 1451 1215 1491 suorum
1229 1452 1351 1502 acies⁵
1384 1451 1438 1490 ita
1453 1451 1658 1491 incurriffe

364 1509 415 1550 ab
436 1509 624 1549 lateribus
659 1509 812 1561 ferunt,
845 1519 888 1549 ut
916 1523 998 1548 non
1021 1508 1195 1549 sisterent
1220 1509 1345 1548 modo
1373 1507 1539 1549 Sabinas
1560 1508 1658 1563 legi-

365 1581 478 1615 ones,
510 1567 696 1607 ferociter
712 1567 901 1607 instantes
919 1566 1169 1617 cedentibus,
1201 1566 1266 1606 sed
1295 1565 1426 1606 subito
1453 1566 1495 1605 in
1517 1565 1658 1621 fugam

365 1634 600 1665 averterent.
631 1625 797 1665 Montes
813 1624 938 1664 effuso
959 1624 1076 1665 cursu
1092 1623 1229 1664 Sabini
1244 1623 1448 1681 petebant,
1483 1626 1519 1664 ἃ
1540 1624 1658 1677 pauci

1382 1683 1443 1737 (4)
1462 1691 1656 1730 tenvuere3
1690 1715 1693 1717 ,

150 1098 247 1127 Sebini
257 1099 329 1137 fut:-

149 1144 258 1174 duntur.

362 1807 430 1831 non
455 1797 676 1830 addicentibus
702 1797 825 1835 avibus,
847 1797 1063 1829 differrentur.
1110 1797 1162 1839 (3)
1179 1798 1209 1828 h.
1226 1809 1250 1829 e.
1272 1808 1443 1830 numerum
1458 1798 1604 1839 equitum
1620 1797 1655 1830 in

363 1842 515 1874 centuriis
528 1842 725 1883 duplicavit:
751 1845 854 1874 forma
869 1842 1034 1882 loquendi,
1055 1853 1121 1874 non
1138 1843 1238 1873 solum
1253 1844 1340 1884 apud
1362 1843 1496 1874 Latinos
1523 1843 1657 1885 scripto·

362 1897 423 1924 res,
445 1887 499 1918 sed
514 1888 545 1917 ἃ
561 1888 647 1929 apud
666 1890 802 1925 Graems,
823 1888 984 1928 usurpata.
1031 1887 1081 1917 Sic
1108 1888 1269 1919 Demosth.
1281 1895 1395 1919 contra
1412 1887 1495 1919 Mid.
1513 1893 1657 1930 Σμικςωνι

362 1930 434 1962 ὂεκαε
452 1939 608 1962 ταλαντων
625 1934 792 1970 {manner-2,
811 1946 861 1963 xm
878 1937 1002 1964 Σκιτωνι
1019 1945 1167 1963 τοσαυτων
1184 1933 1289 1976 {vegam
1336 1932 1388 1973 (4)
1407 1933 1517 1963 Plures
1534 1933 1659 1964 codices

362 1976 573 2017 manuscripti
593 1976 713 2007 habent
734 1979 808 2007 mille
828 1979 866 2009 &³
882 1980 1002 2007 trecenti.
1046 1979 1154 2007 Vanas
1170 1976 1240 2008 lites
1256 1978 1308 2018 (ut
1324 1976 1404 2007 mihi
1421 1977 1567 2017 videtur)
1588 1988 1657 2008 mo-

356 2029 438 2051 ‘rent
456 2020 656 2061 interpretes,
681 2022 758 2051 dum
775 2029 920 2062 quaerunt
937 2023 1100 2061 quomodo
1124 2021 1305 2062 duplicatus
1333 2021 1478 2062 equitum
1501 2032 1655 2055 numerus

363 2065 451 2096 mille
485 2066 516 2096 &
533 2064 831 2106 06ti11gentos,ve1
862 2065 957 2097 etiam
977 2066 1064 2097 mille
1088 2067 1119 2096 δε
1132 2073 1291 2097 trecentos
1303 2066 1471 2097 dederint.
1495 2078 1554 2098 nec
1570 2067 1657 2105 enirn

361 2110 508 2140 centuria
530 2109 656 2151 praecise
678 2121 848 2141 numerum
864 2110 1082 2142 centenarium
1103 2110 1264 2152 fignificat.
1306 2111 1449 2144 Tantum
1464 2111 1585 2146 indicat
1601 2111 1655 2142 Li-

361 2153 433 2184 vius
449 2162 513 2185 tres
526 2154 684 2185 centurias
700 2166 719 2185 a
735 2155 874 2186 Romulo
890 2156 1095 2197 conscriptas,
1117 2155 1304 2196 turmisque-
1300 2157 1416 2187 -decem
1432 2167 1450 2186 a
1465 2156 1564 2188 Tullo
1581 2167 1655 2187 auc·-

359 2207 420 2234 ffas‚
444 2199 506 2229 five
519 2206 697 2240 nongentos
713 2199 775 2230 five
792 2200 951 2231 sexcentos
964 2201 995 2230 ἃ
1007 2200 1238 2243 quinquaginta
1246 2201 1370 2241 equites
1382 2200 1522 2231 effeciffe.
1540 2203 1574 2231 E.
1597 2202 1651 2243 (5)

360 2243 428 2286 Qri
445 2243 546 2274 additi
562 2251 653 2276 erant
669 2244 821 2286 appellati
842 2245 914 2275 sunt
932 2247 1089 2288 posteriores
1101 2261 1112 2281 ;
1138 2245 1290 2276 nimirum
1306 2247 1443 2276 Ramnes
1457 2245 1656 2286 posteriores,

362 2290 501 2318 'Luceres
525 2288 726 2329 posteriores,
757 2289 913 2320 Titienses
932 2289 1127 2331 posteriores.
1174 2289 1355 2321 Crevierius
1392 2289 1519 2330 aliique,
1553 2290 1652 2331 pravfi

361 2332 634 2373 interpunctione,
659 2344 771 2365 vocem
797 2335 870 2363 mod&
890 2345 964 2367 cum
982 2336 1139 2377 pqsteriores
1155 2334 1289 2377 appelaizti
1302 2338 1369 2376 stmt
1386 2336 1593 2376 conjungunt.
1618 2337 1652 2367 E.

363 2378 417 2417 (6)
439 2379 486 2407 Ex
511 2377 716 2409 ordinatione
741 2380 803 2409 Ser.
829 2378 939 2415 Tullii,
961 2379 1001 2409 de
1029 2378 1091 2419 qua
1106 2379 1190 2410 infra
1208 2391 1233 2410 c.
1249 2389 1302 2419 43.
1348 2380 1402 2411 Ille
1418 2379 1551 2410 etribus
1567 2380 1650 2412 hisce

361 2421 512 2453 centuriis
528 2422 579 2453 sex
590 2423 676 2459 fecit,
697 2434 832 2458 numero
842 2423 1059 2455 centuriarum
1070 2424 1239 2466 geminato.

406 2485 441 2514 C
459 2492 509 2521 37.
533 2484 588 2525 (Ι)
614 2484 724 2526 Qum
745 2485 909 2525 pleraque,
946 2483 1087 2538 impacta
1124 2486 1261 2523 sublicis,
1292 2486 1475 2522 haererent*
1467 2498 1501 2517 111
1519 2486 1651 2525 ratibus,

358 2539 377 2558 e
411 2528 530 2578 (Ῑιιίἶῃιει
553 2539 635 2569 pons
660 2531 826 2560 extruetus
848 2537 928 2560 erat.
975 2531 1068 2561 Malo
1089 2529 1128 2561 fic
1154 2531 1261 2562 locum
1288 2531 1516 2574 interpungere
1539 2532 1570 2562 ὅ(
1599 2531 1650 2562 in·-

359 2572 542 2613 terpretari,
558 2584 655 2613 quam
671 2585 744 2604 cum
762 2574 930 2605 Gronovio
944 2574 1011 2615 (cui
1028 2575 1125 2606 etiam
1140 2577 1250 2607 favent
1269 2577 1299 2607 ὃς
1312 2576 1597 2608 Drakenborchius
1616 2578 1648 2611 «Sc

360 2616 559 2657 Crevierius)
582 2618 726 2659 accipere
749 2619 975 2660 conjecturam
990 2619 1110 2656 nullius
1131 2620 1248 2652 codicis
1263 2621 1457 2653 auctoritate
1469 2621 1650 2660 firmatam;

361 2672 473 2702 nempe
489 2662 658 2704 legendum
669 2662 730 2694 esse
754 2665 934 2705 &pleraque
949 2665 1052 2695 ratibus
1069 2667 1283 2707 impaHafltblic
1282 2669 1356 2707 ffque
1375 2679 1434 2697 cum
1449 2667 1589 2697 haererent.
1612 2668 1648 2698 E.

361 2706 414 2743 (2)
440 2708 575 2737 Pontem
592 2717 706 2748 nempe
724 2718 820 2748 quem
836 2709 932 2749 super
952 2709 1113 2740 Anienem
1129 2712 1271 2742 fecerant
1285 2711 1401 2742 Sabini.
1446 2711 1499 2752 (3)
1524 2712 1589 2741 Pro
1609 2712 1647 2742 {55³

359 2751 442 2790 tuiis,
464 2751 563 2794 vulg&
585 2752 708 2788 editum
723 2765 736 2781 e
760 2754 822 2796 zfis
868 2756 915 2785 At
935 2754 1093 2786 Gronovii
1109 2755 1329 2798 conjecturam
1344 2755 1481 2789 lubens
1473 2766 1506 2788 in
1523 2763 1647 2787 textum

1528 2799 1644 2848 recepi,
