1853 3158
315 264 597 309 LIBER
657 260 735 302 lx.
796 252 979 303 CAP.
1040 259 1159 301 XIII.
1520 267 1601 313 205·

102 381 335 423 diebantur:
363 379 557 422 Publilius
591 377 632 417 in
653 376 817 417 Samnio
853 375 1021 416 substitit
1056 373 1247 415 adversus
1272 373 1379 415 Caua

106 442 217 481 dinas
251 443 312 494 (4)
341 439 527 493 legiones.
587 441 612 488 †
630 434 833 475 Distendit
863 448 908 474 ea
940 447 1002 473 res
1029 432 1273 473 Samnitium
1297 433 1382 472 ani‹

106 511 219 545 mos3
252 495 360 551 quod
393 508 465 534 nec
493 493 543 532 ad
570 491 782 533 Luceriam
819 492 889 540 ire,
921 505 971 530 ne
1006 491 1055 529 ab
1075 500 1188 545 tergo
1221 489 1385 529 instaret

106 554 242 604 hostis,
273 568 345 594 nec
366 564 540 599 manere,
571 563 620 590 ne
642 548 811 589 Luceria
832 546 992 588 interim
1011 548 1273 596 amitteretur,
1293 546 1386 585 satis

107 613 317 652 audebant.
377 609 591 662 Optimum
634 605 761 645 visum
795 606 850 644 est
888 606 1137 645 committere
1175 616 1261 643 rem
1302 602 1386 641 for-

106 679 229 718 tunae,
264 671 301 708 &
333 669 395 722 (5)
422 665 634 720 transigere
661 678 754 704 cum
778 662 952 702 Publilio
968 673 1183 702 certamen.
1242 661 1385 713 Itaque

109 727 150 766 in
172 727 296 766 aciem
314 724 447 777 copias
468 723 658 763 educunt.

166 783 280 822 XIII.
315 778 521 821 Adversus
543 793 643 833 quos
663 778 860 818 Publilius
891 773 1027 816 consul
1058 788 1185 828 quum
1219 775 1385 815 dimica·
1405 781 1507 814 Prelio
1521 783 1589 812 vin-

109 850 222 880 turus
250 839 357 887 effet,
393 836 503 892 prius
534 837 791 890 alloquendos
820 835 964 875 milites
994 844 1117 881 ratus,
1148 833 1385 871 concionem
1402 834 1500 882 “fimf
1515 828 1596 857 Sam*

108 897 291 939 advocari
321 896 442 952 juflit.
476 893 654 935 ceterum
684 894 781 932 ficut
808 892 960 947 ingenti
992 890 1192 929 alacritate
1217 888 1267 928 ad
1286 903 1386 942 prae-
1401 872 1594 948 mima*

107 955 258 994 ‘corium
275 953 512 994 concursum
528 952 598 1000 est,
630 952 683 990 ita
705 965 786 1004 prae
805 951 978 989 clamore
1007 947 1255 1002 poscentium
1285 960 1388 1001 pug-
1463 938 1470 948 '

111 1026 204 1051 nam
227 1013 336 1051 nulla
362 1010 585 1050 adhortatio
607 1009 855 1062 imperatoris
884 1005 1017 1045 audit‘a
1047 1005 1116 1044 est.
1175 1004 1283 1044 Suus
1304 1004 1391 1043 cui-

112 1084 190 1122 que
222 1069 379 1109 animus
414 1081 567 1107 memor
588 1065 819 1120 ignominiae
847 1063 1078 1104 adhortator
1098 1062 1246 1102 aderat.
1305 1060 1391 1101 Va-

112 1128 213 1166 dunt
244 1127 364 1181 igitur
383 1126 424 1164 in
445 1125 634 1178 proelium
656 1133 841 1178 urgentes
862 1120 1089 1175 signiferos:
1122 1122 1178 1167 &,
1208 1132 1259 1157 ne
1281 1132 1395 1157 mora

112 1184 154 1223 in
188 1183 383 1224 concursu
418 1183 509 1236 pilis
543 1181 772 1221 emittendis
805 1177 1118 1234 stringendisque
1140 1176 1232 1215 inde
1252 1175 1394 1229 gladiis

113 1242 220 1291 estet,
250 1241 346 1295 pila,
366 1242 476 1280 velut
506 1240 598 1279 dato
627 1238 675 1277 ad
707 1238 747 1276 id
778 1237 901 1291 figno,
933 1235 1139 1289 abjiciunt,
1171 1231 1395 1286 strictisque

112 1298 255 1353 gladiis
276 1297 393 1339 cursu
409 1298 450 1336 in
468 1296 624 1350 hostem
639 1295 836 1335 feruntur.
895 1292 1010 1332 Nihil
1032 1291 1111 1331 illic
1129 1290 1395 1343 imperatoriae

115 1356 209 1395 artis
229 1355 435 1395 ordinibus
456 1364 525 1393 aut
555 1353 732 1399 subsidiis
750 1350 928 1391 locandis
958 1349 1058 1389 fuit:
1088 1349 1223 1388 omnia
1243 1348 1301 1386 ira
1320 1347 1398 1386 mi..

117 1413 241 1453 litatis
261 1411 384 1466 prope
404 1411 546 1451 vesano
573 1411 725 1464 impetu
757 1409 849 1464 egit.
910 1408 1050 1460 Itaque
1070 1420 1152 1446 non
1178 1405 1251 1444 fufi
1272 1403 1397 1444 modo

118 1470 249 1510 hostes
282 1470 397 1518 sunt;
430 1468 512 1519 sed,
544 1471 604 1523 (ι)
632 1482 681 1507 ne
714 1467 848 1506 castris
870 1465 1034 1518 quidem
1061 1464 1141 1503 suis
1162 1463 1301 1517 fugam
1323 1462 1401 1502 im-

119 1528 253 1581 pedire
275 1528 369 1576 auli,
403 1526 595 1580 Apuliam
616 1525 780 1578 dissipati
802 1523 974 1577 petiere:
1004 1521 1217 1561 Luceriam
1246 1530 1399 1569 tamen,

119 1585 261 1625 coacto
297 1584 431 1624 rursus
465 1584 506 1622 in
542 1597 668 1623 unum
706 1582 878 1636 agmine,
909 1579 964 1619 est
1000 1588 1251 1632 perventum.
1312 1577 1400 1617 Ro-

121 1656 260 1682 manos
282 1642 339 1681 ira
358 1642 513 1689 eadem,
545 1655 634 1693 quae
667 1653 736 1692 per
763 1639 936 1677 mediam
970 1636 1094 1676 aciem
1128 1635 1304 1675 hostium
1335 1644 1401 1674 tue

119 1701 235 1750 lerat,
268 1699 372 1740 &in
398 1698 522 1738 castra
557 1697 731 1750 pertulit.
755 1696 809 1735 ibi
844 1697 948 1749 plus,
980 1693 1102 1748 quam
1123 1693 1163 1732 in
1184 1693 1284 1743 acie,
1315 1691 1401 1731 san-

121 1757 252 1811 guinis
274 1770 319 1796 ae
342 1755 460 1796 caedis
479 1762 504 1808 «Γ
524 1754 694 1802 facium,
725 1754 949 1807 praedaeque
969 1766 1059 1806 pars
1090 1751 1218 1805 major
1237 1750 1292 1789 ira
1314 1763 1402 1789 cor-

122 1824 251 1867 rupta.
311 1813 519 1853 Exercitus
540 1814 639 1851 alter
668 1825 762 1851 cum
794 1810 952 1864 Papirio
984 1808 1142 1849 consule
1164 1807 1261 1847 locis
1283 1807 1403 1846 mari-o

123 1872 230 1911 timis
259 1881 492 1925 pervenerat
526 1871 657 1923 Arpos
691 1883 761 1923 per
795 1867 929 1908 omnia
963 1876 1117 1920 pacata,
1158 1864 1402 1906 Samnitium

123 1930 248 1984 magis
270 1929 424 1983 injuriis
455 1931 493 1967 &
522 1928 632 1978 odio,
662 1926 784 1980 quam
803 1925 1001 1965 beneficio
1033 1924 1115 1963 ullo
1146 1922 1285 1976 populi
1316 1922 1404 1961 Ro-

124 1987 245 2026 mani.
303 1982 413 2025 Nam
442 1985 656 2035 Samnites,
688 1985 733 2023 ea
754 1983 985 2037 tempestate
1012 1982 1053 2020 in
1076 1980 1279 2019 montibus
1299 1979 1405 2019 vica-

124 2044 197 2083 tim
217 2043 457 2090 habitantes,
488 2041 720 2096 campestria
743 2044 784 2082 <Sc
805 2041 1004 2080 maritima
1039 2040 1140 2086 loca,
1172 2047 1404 2089 contempto

128 2102 329 2140 cultorum
364 2100 544 2140 molliore
566 2109 699 2151 atque,
730 2108 774 2138 ut
807 2098 939 2138 evenit
960 2095 1057 2145 fere,
1090 2098 1151 2149 (2)
1171 2095 1269 2134 locis
1291 2094 1406 2133 simili
1512 2111 1537 2155 {⁷

126 2170 284 2211 genere,
312 2158 382 2211 ipsi
405 2158 583 2197 montani
605 2167 723 2209 atque
745 2156 913 2210 agrestes
935 2153 1292 2208 depopulabantur.
1316 2166 1406 2205 quae

128 2215 237 2268 regio
260 2215 284 2253 si
306 2215 384 2254 fida
405 2214 649 2255 Samnitibus
666 2214 808 2261 fuisset,
829 2221 898 2251 aut
919 2211 1124 2265 pervenire
1147 2211 1279 2263 Arpos
1295 2223 1407 2249 exer-

131 2273 233 2311 citus
255 2272 464 2312 Romanus
486 2271 691 2324 nequiffet,
713 2280 779 2309 aut
802 2269 1010 2324 interjefita
1032 2271 1094 2321 (3)
1115 2268 1218 2306 inter
1230 2267 1408 2306 Romam

134 2330 341 2383 &.Arpos,
371 2329 536 2382 penuria
552 2342 685 2368 rerum
706 2328 903 2377 omnium,
934 2326 1112 2366 exclusos
1133 2340 1153 2364 a
1176 2325 1408 2364 commeati-

1331 2381 1407 2421 bus

135 2502 246 2533 Livius
262 2512 329 2533 non
350 2500 586 2532 memoraverit.
629 2502 683 2541 (4)
707 2499 896 2531 Samnitium
912 2498 1099 2534 exercitum,
1121 2498 1176 2538 qui
1193 2498 1234 2529 ad
1249 2496 1410 2529 Caudium

134 2559 200 2578 rem
211 2547 351 2589 gess'erat.
395 2546 448 2585 (5)
474 2546 521 2576 Sic
534 2546 682 2587 trmffigere
694 2548 762 2576 bella
780 2546 866 2585 apud
881 2545 958 2574 Tac.
974 2544 993 2574 l.
1007 2553 1038 2575 2.
1064 2543 1146 2575 Hist.
1163 2554 1188 2573 c.
1202 2542 1252 2582 38.

180 2594 214 2622 C.
235 2602 283 2631 13.
306 2592 360 2633 (1)
384 2592 432 2620 Ne
449 2590 482 2620 in
504 2590 602 2620 castra
619 2590 748 2630 quidem
765 2591 819 2620 sua
835 2588 900 2620 ausl
915 2589 945 2620 se
962 2588 1116 2629 recipere,
1138 2598 1179 2618 ne
1205 2589 1281 2628 fuga
1296 2586 1411 2618 diffici-

134 2636 195 2667 lior
211 2636 310 2667 fieret.
354 2635 408 2675 (Z)
425 2634 540 2665 Similis
556 2634 711 2665 sententia
727 2634 812 2664 inssi-3⁴
830 2634 847 2664 l.
866 2643 917 2674 29.
937 2645 962 2664 c.
985 2642 1034 2671 252
1058 2633 1174 2662 imbelles
1190 2633 1411 2673 (quodplerztm-

132 2694 181 2721 que
198 2684 224 2711 in
242 2682 318 2710 aluere
334 2694 399 2721 agro
416 2683 522 2719 evenit)
537 2681 652 2709 barbari
662 2681 738 2719 Jimt.
753 2680 783 2708 ἃς
803 2679 826 2709 l.
844 2688 895 2717 45.
911 2689 936 2709 c.
964 2687 1014 2716 30ὃ
1039 2680 1168 2707 cultorum
1184 2690 1282 2718 quoque
1298 2680 1409 2717 ingenia

134 2735 214 2755 τινι-ι
230 2727 341 2767 fixa-'lia
368 2726 454 2754 habet.
500 2724 571 2754 Vid.
588 2724 683 2754 etiam
709 2723 732 2754 l.
760 2724 810 2761 38.
835 2735 859 2753 c.
890 2732 939 2760 17.
984 2723 1038 2761 (3)
1062 2723 1186 2761 Nempe
1212 2724 1295 2762 regio.
1325 2723 1410 2750 Gro-

137 2770 249 2801 ΕΟΥΞΩΞ.
287 2772 363 2799 Vetti*
396 2767 502 2800 mallet
530 2768 633 2810 legere
662 2768 877 2810 affy'itmpsr‘ſjssvt:
919 2768 951 2796 ‘Ex'
977 2774 1046 2797 tum
1070 2769 1212 2807 ἱητεῇεέῖπ
1238 2764 1298 2797 erit
1323 2767 1410 2793 inter=

1333 2812 1410 2850 jtu‘ffil
