1853 3158
11 2445 21 2658 ἑ

391 292 672 338 LIBER
732 294 827 337 VII.
887 297 1069 341 CAP.
1130 300 1290 343 XXIV.

194 410 317 465 quam
338 413 514 466 periculo
530 410 672 450 ultimo
693 421 888 463 tentaret3
922 415 963 453 in
998 417 1172 467 tumulo,
1203 431 1324 472 quem
1346 420 1479 473 proxi-

191 482 304 508 mum
332 469 463 508 castris
486 468 698 507 Gallorum
721 485 860 523 capere
883 474 1028 525 potuit,
1059 475 1207 514 vallum
1229 477 1373 516 ducere
1395 492 1477 518 coe-2

186 527 258 579 pit.
320 527 432 566 Gens
449 525 561 564 ferox
581 528 618 565 Sc
638 526 788 580 ingenii
805 529 908 568 avidi
923 531 972 568 ad
988 546 1179 585 pugnam,
1212 546 1353 586 quum,
1384 550 1475 588 pro-

186 584 252 623 cul
272 583 358 622 visis
378 584 657 622 Romanorum
686 584 819 637 signis,
852 596 895 625 ut
926 590 1127 641 extemplo
1145 591 1335 643 proelium
1353 592 1475 632 initu-

183 653 241 688 ra,
272 640 513 693 explicuisset
548 640 700 688 aciem3
733 642 944 695 postquam
972 659 1102 697 neque
1136 647 1175 685 in
1210 662 1372 701 aequum
1404 650 1473 689 de·-

186 698 290 736 mitti
323 711 467 751 agmen
499 697 612 746 vidit,
643 701 683 738 &
717 713 843 752 quum
877 701 953 740 loci
987 703 1213 754 altitudine,
1244 715 1332 744 tum
1368 708 1471 747 vallo

183 755 303 794 etiam
331 754 453 809 integi
482 758 543 810 (2)
577 755 799 805 Romanos,
831 757 1031 811 perculsos
1061 774 1206 812 pavore
1226 773 1323 812 rata,
1357 764 1470 803 simul

180 816 205 863 †
224 813 542 865 opportuniores,
574 811 684 866 quod
718 814 860 854 intenti
890 825 977 854 tum
998 816 1170 856 maxime
1202 820 1312 871 operi
1334 821 1469 870 essent,

180 869 284 908 truci
305 870 478 910 clamore
499 871 740 924 aggreditur.
802 872 868 912 Ab
890 873 1088 913 Romanis
1110 888 1184 914 nec
1216 890 1317 928 opus
1348 877 1470 917 inter·
1504 913 1530 929 f,

180 926 354 976 miffum,
386 928 526 981 (triarii
546 938 672 977 erant,
704 929 772 981 qui
786 930 1036 985 muniebant)
1063 934 1099 971 &
1119 932 1166 971 ab
1181 931 1468 987 hastatisprin-

178 983 426 1038 cipibusque‚
457 985 525 1038 qui
546 999 618 1038 pro
639 991 663 1038 †
680 982 948 1028 munitoribus
970 988 1113 1028 intenti
1143 991 1363 1044 armatique
1394 992 1468 1032 ste-

177 1050 320 1090 terant,
352 1043 541 1096 proelium
562 1042 720 1082 initum.
781 1046 930 1085 Praeter
950 1046 1138 1085 virtutem
1159 1048 1272 1088 locus
1306 1063 1467 1103 quoque

176 1097 354 1151 superior
384 1100 550 1154 adjurit,
581 1109 626 1139 ut
646 1101 725 1154 pila
750 1103 885 1142 omnia
915 1103 1115 1156 hastaeque
1143 1118 1242 1156 non,
1274 1115 1468 1160 tanquam

173 1168 223 1194 ex
245 1170 362 1209 aequo
383 1158 508 1209 missa,
538 1172 639 1197 vana
661 1160 786 1212 (quod
816 1161 1052 1213 plerumque
1084 1161 1148 1215 sit)
1169 1164 1370 1213 caderent,
1400 1165 1467 1205 sed

174 1214 309 1253 omnia
331 1217 391 1269 (3)
412 1215 551 1255 librata
571 1216 814 1269 ponderibus
846 1216 1090 1271 figerentur3
1123 1221 1355 1275 oneratique
1376 1223 1465 1263 telis

175 1270 300 1322 Galli,
329 1274 390 1326 (4)
420 1272 564 1326 quibus
596 1283 664 1312 aut
695 1288 861 1327 corpora
897 1275 1102 1327 transfixa,
1131 1287 1199 1317 aut
1219 1290 1466 1334 praegravata

173 1327 459 1369 inhaerentibus
476 1329 665 1384 gerebant
688 1330 809 1380 scuta,
842 1347 969 1385 quum
991 1334 1107 1373 cursu
1134 1333 1236 1388 pene
1258 1335 1299 1375 in
1327 1337 1466 1377 adver-

175 1384 260 1424 sum
298 1386 497 1437 subissent,
528 1386 660 1441 primo
694 1388 834 1428 incerti
864 1389 1064 1430 restitere:
1094 1392 1204 1444 dein,
1236 1408 1362 1447 quum
1384 1395 1466 1448 ipsa

173 1443 379 1484 cunCtatio
403 1447 441 1485 δε
471 1444 533 1484 his
561 1445 715 1486 animos
744 1447 956 1497 minuisset,
991 1451 1027 1488 &
1052 1449 1215 1489 auxisset
1241 1451 1358 1500 hosti,
1390 1453 1467 1492 im-

173 1501 271 1553 pulsi
293 1511 398 1541 retro
428 1517 542 1542 ruere
572 1503 637 1542 alii
669 1503 785 1558 super
806 1505 917 1553 alios,
948 1511 972 1557 †
1006 1505 1256 1561 stragemque
1292 1509 1396 1548 inter
1426 1511 1466 1550 se

172 1559 281 1598 caede
314 1557 398 1612 ips'a
431 1559 645 1600 foediorem
679 1562 785 1601 dare.
818 1561 918 1602 adeo
953 1564 1146 1617 praecipiti
1177 1565 1294 1606 turba
1328 1566 1464 1607 obtriti

172 1615 320 1667 plures,
351 1615 472 1669 quam
490 1616 596 1657 ferro
612 1620 754 1658 necati.

229 1673 386 1713 XXIV.
419 1675 607 1714 Necdum
639 1686 745 1715 certa
767 1676 964 1717 Romanis
991 1677 1158 1718 vi&oria
1191 1690 1286 1719 erat.
1319 1681 1393 1721 alia
1421 1682 1463 1721 in

171 1743 359 1783 campum
387 1732 570 1785 degressis
603 1733 803 1786 supererat
835 1736 972 1775 moles.
1032 1737 1222 1790 Namque
1245 1739 1463 1779 multitudo

171 1786 401 1837 Gallorum,
433 1790 588 1829 sensum
610 1803 772 1830 omnem
793 1792 881 1833 talis
903 1793 1038 1832 damni
1070 1794 1322 1848 exsuperans,
1354 1797 1463 1836 velut

169 1843 272 1884 nova
303 1846 435 1887 rursus
465 1847 667 1887 exoriente
699 1849 799 1899 acie,
827 1850 1029 1904 integrum
1065 1852 1234 1891 militem
1270 1853 1462 1895 adversus

169 1902 365 1943 vifflorem
397 1903 551 1944 hostem
585 1905 725 1945 ciebat.
758 1906 943 1961 stetitque
966 1908 1166 1961 suppreffo
1197 1910 1352 1964 impetu
1375 1912 1462 1951 Ro-

170 1973 338 2009 manus-,3
373 1965 413 2002 δε
442 1963 535 2016 quia
568 1963 713 2002 iterum
746 1963 848 2003 fessis
885 1965 1088 2004 subeunda
1121 1967 1326 2007 dimicatio
1362 1979 1460 2019 erat,

173 2019 214 2057 &-
236 2016 345 2070 quod
367 2020 518 2069 consul,
538 2021 636 2059 dum
656 2021 758 2060 inter
778 2022 972 2074 primores
992 2023 1176 2063 incautus
1193 2025 1329 2078 agitat,
1360 2027 1461 2067 laevo

169 2072 339 2115 humero
361 2079 423 2130 (Ι)
456 2079 594 2117 matari
616 2077 739 2132 prope
770 2079 954 2134 trajecto,
986 2080 1145 2120 cesserat
1165 2096 1382 2135 parumper
1411 2098 1460 2123 ex

172 2132 266 2171 acie.
326 2134 497 2187 Jamque
518 2136 652 2175 omissa
669 2136 899 2177 cunctando
916 2137 1085 2178 victoria
1101 2149 1199 2188 erat,
1221 2154 1348 2193 quum
1365 2155 1463 2181 con-2

1387 2199 1463 2248 sul,

174 2303 296 2344 quenti,
318 2307 414 2345 quam
440 2308 645 2348 praecedenti,
667 2310 830 2343 convenit.
874 2311 930 2353 (2)
954 2313 1001 2343 Ita
1028 2311 1144 2354 optimi
1169 2313 1303 2345 codices.
1328 2313 1360 2345 δε
1384 2314 1463 2346 alibi

173 2348 235 2379 hoc
251 2349 351 2380 verbo
363 2351 475 2382 Livius
492 2352 564 2383 usus
580 2353 630 2384 est.
646 2353 730 2385 infra]
743 2355 765 2385 l.
786 2358 838 2387 26.
857 2367 882 2387 c.
901 2366 953 2395 17.
970 2359 1047 2397 deustI
1060 2359 1264 2399 nebulastzltum
1277 2372 1377 2389 omnem
1388 2373 1463 2390 cam-

166 2395 265 2433 pisque
279 2394 353 2424 circui
368 2399 479 2426 intexit.
525 2399 565 2427 Et
593 2409 631 2429 eo
658 2399 747 2430 seusu
769 2403 882 2431 intefius
907 2412 969 2442 pro
994 2401 1127 2443 simplici
1154 2408 1250 2441 tebius,
1272 2403 1296 2434 l.
1315 2412 1364 2441 27.
1382 2415 1411 2434 c.
1431 2414 1459 2443 3,

172 2438 228 2476 (3)
253 2437 323 2478 Ipso
340 2441 482 2479 pondere
498 2441 607 2482 adjuta
622 2450 658 2473 ut
675 2443 890 2485 dirigerentur
907 2445 1035 2484 certius,
1059 2448 1089 2476 &
1105 2448 1234 2488 gravius
1250 2447 1463 2489 infigerentur

173 2481 372 2522 corporibus.
420 2486 467 2515 Ita
488 2484 572 2515 infra
595 2486 614 2516 l.
641 2496 694 2525 30.
711 2499 739 2518 c.
759 2498 811 2519 10.
823 2493 946 2531 gravior
957 2503 990 2520 ac
999 2494 1118 2532 pondere
1133 2495 1187 2534 ipſs)
1203 2493 1463 2534 libratior-supernsi

171 2539 204 2555 mc
221 2531 356 2558 onerariis
380 2531 449 2559 1⁴17th
464 2537 533 2559 erat.
555 2531 632 2560 Tac.
656 2532 675 2561 l.
693 2542 720 2562 2.
741 2533 819 2563 Hist.
839 2543 888 2565 22.
902 2537 1029 2576 ingerunt
1043 2538 1153 2578 defiper
1172 2538 1320 2567 Othoniani
1329 2540 1404 2578 pila,
1425 2540 1462 2567 li-

170 2572 249 2600 bram
271 2576 358 2614 magis
386 2575 423 2604 Εἰ
443 2581 513 2603 certo
529 2578 591 2604 ifiu.
636 2575 807 2608 Dissentire
830 2586 938 2609 tamen
961 2579 1092 2610 videtur
1109 2580 1264 2612 Claudius
1281 2581 1461 2623 Qadrigan

171 2615 249 2652 rius,
271 2618 358 2657 apud
377 2618 455 2648 Gen.
471 2618 491 2647 1.
509 2628 537 2658 9.
554 2631 582 2649 c.
602 2630 632 2650 1.
678 2622 733 2661 (4)
757 2623 849 2664 Qae,
872 2634 987 2664 nempe
1012 2624 1086 2662 tela,
1108 2634 1164 2656 aut
1193 2636 1331 2666 corpora
1350 2626 1460 2657 Gallo-

172 2670 243 2690 rum
257 2661 496 2704 transfigebant,
518 2672 573 2694 aut
591 2664 688 2702 scuta,
710 2665 901 2698 inhaerentia
918 2667 964 2705 iis,
988 2671 1241 2710 praegravabant.

216 2724 252 2752 C.
270 2732 323 2760 24.
348 2725 402 2765 (1)
428 2727 574 2765 Μαῖαν-ἰδ’,
596 2726 658 2758 sive
675 2732 798 2767 mutet-is,
819 2729 918 2761 telum
942 2730 1003 2761 fuit
1029 2732 1198 2763 Gallorum
1214 2732 1396 2775 proprium,
1418 2732 1459 2761 ad

214 2766 307 2798 Tou.
324 2769 361 2798 11,
815 2774 848 2803 H
1305 2776 1457 2816 longIoris

1645 324 1699 365 97

1490 914 1507 941 l
1519 923 1645 947 ineuntur

1489 958 1636 999 Gallzgsefl

1484 1004 1637 1045 dffculter·
