<?xml version="1.0" encoding="UTF-8"?>
<!DOCTYPE html PUBLIC "-//W3C//DTD XHTML 1.0 Transitional//EN"
    "http://www.w3.org/TR/xhtml1/DTD/xhtml1-transitional.dtd">
<html xmlns="http://www.w3.org/1999/xhtml" xml:lang="en" lang="en">
 <head>
  <title>
</title>
<meta http-equiv="Content-Type" content="text/html;charset=utf-8" />
  <meta name='ocr-system' content='tesseract 3.04.00' />
  <meta name='ocr-capabilities' content='ocr_page ocr_carea ocr_par ocr_line ocrx_word'/>
</head>
<body>
  <div class='ocr_page' id='page_1' title='image "./historiaeromanae01livyuoft_0130.png"; bbox 0 0 1905 3168; ppageno 0'>
   <div class='ocr_carea' id='block_1_1' title="bbox 175 294 251 333">
    <p class='ocr_par' dir='ltr' id='par_1_1' title="bbox 175 294 251 333">
     <span class='ocr_line' id='line_1_1' title="bbox 175 294 251 333; baseline 0.013 -11"><span class='ocrx_word' id='word_1_1' title='bbox 175 294 251 333; x_wconf 80' lang='lat'>104</span> 
     </span>
    </p>
   </div>
   <div class='ocr_carea' id='block_1_2' title="bbox 840 280 1210 321">
    <p class='ocr_par' dir='ltr' id='par_1_2' title="bbox 840 280 1210 321">
     <span class='ocr_line' id='line_1_2' title="bbox 840 280 1210 321; baseline 0 0"><span class='ocrx_word' id='word_1_2' title='bbox 840 280 1210 321; x_wconf 85' lang='lat' dir='ltr'>T.L1V11</span> 
     </span>
    </p>
   </div>
   <div class='ocr_carea' id='block_1_3' title="bbox 384 395 1675 1365">
    <p class='ocr_par' dir='ltr' id='par_1_3' title="bbox 384 395 1675 1365">
     <span class='ocr_line' id='line_1_3' title="bbox 386 395 1671 454; baseline 0 -17"><span class='ocrx_word' id='word_1_3' title='bbox 386 412 478 454; x_wconf 85' lang='lat' dir='ltr'>gem</span> <span class='ocrx_word' id='word_1_4' title='bbox 519 395 730 437; x_wconf 88' lang='lat' dir='ltr'>Etruscum</span> <span class='ocrx_word' id='word_1_5' title='bbox 784 409 864 435; x_wconf 89' lang='lat' dir='ltr'>non</span> <span class='ocrx_word' id='word_1_6' title='bbox 894 403 980 435; x_wconf 84' lang='lat' dir='ltr'>tuta</span> <span class='ocrx_word' id='word_1_7' title='bbox 1010 395 1156 446; x_wconf 86' lang='lat' dir='ltr'>solum,</span> <span class='ocrx_word' id='word_1_8' title='bbox 1197 395 1262 436; x_wconf 90' lang='lat' dir='ltr'>sed</span> <span class='ocrx_word' id='word_1_9' title='bbox 1302 395 1495 437; x_wconf 81' lang='lat' dir='ltr'>honorata</span> <span class='ocrx_word' id='word_1_10' title='bbox 1536 396 1671 449; x_wconf 79' lang='lat' dir='ltr'>etiam,</span> 
     </span>
     <span class='ocr_line' id='line_1_4' title="bbox 388 453 1670 508; baseline -0.001 -13"><span class='ocrx_word' id='word_1_11' title='bbox 388 457 512 495; x_wconf 81' lang='lat' dir='ltr'>virtus</span> <span class='ocrx_word' id='word_1_12' title='bbox 534 455 634 494; x_wconf 89' lang='lat' dir='ltr'>fuit:</span> <span class='ocrx_word' id='word_1_13' title='bbox 666 454 947 506; x_wconf 86' lang='lat' dir='ltr'>laudatamque</span> <span class='ocrx_word' id='word_1_14' title='bbox 967 453 1162 508; x_wconf 88' lang='lat' dir='ltr'>virginem</span> <span class='ocrx_word' id='word_1_15' title='bbox 1182 464 1292 507; x_wconf 88' lang='lat' dir='ltr'>parte</span> <span class='ocrx_word' id='word_1_16' title='bbox 1328 457 1388 507; x_wconf 87' lang='grc'>(4)</span> <span class='ocrx_word' id='word_1_17' title='bbox 1424 454 1602 494; x_wconf 78' lang='lat' dir='ltr'>obsidum</span> <span class='ocrx_word' id='word_1_18' title='bbox 1632 454 1670 494; x_wconf 90' lang='lat' dir='ltr'>se</span> 
     </span>
     <span class='ocr_line' id='line_1_5' title="bbox 388 510 1672 566; baseline -0.001 -14"><span class='ocrx_word' id='word_1_19' title='bbox 388 514 537 552; x_wconf 86' lang='lat' dir='ltr'>donare</span> <span class='ocrx_word' id='word_1_20' title='bbox 554 511 680 550; x_wconf 86' lang='lat' dir='ltr'>dixit:</span> <span class='ocrx_word' id='word_1_21' title='bbox 712 510 808 564; x_wconf 88' lang='lat' dir='ltr'>ipsa,</span> <span class='ocrx_word' id='word_1_22' title='bbox 829 524 929 563; x_wconf 91' lang='lat' dir='ltr'>quos</span> <span class='ocrx_word' id='word_1_23' title='bbox 945 511 1076 560; x_wconf 89' lang='lat' dir='ltr'>vellet,</span> <span class='ocrx_word' id='word_1_24' title='bbox 1094 511 1253 566; x_wconf 89' lang='lat' dir='ltr'>legeret.</span> <span class='ocrx_word' id='word_1_25' title='bbox 1312 511 1528 552; x_wconf 73' lang='lat' dir='ltr'>Produffis</span> <span class='ocrx_word' id='word_1_26' title='bbox 1541 513 1672 551; x_wconf 88' lang='lat' dir='ltr'>omni-</span> 
     </span>
     <span class='ocr_line' id='line_1_6' title="bbox 387 567 1672 623; baseline -0.001 -14"><span class='ocrx_word' id='word_1_27' title='bbox 387 569 477 618; x_wconf 90' lang='lat' dir='ltr'>bus,</span> <span class='ocrx_word' id='word_1_28' title='bbox 499 568 652 623; x_wconf 86' lang='lat' dir='ltr'>elegiffe</span> <span class='ocrx_word' id='word_1_29' title='bbox 667 567 849 621; x_wconf 85' lang='lat' dir='ltr'><strong>impubes</strong></span> <span class='ocrx_word' id='word_1_30' title='bbox 860 567 1029 608; x_wconf 89' lang='lat' dir='ltr'>dicitur:</span> <span class='ocrx_word' id='word_1_31' title='bbox 1051 569 1158 622; x_wconf 91' lang='lat' dir='ltr'>quod</span> <span class='ocrx_word' id='word_1_32' title='bbox 1178 570 1214 608; x_wconf 74' lang='grc' dir='ltr'>ἃ</span> <span class='ocrx_word' id='word_1_33' title='bbox 1233 568 1448 623; x_wconf 85' lang='lat' dir='ltr'>virginitati</span> <span class='ocrx_word' id='word_1_34' title='bbox 1465 571 1672 617; x_wconf 88' lang='lat' dir='ltr'>decorum,</span> 
     </span>
     <span class='ocr_line' id='line_1_7' title="bbox 388 625 1674 680; baseline -0.002 -13"><span class='ocrx_word' id='word_1_35' title='bbox 388 630 432 668; x_wconf 85' lang='lat'>&amp;</span> <span class='ocrx_word' id='word_1_36' title='bbox 446 626 637 666; x_wconf 89' lang='lat' dir='ltr'>consensu</span> <span class='ocrx_word' id='word_1_37' title='bbox 657 625 837 665; x_wconf 88' lang='lat' dir='ltr'>obfidum</span> <span class='ocrx_word' id='word_1_38' title='bbox 859 625 1032 679; x_wconf 90' lang='lat' dir='ltr'>ipsorum</span> <span class='ocrx_word' id='word_1_39' title='bbox 1050 625 1250 680; x_wconf 91' lang='lat' dir='ltr'>probabile</span> <span class='ocrx_word' id='word_1_40' title='bbox 1272 628 1334 680; x_wconf 81' lang='lat'>(5)</span> <span class='ocrx_word' id='word_1_41' title='bbox 1355 636 1451 676; x_wconf 88' lang='lat' dir='ltr'>erat,</span> <span class='ocrx_word' id='word_1_42' title='bbox 1472 640 1559 666; x_wconf 85' lang='lat' dir='ltr'>eam</span> <span class='ocrx_word' id='word_1_43' title='bbox 1581 636 1674 666; x_wconf 54' lang='lat' dir='ltr'>:etan</span> 
     </span>
     <span class='ocr_line' id='line_1_8' title="bbox 389 681 1671 738; baseline 0 -15"><span class='ocrx_word' id='word_1_44' title='bbox 389 693 470 723; x_wconf 86' lang='lat' dir='ltr'>tem</span> <span class='ocrx_word' id='word_1_45' title='bbox 492 681 736 737; x_wconf 70' lang='lat' dir='ltr'>potissimum</span> <span class='ocrx_word' id='word_1_46' title='bbox 752 682 908 722; x_wconf 86' lang='lat' dir='ltr'>liberari</span> <span class='ocrx_word' id='word_1_47' title='bbox 929 683 977 722; x_wconf 91' lang='lat' dir='ltr'>ab</span> <span class='ocrx_word' id='word_1_48' title='bbox 991 682 1120 733; x_wconf 92' lang='lat' dir='ltr'>hoste,</span> <span class='ocrx_word' id='word_1_49' title='bbox 1152 697 1241 736; x_wconf 80' lang='lat' dir='ltr'>quae</span> <span class='ocrx_word' id='word_1_50' title='bbox 1262 681 1434 722; x_wconf 68' lang='lat' dir='ltr'>maxime</span> <span class='ocrx_word' id='word_1_51' title='bbox 1446 694 1671 738; x_wconf 78' lang='lat' dir='ltr'>opportuna</span> 
     </span>
     <span class='ocr_line' id='line_1_9' title="bbox 388 740 1674 795; baseline 0 -15"><span class='ocrx_word' id='word_1_52' title='bbox 388 742 546 795; x_wconf 78' lang='lat' dir='ltr'>injuriae</span> <span class='ocrx_word' id='word_1_53' title='bbox 571 742 674 780; x_wconf 84' lang='lat' dir='ltr'>effet.</span> <span class='ocrx_word' id='word_1_54' title='bbox 735 740 838 780; x_wconf 87' lang='lat' dir='ltr'>Pace</span> <span class='ocrx_word' id='word_1_55' title='bbox 869 740 1149 795; x_wconf 63' lang='lat' dir='ltr'>redintegrata,</span> <span class='ocrx_word' id='word_1_56' title='bbox 1180 740 1358 780; x_wconf 85' lang='lat' dir='ltr'>Romani</span> <span class='ocrx_word' id='word_1_57' title='bbox 1379 747 1522 780; x_wconf 83' lang='lat' dir='ltr'>novam</span> <span class='ocrx_word' id='word_1_58' title='bbox 1547 741 1588 780; x_wconf 92' lang='lat' dir='ltr'>in</span> <span class='ocrx_word' id='word_1_59' title='bbox 1615 740 1674 780; x_wconf 89' lang='lat' dir='ltr'>fe-</span> 
     </span>
     <span class='ocr_line' id='line_1_10' title="bbox 388 796 1674 851; baseline 0.001 -15"><span class='ocrx_word' id='word_1_60' title='bbox 388 799 497 838; x_wconf 67' lang='lat' dir='ltr'>mina</span> <span class='ocrx_word' id='word_1_61' title='bbox 517 798 705 838; x_wconf 87' lang='lat' dir='ltr'>virtutem</span> <span class='ocrx_word' id='word_1_62' title='bbox 722 812 826 837; x_wconf 88' lang='lat' dir='ltr'>novo</span> <span class='ocrx_word' id='word_1_63' title='bbox 846 811 989 851; x_wconf 84' lang='lat' dir='ltr'><strong>genere</strong></span> <span class='ocrx_word' id='word_1_64' title='bbox 1002 797 1165 836; x_wconf 90' lang='lat' dir='ltr'>honoris</span> <span class='ocrx_word' id='word_1_65' title='bbox 1187 796 1313 848; x_wconf 69' lang='lat' dir='ltr'>statua</span> <span class='ocrx_word' id='word_1_66' title='bbox 1332 797 1519 850; x_wconf 89' lang='lat' dir='ltr'>equestri,</span> <span class='ocrx_word' id='word_1_67' title='bbox 1550 799 1674 838; x_wconf 83' lang='lat' dir='ltr'>dona-</span> 
     </span>
     <span class='ocr_line' id='line_1_11' title="bbox 387 853 1643 908; baseline -0.001 -13"><span class='ocrx_word' id='word_1_68' title='bbox 387 869 491 895; x_wconf 85' lang='lat' dir='ltr'>vere.</span> <span class='ocrx_word' id='word_1_69' title='bbox 525 856 566 895; x_wconf 91' lang='lat' dir='ltr'>in</span> <span class='ocrx_word' id='word_1_70' title='bbox 583 855 736 895; x_wconf 69' lang='lat' dir='ltr'>summa</span> <span class='ocrx_word' id='word_1_71' title='bbox 753 854 873 894; x_wconf 60' lang='lat' dir='ltr'>Sacra</span> <span class='ocrx_word' id='word_1_72' title='bbox 892 854 953 893; x_wconf 67' lang='lat' dir='ltr'>via</span> <span class='ocrx_word' id='word_1_73' title='bbox 975 853 1052 893; x_wconf 86' lang='lat' dir='ltr'>fuit</span> <span class='ocrx_word' id='word_1_74' title='bbox 1068 854 1189 907; x_wconf 83' lang='lat' dir='ltr'>posita</span> <span class='ocrx_word' id='word_1_75' title='bbox 1202 854 1314 908; x_wconf 87' lang='lat' dir='ltr'>virgo</span> <span class='ocrx_word' id='word_1_76' title='bbox 1335 854 1505 894; x_wconf 77' lang='lat' dir='ltr'>insidens</span> <span class='ocrx_word' id='word_1_77' title='bbox 1526 869 1643 907; x_wconf 89' lang='lat' dir='ltr'>equo.</span> 
     </span>
     <span class='ocr_line' id='line_1_12' title="bbox 444 910 1672 966; baseline 0 -14"><span class='ocrx_word' id='word_1_78' title='bbox 444 913 560 952; x_wconf 87' lang='lat' dir='ltr'><strong>XIV.</strong></span> <span class='ocrx_word' id='word_1_79' title='bbox 594 913 704 952; x_wconf 89' lang='lat' dir='ltr'>Huic</span> <span class='ocrx_word' id='word_1_80' title='bbox 737 921 819 951; x_wconf 87' lang='lat' dir='ltr'>tam</span> <span class='ocrx_word' id='word_1_81' title='bbox 851 920 1002 965; x_wconf 83' lang='lat' dir='ltr'>pacatae</span> <span class='ocrx_word' id='word_1_82' title='bbox 1045 910 1288 964; x_wconf 55' lang='lat' dir='ltr'>profectioni</span> <span class='ocrx_word' id='word_1_83' title='bbox 1331 910 1379 950; x_wconf 90' lang='lat' dir='ltr'>ab</span> <span class='ocrx_word' id='word_1_84' title='bbox 1421 910 1517 951; x_wconf 92' lang='lat' dir='ltr'>urbe</span> <span class='ocrx_word' id='word_1_85' title='bbox 1568 913 1672 966; x_wconf 85' lang='lat' dir='ltr'>regis</span> 
     </span>
     <span class='ocr_line' id='line_1_13' title="bbox 387 968 1674 1022; baseline -0.001 -12"><span class='ocrx_word' id='word_1_86' title='bbox 387 970 543 1011; x_wconf 81' lang='lat' dir='ltr'><strong>Etrusci</strong></span> <span class='ocrx_word' id='word_1_87' title='bbox 572 969 788 1010; x_wconf 82' lang='lat' dir='ltr'>abhorrens</span> <span class='ocrx_word' id='word_1_88' title='bbox 828 983 932 1018; x_wconf 85' lang='lat' dir='ltr'>mos,</span> <span class='ocrx_word' id='word_1_89' title='bbox 969 968 1137 1009; x_wconf 84' lang='lat' dir='ltr'>traditus</span> <span class='ocrx_word' id='word_1_90' title='bbox 1170 968 1218 1007; x_wconf 85' lang='lat' dir='ltr'>ab</span> <span class='ocrx_word' id='word_1_91' title='bbox 1249 968 1437 1020; x_wconf 82' lang='lat' dir='ltr'>antiquis,</span> <span class='ocrx_word' id='word_1_92' title='bbox 1469 968 1592 1022; x_wconf 90' lang='lat' dir='ltr'>usque</span> <span class='ocrx_word' id='word_1_93' title='bbox 1624 971 1674 1009; x_wconf 88' lang='lat' dir='ltr'>ad</span> 
     </span>
     <span class='ocr_line' id='line_1_14' title="bbox 387 1025 1674 1080; baseline -0.001 -13"><span class='ocrx_word' id='word_1_94' title='bbox 387 1027 563 1067; x_wconf 88' lang='lat' dir='ltr'>nostram</span> <span class='ocrx_word' id='word_1_95' title='bbox 594 1035 752 1066; x_wconf 75' lang='lat' dir='ltr'>aetatem</span> <span class='ocrx_word' id='word_1_96' title='bbox 784 1026 887 1065; x_wconf 90' lang='lat' dir='ltr'>inter</span> <span class='ocrx_word' id='word_1_97' title='bbox 917 1035 1046 1065; x_wconf 85' lang='lat' dir='ltr'>cetera</span> <span class='ocrx_word' id='word_1_98' title='bbox 1083 1025 1272 1065; x_wconf 86' lang='lat' dir='ltr'>sollennia</span> <span class='ocrx_word' id='word_1_99' title='bbox 1302 1031 1437 1065; x_wconf 85' lang='lat' dir='ltr'>manet</span> <span class='ocrx_word' id='word_1_100' title='bbox 1462 1028 1524 1080; x_wconf 86' lang='lat'>(1)</span> <span class='ocrx_word' id='word_1_101' title='bbox 1558 1025 1674 1066; x_wconf 87' lang='lat' dir='ltr'>bonis</span> 
     </span>
     <span class='ocr_line' id='line_1_15' title="bbox 387 1082 1674 1138; baseline -0.001 -15"><span class='ocrx_word' id='word_1_102' title='bbox 387 1084 619 1132; x_wconf 70' lang='lat' dir='ltr'>vendendis,</span> <span class='ocrx_word' id='word_1_103' title='bbox 636 1084 740 1123; x_wconf 82' lang='lat' dir='ltr'>bona</span> <span class='ocrx_word' id='word_1_104' title='bbox 775 1083 959 1122; x_wconf 80' lang='lat' dir='ltr'>Porsenae</span> <span class='ocrx_word' id='word_1_105' title='bbox 985 1082 1088 1137; x_wconf 89' lang='lat' dir='ltr'>regis</span> <span class='ocrx_word' id='word_1_106' title='bbox 1119 1083 1330 1123; x_wconf 87' lang='lat' dir='ltr'>vendendi.</span> <span class='ocrx_word' id='word_1_107' title='bbox 1392 1082 1520 1137; x_wconf 88' lang='lat' dir='ltr'>Cujus</span> <span class='ocrx_word' id='word_1_108' title='bbox 1555 1084 1674 1138; x_wconf 84' lang='lat' dir='ltr'>origi-</span> 
     </span>
     <span class='ocr_line' id='line_1_16' title="bbox 386 1132 1674 1206; baseline 0 -26"><span class='ocrx_word' id='word_1_109' title='bbox 386 1156 481 1185; x_wconf 81' lang='lat' dir='ltr'>nem</span> <span class='ocrx_word' id='word_1_110' title='bbox 499 1141 638 1191; x_wconf 85' lang='lat' dir='ltr'>moris,</span> <span class='ocrx_word' id='word_1_111' title='bbox 660 1141 809 1180; x_wconf 84' lang='lat' dir='ltr'>neceffe</span> <span class='ocrx_word' id='word_1_112' title='bbox 822 1132 896 1190; x_wconf 81' lang='lat' dir='ltr'>est,</span> <span class='ocrx_word' id='word_1_113' title='bbox 910 1149 978 1179; x_wconf 88' lang='lat' dir='ltr'>aut</span> <span class='ocrx_word' id='word_1_114' title='bbox 994 1140 1097 1179; x_wconf 88' lang='lat' dir='ltr'>inter</span> <span class='ocrx_word' id='word_1_115' title='bbox 1112 1139 1262 1180; x_wconf 90' lang='lat' dir='ltr'>bellum</span> <span class='ocrx_word' id='word_1_116' title='bbox 1280 1150 1415 1180; x_wconf 85' lang='lat' dir='ltr'>natam</span> <span class='ocrx_word' id='word_1_117' title='bbox 1421 1141 1520 1206; x_wconf 76' lang='lat' dir='ltr'>esse,</span> <span class='ocrx_word' id='word_1_118' title='bbox 1542 1155 1674 1194; x_wconf 86' lang='lat' dir='ltr'>neque</span> 
     </span>
     <span class='ocr_line' id='line_1_17' title="bbox 384 1198 1675 1251; baseline -0.001 -13"><span class='ocrx_word' id='word_1_119' title='bbox 384 1198 590 1238; x_wconf 68' lang='lat' dir='ltr'>omissam</span> <span class='ocrx_word' id='word_1_120' title='bbox 582 1212 622 1236; x_wconf 91' lang='grc' dir='ltr'>ιιι</span> <span class='ocrx_word' id='word_1_121' title='bbox 645 1212 765 1251; x_wconf 81' lang='lat' dir='ltr'>pace·</span> <span class='ocrx_word' id='word_1_122' title='bbox 756 1227 767 1246; x_wconf 89' lang='lat'>‚</span> <span class='ocrx_word' id='word_1_123' title='bbox 801 1207 869 1236; x_wconf 90' lang='lat' dir='ltr'>aut</span> <span class='ocrx_word' id='word_1_124' title='bbox 890 1213 911 1236; x_wconf 92' lang='lat' dir='ltr'>a</span> <span class='ocrx_word' id='word_1_125' title='bbox 933 1198 1090 1237; x_wconf 88' lang='lat' dir='ltr'>mitiore</span> <span class='ocrx_word' id='word_1_126' title='bbox 1112 1198 1269 1237; x_wconf 79' lang='lat' dir='ltr'>crevisse</span> <span class='ocrx_word' id='word_1_127' title='bbox 1305 1198 1519 1251; x_wconf 88' lang='lat' dir='ltr'>principio,</span> <span class='ocrx_word' id='word_1_128' title='bbox 1553 1212 1675 1251; x_wconf 83' lang='lat' dir='ltr'>quam</span> 
     </span>
     <span class='ocr_line' id='line_1_18' title="bbox 387 1254 1675 1309; baseline 0 -15"><span class='ocrx_word' id='word_1_129' title='bbox 387 1259 449 1309; x_wconf 87' lang='lat'>(2)</span> <span class='ocrx_word' id='word_1_130' title='bbox 470 1255 534 1294; x_wconf 91' lang='lat' dir='ltr'>hic</span> <span class='ocrx_word' id='word_1_131' title='bbox 549 1270 631 1308; x_wconf 85' lang='lat' dir='ltr'>prae</span> <span class='ocrx_word' id='word_1_132' title='bbox 644 1255 680 1294; x_wconf 89' lang='lat' dir='ltr'>se</span> <span class='ocrx_word' id='word_1_133' title='bbox 698 1255 800 1294; x_wconf 83' lang='lat' dir='ltr'>ferat</span> <span class='ocrx_word' id='word_1_134' title='bbox 816 1255 956 1294; x_wconf 84' lang='lat' dir='ltr'>titulus</span> <span class='ocrx_word' id='word_1_135' title='bbox 972 1254 1077 1294; x_wconf 91' lang='lat' dir='ltr'>bona</span> <span class='ocrx_word' id='word_1_136' title='bbox 1089 1255 1283 1301; x_wconf 82' lang='lat' dir='ltr'>hostiliter</span> <span class='ocrx_word' id='word_1_137' title='bbox 1295 1255 1506 1295; x_wconf 88' lang='lat' dir='ltr'>vendendi.</span> <span class='ocrx_word' id='word_1_138' title='bbox 1550 1257 1675 1296; x_wconf 86' lang='lat' dir='ltr'>Prox-</span> 
     </span>
     <span class='ocr_line' id='line_1_19' title="bbox 386 1310 1673 1365; baseline 0 -14"><span class='ocrx_word' id='word_1_139' title='bbox 386 1313 515 1351; x_wconf 88' lang='lat' dir='ltr'>imum</span> <span class='ocrx_word' id='word_1_140' title='bbox 529 1326 623 1351; x_wconf 88' lang='lat' dir='ltr'>vero</span> <span class='ocrx_word' id='word_1_141' title='bbox 644 1313 700 1352; x_wconf 88' lang='lat' dir='ltr'>est</span> <span class='ocrx_word' id='word_1_142' title='bbox 717 1312 826 1352; x_wconf 81' lang='lat' dir='ltr'>exiis</span> <span class='ocrx_word' id='word_1_143' title='bbox 842 1326 931 1364; x_wconf 78' lang='lat' dir='ltr'>quae</span> <span class='ocrx_word' id='word_1_144' title='bbox 952 1313 1180 1362; x_wconf 85' lang='lat' dir='ltr'>traduntur,</span> <span class='ocrx_word' id='word_1_145' title='bbox 1209 1310 1441 1365; x_wconf 71' lang='lat' dir='ltr'>porsenam,</span> <span class='ocrx_word' id='word_1_146' title='bbox 1472 1312 1673 1352; x_wconf 87' lang='lat' dir='ltr'>disceden-</span> 
     </span>
    </p>
   </div>
   <div class='ocr_carea' id='block_1_4' title="bbox 343 1369 1675 1423">
    <p class='ocr_par' dir='ltr' id='par_1_4' title="bbox 343 1369 1675 1423">
     <span class='ocr_line' id='line_1_20' title="bbox 343 1369 1675 1423; baseline 0.001 -15"><span class='ocrx_word' id='word_1_147' title='bbox 343 1380 469 1408; x_wconf 56' lang='lat' dir='ltr'>“tem</span> <span class='ocrx_word' id='word_1_148' title='bbox 490 1369 538 1408; x_wconf 84' lang='lat' dir='ltr'>ab</span> <span class='ocrx_word' id='word_1_149' title='bbox 559 1369 759 1420; x_wconf 87' lang='lat' dir='ltr'>Janiculo‚</span> <span class='ocrx_word' id='word_1_150' title='bbox 777 1369 900 1408; x_wconf 86' lang='lat' dir='ltr'>castra</span> <span class='ocrx_word' id='word_1_151' title='bbox 917 1370 1121 1422; x_wconf 87' lang='lat' dir='ltr'>opulenta,</span> <span class='ocrx_word' id='word_1_152' title='bbox 1138 1370 1333 1410; x_wconf 71' lang='grc' dir='ltr'>εοιινεᾶο</span> <span class='ocrx_word' id='word_1_153' title='bbox 1358 1384 1406 1409; x_wconf 85' lang='lat' dir='ltr'>ex</span> <span class='ocrx_word' id='word_1_154' title='bbox 1439 1369 1675 1423; x_wconf 77' lang='lat' dir='ltr'>propinquis</span> 
     </span>
    </p>
   </div>
   <div class='ocr_carea' id='block_1_5' title="bbox 387 1425 1696 1775">
    <p class='ocr_par' dir='ltr' id='par_1_5' title="bbox 387 1425 1696 1753">
     <span class='ocr_line' id='line_1_21' title="bbox 387 1425 1672 1476; baseline 0.001 -11"><span class='ocrx_word' id='word_1_155' title='bbox 387 1441 432 1466; x_wconf 86' lang='lat' dir='ltr'>ac</span> <span class='ocrx_word' id='word_1_156' title='bbox 474 1425 671 1465; x_wconf 74' lang='lat' dir='ltr'>fertilibus</span> <span class='ocrx_word' id='word_1_157' title='bbox 712 1425 883 1464; x_wconf 76' lang='lat' dir='ltr'>Etruriae</span> <span class='ocrx_word' id='word_1_158' title='bbox 911 1426 1027 1465; x_wconf 64' lang='lat' dir='ltr'>arvis&#39;</span> <span class='ocrx_word' id='word_1_159' title='bbox 1048 1436 1295 1476; x_wconf 88' lang='lat' dir='ltr'>commeatu,</span> <span class='ocrx_word' id='word_1_160' title='bbox 1330 1427 1527 1466; x_wconf 90' lang='lat' dir='ltr'>Romanis</span> <span class='ocrx_word' id='word_1_161' title='bbox 1565 1427 1672 1466; x_wconf 88' lang='lat' dir='ltr'>dono</span> 
     </span>
     <span class='ocr_line' id='line_1_22' title="bbox 387 1481 1676 1537; baseline 0 -14"><span class='ocrx_word' id='word_1_162' title='bbox 387 1483 547 1533; x_wconf 82' lang='lat' dir='ltr'>dediffe,</span> <span class='ocrx_word' id='word_1_163' title='bbox 563 1483 673 1536; x_wconf 89' lang='lat' dir='ltr'>inopi</span> <span class='ocrx_word' id='word_1_164' title='bbox 688 1492 776 1521; x_wconf 86' lang='lat' dir='ltr'>tum</span> <span class='ocrx_word' id='word_1_165' title='bbox 793 1482 891 1521; x_wconf 90' lang='lat' dir='ltr'>urbe</span> <span class='ocrx_word' id='word_1_166' title='bbox 913 1482 961 1522; x_wconf 86' lang='lat' dir='ltr'>ab</span> <span class='ocrx_word' id='word_1_167' title='bbox 982 1481 1202 1537; x_wconf 59' lang='lat' dir='ltr'>longinqua</span> <span class='ocrx_word' id='word_1_168' title='bbox 1222 1483 1435 1533; x_wconf 75' lang='lat' dir='ltr'>obsidione.</span> <span class='ocrx_word' id='word_1_169' title='bbox 1451 1498 1496 1523; x_wconf 90' lang='lat' dir='ltr'>ea</span> <span class='ocrx_word' id='word_1_170' title='bbox 1518 1483 1676 1532; x_wconf 86' lang='lat' dir='ltr'>deinde,</span> 
     </span>
     <span class='ocr_line' id='line_1_23' title="bbox 387 1540 1677 1595; baseline 0 -15"><span class='ocrx_word' id='word_1_171' title='bbox 387 1555 438 1580; x_wconf 85' lang='lat' dir='ltr'>ne</span> <span class='ocrx_word' id='word_1_172' title='bbox 456 1541 606 1594; x_wconf 90' lang='lat' dir='ltr'>populo</span> <span class='ocrx_word' id='word_1_173' title='bbox 628 1540 797 1579; x_wconf 82' lang='lat' dir='ltr'>immisso</span> <span class='ocrx_word' id='word_1_174' title='bbox 811 1540 1079 1594; x_wconf 86' lang='lat' dir='ltr'>diriperentur</span> <span class='ocrx_word' id='word_1_175' title='bbox 1093 1540 1303 1592; x_wconf 86' lang='lat' dir='ltr'>hostiliter,</span> <span class='ocrx_word' id='word_1_176' title='bbox 1319 1542 1478 1590; x_wconf 83' lang='lat' dir='ltr'>veniffe,</span> <span class='ocrx_word' id='word_1_177' title='bbox 1491 1541 1677 1595; x_wconf 88' lang='lat' dir='ltr'>bonaque</span> 
     </span>
     <span class='ocr_line' id='line_1_24' title="bbox 388 1597 1678 1653; baseline 0 -15"><span class='ocrx_word' id='word_1_178' title='bbox 388 1597 571 1639; x_wconf 72' lang='lat' dir='ltr'>Porsen‘e</span> <span class='ocrx_word' id='word_1_179' title='bbox 608 1598 817 1651; x_wconf 86' lang='lat' dir='ltr'>appellata,</span> <span class='ocrx_word' id='word_1_180' title='bbox 853 1597 1021 1651; x_wconf 84' lang='lat' dir='ltr'>gratiam</span> <span class='ocrx_word' id='word_1_181' title='bbox 1052 1598 1229 1638; x_wconf 83' lang='lat' dir='ltr'>muneris</span> <span class='ocrx_word' id='word_1_182' title='bbox 1270 1599 1397 1653; x_wconf 84' lang='lat' dir='ltr'>magis</span> <span class='ocrx_word' id='word_1_183' title='bbox 1433 1597 1678 1653; x_wconf 76' lang='lat' dir='ltr'>significante</span> 
     </span>
     <span class='ocr_line' id='line_1_25' title="bbox 388 1653 1696 1730; baseline 0.002 -36"><span class='ocrx_word' id='word_1_184' title='bbox 388 1655 519 1703; x_wconf 75' lang='lat' dir='ltr'>titulo,</span> <span class='ocrx_word' id='word_1_185' title='bbox 533 1669 656 1708; x_wconf 86' lang='lat' dir='ltr'>quam</span> <span class='ocrx_word' id='word_1_186' title='bbox 671 1654 902 1710; x_wconf 60' lang='lat' dir='ltr'>auctionem</span> <span class='ocrx_word' id='word_1_187' title='bbox 916 1653 1089 1695; x_wconf 83' lang='lat' dir='ltr'>fortunae</span> <span class='ocrx_word' id='word_1_188' title='bbox 1108 1655 1242 1710; x_wconf 87' lang='lat' dir='ltr'>regiae,</span> <span class='ocrx_word' id='word_1_189' title='bbox 1258 1670 1350 1730; x_wconf 79' lang='lat' dir='ltr'>quae</span> <span class='ocrx_word' id='word_1_190' title='bbox 1371 1670 1422 1695; x_wconf 89' lang='lat' dir='ltr'>ne</span> <span class='ocrx_word' id='word_1_191' title='bbox 1439 1656 1480 1695; x_wconf 88' lang='lat' dir='ltr'>in</span> <span class='ocrx_word' id='word_1_192' title='bbox 1513 1658 1576 1709; x_wconf 84' lang='lat'>(3)</span> <span class='ocrx_word' id='word_1_193' title='bbox 1605 1670 1677 1708; x_wconf 94' lang='lat' dir='ltr'>po-</span> <span class='ocrx_word' id='word_1_194' title='bbox 1694 1696 1696 1699; x_wconf 86' lang='grc'><em>,</em></span> 
     </span>
     <span class='ocr_line' id='line_1_26' title="bbox 1495 1713 1678 1775; baseline 0 -23"><span class='ocrx_word' id='word_1_195' title='bbox 1495 1713 1678 1775; x_wconf 80' lang='lat' dir='ltr'>testatem</span> 
     </span>
    </p>
   </div>
   <div class='ocr_carea' id='block_1_6' title="bbox 386 1826 1678 2224">
    <p class='ocr_par' dir='ltr' id='par_1_6' title="bbox 386 1826 1678 2224">
     <span class='ocr_line' id='line_1_27' title="bbox 387 1826 1674 1870; baseline 0.002 -12"><span class='ocrx_word' id='word_1_196' title='bbox 387 1830 419 1857; x_wconf 69' lang='grc' dir='ltr'>δι</span> <span class='ocrx_word' id='word_1_197' title='bbox 437 1827 560 1858; x_wconf 78' lang='lat' dir='ltr'>codices</span> <span class='ocrx_word' id='word_1_198' title='bbox 577 1826 788 1859; x_wconf 86' lang='lat' dir='ltr'>consentiunt.</span> <span class='ocrx_word' id='word_1_199' title='bbox 822 1829 957 1870; x_wconf 81' lang='lat' dir='ltr'>Exprimi</span> <span class='ocrx_word' id='word_1_200' title='bbox 968 1827 1086 1859; x_wconf 87' lang='lat' dir='ltr'>dicitur</span> <span class='ocrx_word' id='word_1_201' title='bbox 1101 1827 1135 1859; x_wconf 89' lang='lat' dir='ltr'>id</span> <span class='ocrx_word' id='word_1_202' title='bbox 1146 1829 1235 1870; x_wconf 91' lang='lat' dir='ltr'>quod</span> <span class='ocrx_word' id='word_1_203' title='bbox 1251 1828 1294 1865; x_wconf 79' lang='lat' dir='ltr'>vi,</span> <span class='ocrx_word' id='word_1_204' title='bbox 1310 1829 1501 1868; x_wconf 73' lang='lat' dir='ltr'>necestitate,</span> <span class='ocrx_word' id='word_1_205' title='bbox 1513 1836 1569 1860; x_wconf 85' lang='lat' dir='ltr'>aut</span> <span class='ocrx_word' id='word_1_206' title='bbox 1585 1835 1674 1861; x_wconf 89' lang='lat' dir='ltr'>metu</span> 
     </span>
     <span class='ocr_line' id='line_1_28' title="bbox 388 1867 1677 1912; baseline 0.001 -9"><span class='ocrx_word' id='word_1_207' title='bbox 388 1880 611 1912; x_wconf 77' lang='lat' dir='ltr'>extorquetur.</span> <span class='ocrx_word' id='word_1_208' title='bbox 658 1872 707 1903; x_wconf 89' lang='lat' dir='ltr'>Sic</span> <span class='ocrx_word' id='word_1_209' title='bbox 722 1871 837 1902; x_wconf 83' lang='lat' dir='ltr'>infral.</span> <span class='ocrx_word' id='word_1_210' title='bbox 855 1883 882 1911; x_wconf 85' lang='lat'>3.</span> <span class='ocrx_word' id='word_1_211' title='bbox 899 1884 924 1903; x_wconf 90' lang='lat' dir='ltr'>c.</span> <span class='ocrx_word' id='word_1_212' title='bbox 942 1867 992 1904; x_wconf 78' lang='lat'>28</span> <span class='ocrx_word' id='word_1_213' title='bbox 1017 1873 1036 1902; x_wconf 87' lang='lat' dir='ltr'>l.</span> <span class='ocrx_word' id='word_1_214' title='bbox 1053 1883 1081 1910; x_wconf 87' lang='lat'>4.</span> <span class='ocrx_word' id='word_1_215' title='bbox 1097 1883 1122 1903; x_wconf 88' lang='lat' dir='ltr'>c.</span> <span class='ocrx_word' id='word_1_216' title='bbox 1139 1882 1191 1911; x_wconf 89' lang='grc'>55.</span> <span class='ocrx_word' id='word_1_217' title='bbox 1217 1873 1237 1904; x_wconf 93' lang='lat' dir='ltr'>l.</span> <span class='ocrx_word' id='word_1_218' title='bbox 1254 1883 1304 1910; x_wconf 88' lang='lat'>42.</span> <span class='ocrx_word' id='word_1_219' title='bbox 1321 1884 1346 1904; x_wconf 89' lang='lat' dir='ltr'>c.</span> <span class='ocrx_word' id='word_1_220' title='bbox 1358 1873 1408 1907; x_wconf 78' lang='lat'>46.</span> <span class='ocrx_word' id='word_1_221' title='bbox 1424 1875 1454 1903; x_wconf 86' lang='lat'>&amp;</span> <span class='ocrx_word' id='word_1_222' title='bbox 1471 1883 1523 1911; x_wconf 85' lang='lat'>47.</span> <span class='ocrx_word' id='word_1_223' title='bbox 1547 1870 1677 1904; x_wconf 77' lang='lat' dir='ltr'>Plenius</span> 
     </span>
     <span class='ocr_line' id='line_1_29' title="bbox 388 1915 1677 1959; baseline 0.002 -13"><span class='ocrx_word' id='word_1_224' title='bbox 388 1916 484 1947; x_wconf 73' lang='lat' dir='ltr'>etiam</span> <span class='ocrx_word' id='word_1_225' title='bbox 499 1915 533 1947; x_wconf 94' lang='grc'>(1·</span> <span class='ocrx_word' id='word_1_226' title='bbox 536 1916 619 1947; x_wconf 84' lang='lat' dir='ltr'>citur</span> <span class='ocrx_word' id='word_1_227' title='bbox 635 1927 684 1947; x_wconf 89' lang='lat' dir='ltr'>res</span> <span class='ocrx_word' id='word_1_228' title='bbox 700 1919 743 1953; x_wconf 69' lang='grc' dir='ltr'>τί,</span> <span class='ocrx_word' id='word_1_229' title='bbox 757 1918 910 1959; x_wconf 70' lang='lat' dir='ltr'>necfftate‚</span> <span class='ocrx_word' id='word_1_230' title='bbox 924 1925 971 1947; x_wconf 80' lang='lat' dir='ltr'>aut</span> <span class='ocrx_word' id='word_1_231' title='bbox 985 1925 1056 1947; x_wconf 84' lang='lat' dir='ltr'>metu</span> <span class='ocrx_word' id='word_1_232' title='bbox 1071 1921 1200 1959; x_wconf 82' lang='lat' dir='ltr'>exprimi.</span> <span class='ocrx_word' id='word_1_233' title='bbox 1245 1918 1294 1949; x_wconf 92' lang='lat' dir='ltr'>Sic</span> <span class='ocrx_word' id='word_1_234' title='bbox 1311 1917 1395 1948; x_wconf 61' lang='lat' dir='ltr'>infra</span> <span class='ocrx_word' id='word_1_235' title='bbox 1411 1917 1430 1948; x_wconf 89' lang='lat' dir='ltr'>l.</span> <span class='ocrx_word' id='word_1_236' title='bbox 1449 1927 1476 1956; x_wconf 83' lang='lat'><strong>3</strong></span> <span class='ocrx_word' id='word_1_237' title='bbox 1494 1929 1518 1948; x_wconf 90' lang='lat' dir='ltr'>c.</span> <span class='ocrx_word' id='word_1_238' title='bbox 1536 1927 1586 1957; x_wconf 86' lang='lat'>30.</span> <span class='ocrx_word' id='word_1_239' title='bbox 1610 1917 1628 1947; x_wconf 87' lang='lat' dir='ltr'>l.</span> <span class='ocrx_word' id='word_1_240' title='bbox 1647 1918 1677 1949; x_wconf 84' lang='lat'>8.</span> 
     </span>
     <span class='ocr_line' id='line_1_30' title="bbox 389 1961 1676 2003; baseline 0.002 -13"><span class='ocrx_word' id='word_1_241' title='bbox 389 1971 443 1991; x_wconf 82' lang='lat' dir='ltr'>c.</span> <span class='ocrx_word' id='word_1_242' title='bbox 430 1980 455 1991; x_wconf 57' lang='grc' dir='ltr'>ι..</span> <span class='ocrx_word' id='word_1_243' title='bbox 500 1962 576 1991; x_wconf 87' lang='lat' dir='ltr'>Tac.</span> <span class='ocrx_word' id='word_1_244' title='bbox 592 1963 679 1991; x_wconf 88' lang='lat' dir='ltr'>Ann.</span> <span class='ocrx_word' id='word_1_245' title='bbox 698 1971 726 1990; x_wconf 89' lang='lat'>1.</span> <span class='ocrx_word' id='word_1_246' title='bbox 744 1970 793 2001; x_wconf 90' lang='lat'>19.</span> <span class='ocrx_word' id='word_1_247' title='bbox 838 1961 941 1992; x_wconf 88' lang='lat' dir='ltr'>Suet.&#39;</span> <span class='ocrx_word' id='word_1_248' title='bbox 933 1972 967 1992; x_wconf 85' lang='grc' dir='ltr'>ιιι</span> <span class='ocrx_word' id='word_1_249' title='bbox 978 1964 1063 2003; x_wconf 81' lang='lat' dir='ltr'>Aug.</span> <span class='ocrx_word' id='word_1_250' title='bbox 1079 1973 1106 1992; x_wconf 92' lang='lat' dir='ltr'>c.</span> <span class='ocrx_word' id='word_1_251' title='bbox 1124 1971 1176 2000; x_wconf 85' lang='grc'>57.</span> <span class='ocrx_word' id='word_1_252' title='bbox 1220 1963 1295 1992; x_wconf 82' lang='lat' dir='ltr'>Ter.</span> <span class='ocrx_word' id='word_1_253' title='bbox 1311 1964 1391 1992; x_wconf 86' lang='lat' dir='ltr'>Eun.</span> <span class='ocrx_word' id='word_1_254' title='bbox 1411 1973 1437 1992; x_wconf 93' lang='lat'>1.</span> <span class='ocrx_word' id='word_1_255' title='bbox 1456 1972 1482 1993; x_wconf 90' lang='lat'>1.</span> <span class='ocrx_word' id='word_1_256' title='bbox 1500 1972 1550 2001; x_wconf 81' lang='lat'>23.</span> <span class='ocrx_word' id='word_1_257' title='bbox 1596 1961 1676 1992; x_wconf 87' lang='lat' dir='ltr'>Plin.</span> 
     </span>
     <span class='ocr_line' id='line_1_31' title="bbox 388 2005 1677 2048; baseline 0.001 -12"><span class='ocrx_word' id='word_1_258' title='bbox 388 2007 503 2046; x_wconf 81' lang='lat' dir='ltr'>Paneg.</span> <span class='ocrx_word' id='word_1_259' title='bbox 520 2016 544 2036; x_wconf 84' lang='lat' dir='ltr'>c.</span> <span class='ocrx_word' id='word_1_260' title='bbox 563 2015 590 2035; x_wconf 85' lang='lat'>2.</span> <span class='ocrx_word' id='word_1_261' title='bbox 636 2006 681 2036; x_wconf 73' lang='lat' dir='ltr'>At</span> <span class='ocrx_word' id='word_1_262' title='bbox 692 2005 815 2036; x_wconf 90' lang='lat' dir='ltr'>locutio</span> <span class='ocrx_word' id='word_1_263' title='bbox 827 2005 909 2042; x_wconf 84' lang='lat' dir='ltr'>haec,</span> <span class='ocrx_word' id='word_1_264' title='bbox 930 2007 1053 2048; x_wconf 77' lang='lat' dir='ltr'>expreffiz</span> <span class='ocrx_word' id='word_1_265' title='bbox 1069 2008 1212 2048; x_wconf 59' lang='lat' dir='ltr'>uastitas,</span> <span class='ocrx_word' id='word_1_266' title='bbox 1234 2006 1358 2036; x_wconf 78' lang='lat' dir='ltr'>mihi&amp;</span> <span class='ocrx_word' id='word_1_267' title='bbox 1376 2006 1501 2037; x_wconf 85' lang='lat' dir='ltr'>insolita</span> <span class='ocrx_word' id='word_1_268' title='bbox 1518 2008 1549 2036; x_wconf 87' lang='lat'>&amp;</span> <span class='ocrx_word' id='word_1_269' title='bbox 1561 2012 1677 2047; x_wconf 83' lang='lat' dir='ltr'>parum</span> 
     </span>
     <span class='ocr_line' id='line_1_32' title="bbox 387 2049 1678 2112; baseline 0.002 -33"><span class='ocrx_word' id='word_1_270' title='bbox 387 2050 504 2080; x_wconf 85' lang='lat' dir='ltr'>Latina</span> <span class='ocrx_word' id='word_1_271' title='bbox 515 2049 653 2080; x_wconf 79' lang='lat' dir='ltr'>videtur.</span> <span class='ocrx_word' id='word_1_272' title='bbox 700 2049 788 2091; x_wconf 86' lang='lat' dir='ltr'>Qid</span> <span class='ocrx_word' id='word_1_273' title='bbox 805 2050 826 2080; x_wconf 87' lang='lat' dir='ltr'>fi</span> <span class='ocrx_word' id='word_1_274' title='bbox 842 2050 992 2091; x_wconf 79' lang='lat' dir='ltr'>legamus,</span> <span class='ocrx_word' id='word_1_275' title='bbox 1005 2052 1198 2112; x_wconf 60' lang='grc' dir='ltr'>ε.κ·ρν;βῑῑ9ιι1ι».</span> <span class='ocrx_word' id='word_1_276' title='bbox 1195 2052 1210 2072; x_wconf 72' lang='lat'><em>9</em></span> <span class='ocrx_word' id='word_1_277' title='bbox 1221 2052 1308 2082; x_wconf 88' lang='lat' dir='ltr'>Tum</span> <span class='ocrx_word' id='word_1_278' title='bbox 1321 2051 1514 2082; x_wconf 72' lang='lat' dir='ltr'>construfflo</span> <span class='ocrx_word' id='word_1_279' title='bbox 1536 2062 1570 2082; x_wconf 84' lang='lat' dir='ltr'>er</span> <span class='ocrx_word' id='word_1_280' title='bbox 1572 2050 1608 2086; x_wconf 85' lang='lat' dir='ltr'>it,</span> <span class='ocrx_word' id='word_1_281' title='bbox 1631 2061 1678 2081; x_wconf 80' lang='lat' dir='ltr'>ne-</span> 
     </span>
     <span class='ocr_line' id='line_1_33' title="bbox 386 2095 1678 2138; baseline 0.001 -15"><span class='ocrx_word' id='word_1_282' title='bbox 386 2096 534 2135; x_wconf 60' lang='lat' dir='ltr'>cffitqsque</span> <span class='ocrx_word' id='word_1_283' title='bbox 548 2095 642 2136; x_wconf 62' lang='lat' dir='ltr'>otyides</span> <span class='ocrx_word' id='word_1_284' title='bbox 657 2097 750 2130; x_wconf 60' lang='lat' dir='ltr'>datust,</span> <span class='ocrx_word' id='word_1_285' title='bbox 759 2095 793 2136; x_wconf 82' lang='lat' dir='ltr'><em>ſs</em></span> <span class='ocrx_word' id='word_1_286' title='bbox 808 2096 915 2136; x_wconf 70' lang='lat' dir='ltr'>Janicu</span> <span class='ocrx_word' id='word_1_287' title='bbox 909 2097 942 2124; x_wconf 76' lang='lat' dir='ltr'>‘lo</span> <span class='ocrx_word' id='word_1_288' title='bbox 951 2097 1071 2138; x_wconf 37' lang='lat' dir='ltr'>pra-’fidit</span> <span class='ocrx_word' id='word_1_289' title='bbox 1064 2108 1107 2125; x_wconf 84' lang='lat' dir='ltr'>mn</span> <span class='ocrx_word' id='word_1_290' title='bbox 1119 2098 1170 2125; x_wconf 67' lang='lat' dir='ltr'>ded</span> <span class='ocrx_word' id='word_1_291' title='bbox 1150 2099 1208 2126; x_wconf 66' lang='lat' dir='ltr'>nuci</span> <span class='ocrx_word' id='word_1_292' title='bbox 1230 2097 1340 2131; x_wconf 73' lang='lat' dir='ltr'>vellent,</span> <span class='ocrx_word' id='word_1_293' title='bbox 1364 2096 1490 2138; x_wconf 77' lang='lat' dir='ltr'>exprcffit</span> <span class='ocrx_word' id='word_1_294' title='bbox 1506 2106 1559 2126; x_wconf 80' lang='lat' dir='ltr'>eos</span> <span class='ocrx_word' id='word_1_295' title='bbox 1575 2097 1678 2125; x_wconf 83' lang='lat' dir='ltr'><em>Roma-</em></span> 
     </span>
     <span class='ocr_line' id='line_1_34' title="bbox 386 2137 1676 2182; baseline 0.003 -15"><span class='ocrx_word' id='word_1_296' title='bbox 386 2143 437 2168; x_wconf 65' lang='lat' dir='ltr'>nis.</span> <span class='ocrx_word' id='word_1_297' title='bbox 461 2140 495 2168; x_wconf 90' lang='lat' dir='ltr'>E.</span> <span class='ocrx_word' id='word_1_298' title='bbox 540 2140 594 2178; x_wconf 72' lang='lat'>(4)</span> <span class='ocrx_word' id='word_1_299' title='bbox 618 2137 766 2169; x_wconf 60' lang='lat' dir='ltr'>Dimidia.</span> <span class='ocrx_word' id='word_1_300' title='bbox 813 2138 918 2169; x_wconf 87' lang='lat' dir='ltr'>Simile</span> <span class='ocrx_word' id='word_1_301' title='bbox 935 2140 1116 2180; x_wconf 85' lang='lat' dir='ltr'>exemplum</span> <span class='ocrx_word' id='word_1_302' title='bbox 1132 2139 1195 2171; x_wconf 85' lang='lat' dir='ltr'>vid.</span> <span class='ocrx_word' id='word_1_303' title='bbox 1212 2140 1327 2170; x_wconf 76' lang='lat' dir='ltr'>infral.</span> <span class='ocrx_word' id='word_1_304' title='bbox 1346 2140 1373 2171; x_wconf 91' lang='lat'>8.</span> <span class='ocrx_word' id='word_1_305' title='bbox 1390 2151 1415 2171; x_wconf 87' lang='lat' dir='ltr'>c.</span> <span class='ocrx_word' id='word_1_306' title='bbox 1426 2151 1454 2178; x_wconf 83' lang='lat'>4.</span> <span class='ocrx_word' id='word_1_307' title='bbox 1500 2140 1554 2182; x_wconf 88' lang='grc'>(5)</span> <span class='ocrx_word' id='word_1_308' title='bbox 1578 2140 1676 2182; x_wconf 84' lang='lat' dir='ltr'>Qlod</span> 
     </span>
     <span class='ocr_line' id='line_1_35' title="bbox 387 2182 1110 2224; baseline 0.001 -11"><span class='ocrx_word' id='word_1_309' title='bbox 387 2183 443 2223; x_wconf 78' lang='lat' dir='ltr'>ipn</span> <span class='ocrx_word' id='word_1_310' title='bbox 458 2182 579 2213; x_wconf 66' lang='lat' dir='ltr'>obfides</span> <span class='ocrx_word' id='word_1_311' title='bbox 594 2193 658 2213; x_wconf 86' lang='lat' dir='ltr'>non</span> <span class='ocrx_word' id='word_1_312' title='bbox 670 2191 820 2224; x_wconf 84' lang='lat' dir='ltr'>poterant</span> <span class='ocrx_word' id='word_1_313' title='bbox 834 2183 912 2223; x_wconf 83' lang='lat' dir='ltr'>quin</span> <span class='ocrx_word' id='word_1_314' title='bbox 926 2184 1110 2224; x_wconf 77' lang='lat' dir='ltr'>probarent.</span> 
     </span>
    </p>
   </div>
   <div class='ocr_carea' id='block_1_7' title="bbox 386 2263 1701 2793">
    <p class='ocr_par' dir='ltr' id='par_1_7' title="bbox 386 2263 1701 2749">
     <span class='ocr_line' id='line_1_36' title="bbox 433 2263 1675 2304; baseline 0.002 -12"><span class='ocrx_word' id='word_1_315' title='bbox 433 2264 467 2293; x_wconf 91' lang='lat' dir='ltr'>C.</span> <span class='ocrx_word' id='word_1_316' title='bbox 487 2273 534 2299; x_wconf 83' lang='lat'>14.</span> <span class='ocrx_word' id='word_1_317' title='bbox 550 2264 605 2303; x_wconf 89' lang='grc' dir='ltr'>(ι)</span> <span class='ocrx_word' id='word_1_318' title='bbox 629 2264 745 2293; x_wconf 69' lang='grc' dir='ltr'>ἈἸειιιει</span> <span class='ocrx_word' id='word_1_319' title='bbox 763 2263 846 2294; x_wconf 89' lang='lat' dir='ltr'>inter</span> <span class='ocrx_word' id='word_1_320' title='bbox 864 2270 969 2294; x_wconf 87' lang='lat' dir='ltr'>cetera</span> <span class='ocrx_word' id='word_1_321' title='bbox 985 2263 1140 2293; x_wconf 76' lang='lat' dir='ltr'>sollennia</span> <span class='ocrx_word' id='word_1_322' title='bbox 1161 2274 1232 2304; x_wconf 81' lang='lat' dir='ltr'>quae</span> <span class='ocrx_word' id='word_1_323' title='bbox 1258 2265 1454 2304; x_wconf 84' lang='lat' dir='ltr'>usurpantur</span> <span class='ocrx_word' id='word_1_324' title='bbox 1471 2263 1504 2294; x_wconf 92' lang='lat' dir='ltr'>in</span> <span class='ocrx_word' id='word_1_325' title='bbox 1528 2263 1675 2295; x_wconf 65' lang='lat' dir='ltr'>sectioni«</span> 
     </span>
     <span class='ocr_line' id='line_1_37' title="bbox 387 2307 1676 2349; baseline 0.002 -13"><span class='ocrx_word' id='word_1_326' title='bbox 387 2309 457 2342; x_wconf 72' lang='lat' dir='ltr'>bus,</span> <span class='ocrx_word' id='word_1_327' title='bbox 471 2318 571 2347; x_wconf 89' lang='lat' dir='ltr'>quum</span> <span class='ocrx_word' id='word_1_328' title='bbox 583 2308 799 2338; x_wconf 82' lang='lat' dir='ltr'>venderentur</span> <span class='ocrx_word' id='word_1_329' title='bbox 812 2308 897 2337; x_wconf 84' lang='lat' dir='ltr'>bona</span> <span class='ocrx_word' id='word_1_330' title='bbox 910 2318 978 2347; x_wconf 80' lang='lat' dir='ltr'>quae</span> <span class='ocrx_word' id='word_1_331' title='bbox 991 2307 1088 2338; x_wconf 68' lang='lat' dir='ltr'>ess&#39;ent</span> <span class='ocrx_word' id='word_1_332' title='bbox 1098 2309 1203 2348; x_wconf 75' lang='lat' dir='ltr'>publici</span> <span class='ocrx_word' id='word_1_333' title='bbox 1217 2307 1306 2349; x_wconf 82' lang='lat' dir='ltr'>juris,</span> <span class='ocrx_word' id='word_1_334' title='bbox 1318 2316 1354 2338; x_wconf 88' lang='lat' dir='ltr'>ut</span> <span class='ocrx_word' id='word_1_335' title='bbox 1367 2309 1460 2338; x_wconf 85' lang='lat' dir='ltr'>docet</span> <span class='ocrx_word' id='word_1_336' title='bbox 1474 2308 1676 2339; x_wconf 83' lang='lat' dir='ltr'>Plutarchus.</span> 
     </span>
     <span class='ocr_line' id='line_1_38' title="bbox 386 2351 1675 2393; baseline 0.001 -11"><span class='ocrx_word' id='word_1_337' title='bbox 386 2352 442 2391; x_wconf 80' lang='lat'>(2)</span> <span class='ocrx_word' id='word_1_338' title='bbox 457 2354 527 2382; x_wconf 86' lang='lat' dir='ltr'>Aut</span> <span class='ocrx_word' id='word_1_339' title='bbox 548 2359 652 2382; x_wconf 84' lang='lat' dir='ltr'>ortam</span> <span class='ocrx_word' id='word_1_340' title='bbox 665 2351 724 2382; x_wconf 74' lang='lat' dir='ltr'>ess&#39;e</span> <span class='ocrx_word' id='word_1_341' title='bbox 741 2363 759 2382; x_wconf 76' lang='lat' dir='ltr'>a</span> <span class='ocrx_word' id='word_1_342' title='bbox 775 2352 902 2382; x_wconf 83' lang='lat' dir='ltr'>mitiore</span> <span class='ocrx_word' id='word_1_343' title='bbox 920 2351 1080 2392; x_wconf 86' lang='lat' dir='ltr'>principio</span> <span class='ocrx_word' id='word_1_344' title='bbox 1097 2356 1195 2391; x_wconf 58' lang='lat' dir='ltr'>quam</span> <span class='ocrx_word' id='word_1_345' title='bbox 1211 2363 1278 2393; x_wconf 77' lang='lat' dir='ltr'>prae</span> <span class='ocrx_word' id='word_1_346' title='bbox 1303 2352 1332 2383; x_wconf 88' lang='lat' dir='ltr'>se</span> <span class='ocrx_word' id='word_1_347' title='bbox 1349 2354 1456 2383; x_wconf 86' lang='lat' dir='ltr'>ferunt</span> <span class='ocrx_word' id='word_1_348' title='bbox 1485 2353 1552 2384; x_wconf 81' lang='lat' dir='ltr'>haec</span> <span class='ocrx_word' id='word_1_349' title='bbox 1575 2353 1675 2384; x_wconf 78' lang='lat' dir='ltr'>verba</span> 
     </span>
     <span class='ocr_line' id='line_1_39' title="bbox 386 2395 1672 2438; baseline 0.002 -13"><span class='ocrx_word' id='word_1_350' title='bbox 386 2395 550 2433; x_wconf 72' lang='lat' dir='ltr'>sollennia,</span> <span class='ocrx_word' id='word_1_351' title='bbox 564 2406 602 2426; x_wconf 84' lang='lat' dir='ltr'>ex</span> <span class='ocrx_word' id='word_1_352' title='bbox 619 2395 734 2436; x_wconf 81' lang='lat' dir='ltr'>quibus</span> <span class='ocrx_word' id='word_1_353' title='bbox 751 2397 836 2427; x_wconf 87' lang='lat' dir='ltr'>bona</span> <span class='ocrx_word' id='word_1_354' title='bbox 853 2397 874 2427; x_wconf 55' lang='grc' dir='ltr'>Υ.</span> <span class='ocrx_word' id='word_1_355' title='bbox 885 2395 1008 2427; x_wconf 83' lang='lat' dir='ltr'>)stiliter</span> <span class='ocrx_word' id='word_1_356' title='bbox 1023 2397 1120 2427; x_wconf 87' lang='lat' dir='ltr'>vendi</span> <span class='ocrx_word' id='word_1_357' title='bbox 1143 2396 1304 2427; x_wconf 85' lang='lat' dir='ltr'>videntur.</span> <span class='ocrx_word' id='word_1_358' title='bbox 1344 2396 1466 2438; x_wconf 76' lang='lat' dir='ltr'>[Titulus</span> <span class='ocrx_word' id='word_1_359' title='bbox 1483 2397 1526 2429; x_wconf 90' lang='lat' dir='ltr'>est</span> <span class='ocrx_word' id='word_1_360' title='bbox 1548 2397 1672 2428; x_wconf 75' lang='lat' dir='ltr'>formu-³</span> 
     </span>
     <span class='ocr_line' id='line_1_40' title="bbox 386 2439 1672 2483; baseline 0.002 -14"><span class='ocrx_word' id='word_1_361' title='bbox 386 2439 417 2470; x_wconf 56' lang='lat' dir='ltr'>la</span> <span class='ocrx_word' id='word_1_362' title='bbox 429 2440 604 2471; x_wconf 76' lang='lat' dir='ltr'>verborum</span> <span class='ocrx_word' id='word_1_363' title='bbox 620 2441 661 2471; x_wconf 82' lang='lat' dir='ltr'>ad</span> <span class='ocrx_word' id='word_1_364' title='bbox 677 2440 801 2481; x_wconf 82' lang='lat' dir='ltr'>aliquid</span> <span class='ocrx_word' id='word_1_365' title='bbox 813 2440 1029 2471; x_wconf 75' lang='lat' dir='ltr'>indicandum.</span> <span class='ocrx_word' id='word_1_366' title='bbox 1075 2441 1123 2471; x_wconf 86' lang='lat' dir='ltr'>Sic</span> <span class='ocrx_word' id='word_1_367' title='bbox 1144 2443 1217 2471; x_wconf 81' lang='lat' dir='ltr'>tituli</span> <span class='ocrx_word' id='word_1_368' title='bbox 1238 2440 1423 2482; x_wconf 80' lang='lat' dir='ltr'>imaginum,</span> <span class='ocrx_word' id='word_1_369' title='bbox 1439 2442 1672 2483; x_wconf 88' lang='lat' dir='ltr'>sepulcrorum,</span> 
     </span>
     <span class='ocr_line' id='line_1_41' title="bbox 387 2484 1674 2526; baseline 0.002 -12"><span class='ocrx_word' id='word_1_370' title='bbox 387 2484 545 2514; x_wconf 64' lang='lat' dir='ltr'>librorum</span> <span class='ocrx_word' id='word_1_371' title='bbox 563 2485 622 2515; x_wconf 66' lang='lat' dir='ltr'>Sec.</span> <span class='ocrx_word' id='word_1_372' title='bbox 669 2484 754 2515; x_wconf 85' lang='lat' dir='ltr'>Hinc</span> <span class='ocrx_word' id='word_1_373' title='bbox 772 2484 956 2525; x_wconf 68' lang='lat' dir='ltr'>simpliciter</span> <span class='ocrx_word' id='word_1_374' title='bbox 977 2484 1111 2516; x_wconf 86' lang='lat' dir='ltr'>sumitur</span> <span class='ocrx_word' id='word_1_375' title='bbox 1134 2496 1194 2526; x_wconf 90' lang='lat' dir='ltr'>pro</span> <span class='ocrx_word' id='word_1_376' title='bbox 1216 2489 1353 2522; x_wconf 42' lang='lat' dir='ltr'>indiciam,</span> <span class='ocrx_word' id='word_1_377' title='bbox 1376 2493 1411 2516; x_wconf 88' lang='lat' dir='ltr'>ut</span> <span class='ocrx_word' id='word_1_378' title='bbox 1434 2489 1533 2517; x_wconf 73' lang='lat' dir='ltr'>ciconia</span> <span class='ocrx_word' id='word_1_379' title='bbox 1562 2486 1674 2517; x_wconf 82' lang='lat' dir='ltr'>titulus</span> 
     </span>
     <span class='ocr_line' id='line_1_42' title="bbox 387 2530 1676 2572; baseline 0.002 -15"><span class='ocrx_word' id='word_1_380' title='bbox 387 2532 470 2570; x_wconf 51' lang='lat' dir='ltr'>apiaii</span> <span class='ocrx_word' id='word_1_381' title='bbox 485 2532 621 2569; x_wconf 76' lang='lat' dir='ltr'>temporis.</span> <span class='ocrx_word' id='word_1_382' title='bbox 638 2530 767 2559; x_wconf 77' lang='lat' dir='ltr'>Petron.</span> <span class='ocrx_word' id='word_1_383' title='bbox 824 2531 864 2560; x_wconf 80' lang='lat' dir='ltr'>Et</span> <span class='ocrx_word' id='word_1_384' title='bbox 896 2532 999 2559; x_wconf 79' lang='lat' dir='ltr'>titulum</span> <span class='ocrx_word' id='word_1_385' title='bbox 1017 2533 1184 2570; x_wconf 58' lang='lat' dir='ltr'>prm-’ledere</span> <span class='ocrx_word' id='word_1_386' title='bbox 1206 2533 1258 2567; x_wconf 77' lang='lat' dir='ltr'>rei,</span> <span class='ocrx_word' id='word_1_387' title='bbox 1280 2530 1365 2561; x_wconf 80' lang='lat' dir='ltr'>idem</span> <span class='ocrx_word' id='word_1_388' title='bbox 1388 2530 1431 2561; x_wconf 82' lang='lat' dir='ltr'>est</span> <span class='ocrx_word' id='word_1_389' title='bbox 1453 2542 1489 2561; x_wconf 86' lang='lat' dir='ltr'>ac</span> <span class='ocrx_word' id='word_1_390' title='bbox 1509 2539 1676 2572; x_wconf 62' lang='lat' dir='ltr'>praetexere,</span> 
     </span>
     <span class='ocr_line' id='line_1_43' title="bbox 389 2571 1701 2615; baseline 0.002 -12"><span class='ocrx_word' id='word_1_391' title='bbox 389 2573 476 2612; x_wconf 77' lang='lat' dir='ltr'>quafi</span> <span class='ocrx_word' id='word_1_392' title='bbox 493 2573 563 2612; x_wconf 75' lang='lat' dir='ltr'>quis</span> <span class='ocrx_word' id='word_1_393' title='bbox 580 2571 647 2604; x_wconf 66' lang='lat' dir='ltr'>rem</span> <span class='ocrx_word' id='word_1_394' title='bbox 659 2573 867 2614; x_wconf 87' lang='lat' dir='ltr'>inscriptione</span> <span class='ocrx_word' id='word_1_395' title='bbox 880 2573 956 2604; x_wconf 68' lang='lat' dir='ltr'>falsa</span> <span class='ocrx_word' id='word_1_396' title='bbox 972 2573 1124 2615; x_wconf 80' lang='lat' dir='ltr'>signaret:</span> <span class='ocrx_word' id='word_1_397' title='bbox 1152 2581 1187 2604; x_wconf 85' lang='lat' dir='ltr'>ut</span> <span class='ocrx_word' id='word_1_398' title='bbox 1211 2575 1297 2615; x_wconf 77' lang='lat' dir='ltr'>apud</span> <span class='ocrx_word' id='word_1_399' title='bbox 1321 2575 1464 2605; x_wconf 87' lang='lat' dir='ltr'>nostrum</span> <span class='ocrx_word' id='word_1_400' title='bbox 1484 2575 1504 2605; x_wconf 90' lang='lat' dir='ltr'>l.</span> <span class='ocrx_word' id='word_1_401' title='bbox 1518 2585 1604 2613; x_wconf 88' lang='lat' dir='ltr'>37.c.</span> <span class='ocrx_word' id='word_1_402' title='bbox 1620 2584 1673 2612; x_wconf 86' lang='grc'>54.</span> <span class='ocrx_word' id='word_1_403' title='bbox 1695 2608 1701 2614; x_wconf 56' lang='grc'><strong><em>,</em></strong></span> 
     </span>
     <span class='ocr_line' id='line_1_44' title="bbox 390 2616 1674 2660; baseline 0 -12"><span class='ocrx_word' id='word_1_404' title='bbox 390 2617 452 2648; x_wconf 80' lang='lat' dir='ltr'>Hic</span> <span class='ocrx_word' id='word_1_405' title='bbox 470 2616 568 2657; x_wconf 77' lang='lat' dir='ltr'>igitur</span> <span class='ocrx_word' id='word_1_406' title='bbox 587 2620 680 2647; x_wconf 70' lang='lat' dir='ltr'>titulus</span> <span class='ocrx_word' id='word_1_407' title='bbox 696 2619 763 2648; x_wconf 76' lang='lat' dir='ltr'>bona</span> <span class='ocrx_word' id='word_1_408' title='bbox 778 2619 907 2660; x_wconf 64' lang='lat' dir='ltr'>hqstiliter</span> <span class='ocrx_word' id='word_1_409' title='bbox 922 2621 1061 2656; x_wconf 72' lang='lat' dir='ltr'>vendendi,</span> <span class='ocrx_word' id='word_1_410' title='bbox 1076 2619 1118 2649; x_wconf 86' lang='lat' dir='ltr'>est</span> <span class='ocrx_word' id='word_1_411' title='bbox 1130 2617 1270 2649; x_wconf 80' lang='lat' dir='ltr'>formula</span> <span class='ocrx_word' id='word_1_412' title='bbox 1286 2620 1462 2650; x_wconf 81' lang='lat' dir='ltr'>verborum</span> <span class='ocrx_word' id='word_1_413' title='bbox 1486 2619 1549 2659; x_wconf 65' lang='lat' dir='ltr'>qual</span> <span class='ocrx_word' id='word_1_414' title='bbox 1571 2622 1674 2649; x_wconf 82' lang='lat' dir='ltr'>indica-</span> 
     </span>
     <span class='ocr_line' id='line_1_45' title="bbox 388 2661 1674 2698; baseline 0.001 -7"><span class='ocrx_word' id='word_1_415' title='bbox 388 2670 445 2696; x_wconf 47' lang='lat' dir='ltr'>tyr,</span> <span class='ocrx_word' id='word_1_416' title='bbox 462 2669 517 2691; x_wconf 77' lang='lat' dir='ltr'>aut</span> <span class='ocrx_word' id='word_1_417' title='bbox 533 2665 649 2692; x_wconf 71' lang='lat' dir='ltr'>indicari</span> <span class='ocrx_word' id='word_1_418' title='bbox 671 2661 812 2698; x_wconf 86' lang='lat' dir='ltr'>videtur,</span> <span class='ocrx_word' id='word_1_419' title='bbox 832 2662 918 2692; x_wconf 83' lang='lat' dir='ltr'>bona</span> <span class='ocrx_word' id='word_1_420' title='bbox 941 2662 1093 2693; x_wconf 82' lang='lat' dir='ltr'>hostiliter</span> <span class='ocrx_word' id='word_1_421' title='bbox 1117 2663 1221 2695; x_wconf 81' lang='lat' dir='ltr'>vendi.</span> <span class='ocrx_word' id='word_1_422' title='bbox 1269 2665 1302 2693; x_wconf 92' lang='lat' dir='ltr'>In</span> <span class='ocrx_word' id='word_1_423' title='bbox 1327 2662 1519 2694; x_wconf 78' lang='lat' dir='ltr'>editionibus</span> <span class='ocrx_word' id='word_1_424' title='bbox 1545 2663 1674 2694; x_wconf 74' lang='lat' dir='ltr'>Crevie-</span> 
     </span>
     <span class='ocr_line' id='line_1_46' title="bbox 389 2706 1673 2749; baseline 0 -13"><span class='ocrx_word' id='word_1_425' title='bbox 389 2706 484 2737; x_wconf 62' lang='lat' dir='ltr'>riunis</span> <span class='ocrx_word' id='word_1_426' title='bbox 511 2706 592 2737; x_wconf 71' lang='lat' dir='ltr'>male</span> <span class='ocrx_word' id='word_1_427' title='bbox 607 2706 847 2748; x_wconf 76' lang='lat' dir='ltr'>interpungitur</span> <span class='ocrx_word' id='word_1_428' title='bbox 864 2706 932 2749; x_wconf 77' lang='lat' dir='ltr'>post</span> <span class='ocrx_word' id='word_1_429' title='bbox 954 2709 1055 2738; x_wconf 52' lang='lat' dir='ltr'>tilnlm.</span> <span class='ocrx_word' id='word_1_430' title='bbox 1079 2708 1126 2748; x_wconf 73' lang='grc' dir='ltr'>Ε]</span> <span class='ocrx_word' id='word_1_431' title='bbox 1172 2708 1226 2749; x_wconf 78' lang='lat'>(3)</span> <span class='ocrx_word' id='word_1_432' title='bbox 1251 2709 1297 2739; x_wconf 77' lang='lat' dir='ltr'>Ita</span> <span class='ocrx_word' id='word_1_433' title='bbox 1321 2709 1403 2749; x_wconf 76' lang='lat' dir='ltr'>saepe</span> <span class='ocrx_word' id='word_1_434' title='bbox 1426 2708 1530 2740; x_wconf 86' lang='lat' dir='ltr'>noster</span> <span class='ocrx_word' id='word_1_435' title='bbox 1554 2707 1673 2747; x_wconf 84' lang='lat' dir='ltr'>aliique</span> 
     </span>
    </p>

    <p class='ocr_par' dir='ltr' id='par_1_8' title="bbox 1504 2751 1673 2793">
     <span class='ocr_line' id='line_1_47' title="bbox 1504 2751 1673 2793; baseline 0 -10"><span class='ocrx_word' id='word_1_436' title='bbox 1504 2751 1673 2793; x_wconf 83' lang='lat' dir='ltr'>scriptores</span> 
     </span>
    </p>
   </div>
   <div class='ocr_carea' id='block_1_8' title="bbox 1853 725 1905 3168">
    <p class='ocr_par' dir='ltr' id='par_1_9' title="bbox 1853 725 1905 3168">
     <span class='ocr_line' id='line_1_48' title="bbox 1853 725 1905 3168; baseline 0 0"><span class='ocrx_word' id='word_1_437' title='bbox 1853 725 1905 3168; x_wconf 95' lang='lat' dir='ltr'> </span> 
     </span>
    </p>
   </div>
  </div>
 </body>
</html>
