1832 3137
364 270 976 315 LIBERLCAP.
1038 270 1214 312 XXVII.
1589 287 1639 322 4¹

150 384 459 439 parem(17)1n
494 382 604 422 omni
640 381 816 435 periculo
851 382 1054 421 animum:
1100 381 1428 433 absolveruntque
1447 387 1607 426 Ahsvlvim
1630 398 1649 415 a

152 442 411 483 admiratione
445 441 569 494 magis
602 438 772 487 virtutis,
804 453 924 491 quam
953 440 1042 493 jure
1078 438 1216 478 causae.
1276 438 1433 490 Itaque,
1450 434 1485 462 P.
1500 433 1536 462 R·

154 510 199 539 ut
220 500 345 540 caedes
367 497 573 537 manifesta
594 497 726 549 aliquo
753 505 888 535 tamen
908 496 1066 549 piaculo
1086 497 1276 543 lueretur,
1307 496 1432 548 impe-

153 567 283 597 ratum
306 556 421 608 patri,
443 564 487 604 ut
504 554 631 593 filium
653 553 830 606 expiaret
848 554 1016 605 pecunia
1039 556 1125 606 (18)
1146 552 1315 605 publica.
1376 553 1433 602 Is,

154 613 388 666 quibusdam
405 610 670 665 piacularibus
693 609 891 650 sacrificiis
908 610 1040 657 factis,
1057 624 1146 663 quae
1167 610 1307 649 deinde
1325 610 1434 663 genti

153 671 334 710 Horatiae
363 670 505 709 tradita
535 668 639 716 sunt,
673 667 890 707 transmiffo
912 682 981 719 per
1008 667 1112 705 viam
1138 666 1279 720 tigillo,
1307 667 1433 719 capite

152 729 358 780 adoperto,
374 728 485 766 velut
498 725 567 765 sub
589 727 841 779 (19)qjugum
855 725 957 763 mifit
974 725 1176 778 juvenem.
1236 724 1282 762 Id
1316 723 1435 762 hodie

153 798 332 837 quoque,
374 781 531 837 publice
568 783 721 835 semper
753 781 967 829 refectum,
1009 790 1155 819 manet.
1227 781 1434 819 Sororium

152 842 325 895 tigillum
346 849 502 880 vocant.
562 840 744 880 Horatiae
760 840 999 892 sepulcrum,
1029 853 1109 891 quo
1130 839 1218 877 loco
1235 848 1437 877 corruerat

152 898 249 946 ieta,
280 898 556 938 constructum
586 897 641 936 est
664 896 754 935 saxo
776 898 983 949 quadrato.

212 955 389 995 XXVII.
421 955 510 994 Nee
531 955 601 994 diu
623 969 698 1007 pax
717 954 873 993 Albana
888 954 1040 992 manfit.
1063 953 1210 992 invidia
1233 954 1293 1006 (1)
1315 952 1440 1005 vulgi,

154 1010 266 1066 quod
294 1012 420 1052 tribus
452 1012 645 1051 militibus
678 1011 840 1050 fortuna
877 1011 1042 1074 publica
1070 1010 1271 1050 commiffa
1303 1009 1440 1059 fuerit,

153 1083 302 1109 vanum
329 1070 534 1124 ingenium
556 1069 762 1108 dictatoris
793 1069 997 1121 corrupit3
1032 1070 1088 1117 &‚
1119 1067 1309 1120 quoniam
1331 1065 1441 1105 recta

152 1127 312 1166 consilia
333 1126 441 1165 haud
472 1127 573 1166 bene
605 1136 831 1174 evenerant,
854 1129 914 1179 (2)
944 1125 1074 1179 pravis
1094 1124 1349 1164 reconciliare
1372 1138 1442 1176 po-

154 1184 354 1237 pularium
376 1185 529 1224 animos
547 1184 683 1237 coepit.
706 1184 848 1238 Igitur,
880 1193 923 1222 ut
959 1181 1070 1235 prius
1102 1182 1141 1220 in
1161 1182 1265 1221 bello
1287 1195 1440 1234 pacem,

153 1242 205 1281 sic
229 1242 269 1280 in
292 1256 387 1294 pace
408 1241 557 1293 bellum
580 1256 777 1294 quaerens,
809 1241 902 1293 quia
933 1241 1010 1279 suae
1047 1239 1194 1279 civitati
1216 1239 1441 1283 animorum

152 1300 244 1352 plus
266 1313 388 1351 quam
408 1300 553 1338 virium
576 1299 761 1338 cernebat
793 1299 885 1349 effe,
919 1299 968 1337 ad
988 1297 1137 1336 bellum
1171 1295 1302 1350 palam
1323 1304 1442 1347 atque

153 1370 202 1395 ex
225 1356 359 1395 ediCto
381 1358 607 1410 gerundum
629 1357 726 1395 alios
747 1356 920 1396 concitat
941 1356 1136 1408 populos:
1169 1354 1247 1392 suis
1269 1367 1338 1406 per
1359 1352 1444 1405 spe-

154 1413 257 1452 ciem
287 1413 481 1452 societatis
514 1417 575 1467 (3)
613 1414 880 1466 proditionem
911 1412 1092 1451 reservat.
1122 1411 1346 1457 Fidenates,
1378 1423 1444 1448 co-

153 1470 261 1508 lonia
297 1473 358 1523 (4)
388 1470 589 1518 Romana,
621 1471 737 1523 Veje
727 1470 861 1508 ntibus
898 1469 1010 1508 sociis
1044 1467 1191 1507 consilii
1228 1467 1444 1518 afiumptis‚

153 1527 275 1580 pacto
292 1527 530 1566 transitionis
548 1526 816 1576 Albanorum,
847 1527 896 1565 ad
908 1526 1058 1564 bellum
1076 1534 1193 1576 atque
1215 1539 1323 1563 arma
1348 1523 1446 1562 inci-
1465 1545 1568 1573 Bellum
1583 1555 1641 1572 cm

155 1593 303 1623 tantur.
327 1585 469 1649 Qum
500 1584 662 1622 Fidenae
697 1581 830 1636 aperte
868 1582 1087 1631 desciffent,
1117 1582 1277 1629 Tullus,
1309 1581 1445 1619 Metto
1465 1589 1642 1619 deatio'm.

154 1642 413 1693 exercituque
435 1642 521 1695 ejus
542 1640 590 1679 ab
614 1640 717 1679 Alba
744 1641 888 1687 accito,
920 1649 1058 1678 contra
1079 1638 1209 1677 hostes
1231 1637 1353 1677 ducit.
1378 1637 1445 1676 ubi

157 1699 359 1737 Anienem
383 1698 545 1745 transiit,
569 1698 617 1736 ad
639 1700 701 1750 (5)
723 1697 970 1736 confluentes
993 1697 1161 1735 collocat
1182 1695 1318 1734 castra.
1380 1695 1446 1733 In-

156 1766 218 1798 ter
234 1769 326 1794 eum
349 1756 482 1794 locum
507 1757 547 1794 δι’
564 1755 748 1802 Fidenas,
779 1754 1015 1808 Vejentium
1048 1753 1244 1792 exercitus
1264 1752 1445 1791 Tiberim

155 1813 371 1851 transierat.
432 1812 489 1850 Hi
524 1815 562 1851 δε
587 1813 648 1865 (6)
669 1812 709 1850 in
742 1811 824 1851 acie
846 1825 968 1864 prope
996 1810 1145 1849 fiumen
1167 1819 1329 1848 tenuere
1351 1810 1446 1848 dex-

156 1880 263 1907 trum
282 1883 432 1908 cornu:
463 1869 504 1907 in
522 1868 672 1907 sinistro
694 1869 904 1909 Fidenates
935 1866 1100 1922 propius
1122 1877 1277 1906 montes
1305 1865 1446 1906 confil-

156 1937 261 1965 tunt.
320 1927 466 1965 lullus
499 1923 684 1965 adversus
720 1926 936 1979 Vejentem
968 1925 1121 1964 hostem
1163 1924 1296 1978 dirigit
1331 1924 1446 1963 suos:
1466 1954 1588 1988 M‘m

158 1983 338 2023 Albanos
369 1991 507 2023 corma
538 1983 736 2036 legionem
759 1983 1010 2021 Fidenatium
1045 1983 1225 2021 collocat.
1241 1979 1243 1981 ’
1288 1981 1446 2020 Albano
1463 2001 1508 2028 (1,(7

157 2054 239 2079 non
275 2041 364 2092 plus
385 2040 507 2079 animi
529 2050 629 2090 erat,
660 2054 782 2092 quam
816 2039 922 2078 fidei.
945 2054 1016 2079 nec
1040 2053 1198 2078 manere
1232 2053 1341 2093 ergo,
1373 2053 1446 2078 nec

158 2098 319 2138 transire
340 2108 473 2152 aperte
492 2097 622 2146 ausus,
641 2097 778 2136 sensim
794 2098 842 2136 ad
859 2106 1015 2136 montes
1038 2099 1098 2150 (7)
1121 2096 1308 2136 succedit.
1333 2097 1447 2141 Inde,

1380 2153 1447 2196 ubi

158 2270 238 2308 fixis,
265 2271 417 2302 videntur
433 2272 540 2313 primo
556 2272 701 2313 suspensa
719 2271 807 2303 suiffe
825 2273 945 2312 reliqua
964 2271 1071 2312 spolia.
1096 2271 1171 2312 (17)
1195 2271 1336 2300 Eandem
1353 2268 1448 2300 animi.

161 2315 391 2346 firmitudinem
408 2316 440 2346 in
455 2317 586 2357 judicio,
597 2328 664 2358 quae
679 2317 711 2346 in
729 2317 835 2358 pugna}
847 2319 962 2347 fuerat.
989 2317 1065 2356 (18)
1083 2315 1220 2346 Pecunia
1234 2315 1359 2355 publice
1373 2325 1448 2354 prm·

159 2360 227 2390 dita
243 2359 276 2389 in
290 2360 464 2400 piacularia
490 2362 583 2392 sacra.
609 2361 685 2403 (19)
703 2361 791 2404 Qid
808 2361 945 2403 fitjagum
960 2360 1022 2391 vid.
1036 2361 1122 2391 infra
1134 2360 1221 2399 l.3.c.
1238 2360 1331 2390 28.ad
1346 2359 1449 2389 finem.

205 2423 240 2453 C.
259 2430 309 2458 27.
332 2422 386 2463 (1)
410 2422 529 2453 Odium
552 2423 663 2463 populi
678 2422 797 2453 Albani
812 2424 922 2453 Nletto
948 2422 1164 2457 succensentis,
1183 2428 1353 2463 propterea
1364 2418 1450 2459 quod

161 2468 336 2496 fortunam·
351 2466 513 2506 publicam
530 2468 632 2497 tribus
648 2467 803 2497 militibus
831 2467 1040 2504 commiserat,
1065 2466 1181 2497 avertit
1199 2478 1216 2496 a
1244 2465 1305 2495 fide
1330 2475 1450 2494 vanum

160 2510 232 2551 ejus
245 2509 279 2550 (i.
292 2521 316 2540 e.
333 2510 402 2543 leve
418 2518 513 2550 atque
530 2512 700 2551 mutabile)
717 2511 887 2552 ingenium.
932 2513 987 2552 (2)
1010 2514 1082 2542 Vox
1090 2519 1212 2553 pravus,
1233 2508 1368 2551 genuina
1386 2509 1449 2549 pri-

161 2554 277 2594 mique
289 2555 355 2595 ejus
372 2554 416 2591 vi,
438 2555 641 2595 opponitur
642 2570 646 2573 ·
649 2562 702 2586 rofi
690 2568 721 2593 03
745 2564 775 2586 et
792 2556 922 2597 proprie
939 2556 1036 2598 signat
1048 2555 1163 2586 vitium
1179 2553 1333 2595 corporis,
1349 2554 1450 2593 quod-

160 2609 223 2638 que
234 2598 267 2628 in
284 2610 320 2629 eo
338 2598 379 2629 est
396 2600 580 2639 perversum
596 2601 647 2631 leu
660 2601 740 2630 male
756 2600 933 2631 distortum,
979 2602 1032 2641 (3)
1056 2601 1093 2630 sc.
1110 2611 1159 2630 cuz
1160 2611 1182 2629 n
1195 2599 1317 2640 populo
1333 2600 1449 2627 Roma-

161 2654 214 2672 no.
238 2645 272 2673 E.
316 2644 372 2682 (4)
396 2643 460 2673 Vid
488 2652 553 2674 not.
571 2654 599 2685 9.
626 2646 666 2674 ad
691 2656 757 2685 cap.
778 2655 816 2681 14
834 2646 937 2686 supra.
983 2647 1036 2686 (5)
1060 2645 1078 2674 i.
1094 2656 1119 2675 e.
1136 2644 1191 2675 ubi
1208 2643 1324 2674 ssuvius
1348 2642 1399 2672 ille
1416 2642 1447 2671 in

160 2687 307 2718 Tiberim
332 2687 446 2718 influit.
492 2688 546 2729 (6)
569 2689 700 2719 Voculae
729 2697 753 2718 et
784 2690 850 2720 hac
867 2690 914 2720 xis
930 2690 991 2727 est3
1014 2689 1163 2720 Veientes
1179 2687 1324 2718 'Iiberim
1341 2685 1449 2716 tranli-

161 2742 197 2762 er
199 2739 264 2766 ant,
291 2731 420 2762 iidenas
437 2743 455 2762 a
472 2732 592 2763 finistro
613 2734 711 2764 latere
728 2734 960 2774 relinquentes3
988 2742 1018 2767 et
1037 2733 1175 2764 slmiliter
1190 2736 1271 2762 etiam
1287 2735 1315 2760 in
1331 2745 1348 2759 a
1340 2734 1386 2759 κίε
1403 2729 1449 2758 in-

162 2775 273 2808 strue-”ti
301 2776 385 2816 sunt,
408 2776 610 2810 Fidenatibus
640 2777 794 2810 sinistrum
812 2789 912 2810 cornu
938 2778 1128 2811 tenentibus.
1160 2780 1194 2809 E.
1239 2777 1293 2819 (7)
1316 2777 1448 2806 Munus

1356 2825 1445 2850 crant
