1905 3168
168 310 244 348 150

160 587 199 614 U.
211 598 234 614 c.
255 592 326 622 277.

159 633 197 659 A.
212 632 245 660 C.
265 639 337 667 475.

157 677 193 704 (J.
212 674 360 710 Horatio,

158 720 195 747 T.
214 720 326 749 Nlene-

157 762 210 793 nio
230 763 311 795 Cofi‘.

154 1241 192 1268 U.
209 1249 234 1268 c.
251 1237 322 1276 278.

153 1286 192 1314 A.
212 1284 245 1312 C.
260 1293 333 1320 474.

150 1326 354 1369 A.Virginio,

152 1374 202 1413 Sp.
219 1373 355 1404 Servilio

152 1416 233 1448 Cossl

153 1746 167 1769 l
170 1744 273 1780 'i‘ltctzles
294 1756 353 1774 >vnn

842 292 893 332 T.
954 292 1208 333 LIVII

382 407 585 458 relkstum,
617 410 678 461 (8)
710 406 871 460 stirpem
893 407 1003 462 genti
1025 406 1172 456 Fabiae,
1203 405 1410 460 dubiisque
1448 404 1565 447 rebus
1599 422 1670 462 po-

380 466 463 518 puli
496 465 674 506 Romani
696 465 796 518 saepe
828 465 937 504 domi
959 465 1132 518 bellique
1153 466 1215 504 vel
1231 466 1453 505 maximum
1485 465 1669 513 futurum

380 523 587 563 auxilium.

435 581 504 619 LI.
524 581 668 638 Qum
681 580 766 621 haec
782 589 944 634 accepta
959 581 1091 621 clades
1107 581 1200 621 effet
1222 584 1298 635 (1),
1311 582 1394 635 jam
1410 581 1457 621 C.
1474 581 1670 621 Horatius

381 642 418 678 &
440 639 491 677 Τ.
510 639 729 678 Menenius
751 638 930 678 consules
952 648 1076 678 erant.
1120 639 1340 678 Menenius
1357 636 1671 678 adversus'Tus-

378 710 446 735 cos
467 695 636 736 vicloria
668 697 792 737 elatos
813 695 1024 735 confestim
1043 696 1190 735 missus.
1250 696 1361 734 Tum
1383 711 1544 750 quoque
1568 695 1670 735 male

379 763 603 807 pugnatum
635 754 706 803 est,
740 757 780 794 &
803 753 1034 806 Janiculum
1051 753 1183 793 h'ostes
1204 766 1476 806 occupavere:
1506 753 1670 793 obseffa-

378 825 456 864 que
479 812 572 852 urbs
590 811 708 861 foret,
740 811 856 865 super
871 811 1023 850 bellum
1052 810 1210 850 annona
1236 820 1460 864 premente,
1493 812 1671 864 (transie-

377 878 466 910 rant
486 870 594 908 enim
616 869 770 909 Etrusci
789 868 990 922 Tiberim)
1005 868 1045 907 ni
1066 868 1263 908 Horatius
1285 867 1422 907 consul
1443 883 1491 908 ex
1515 868 1672 908 Volscis

376 927 469 966 esset
490 937 723 968 revocatus:
754 924 936 979 ade'oque
954 925 994 964 id
1007 925 1158 965 bellum
1181 925 1269 978 ipsis
1291 926 1432 965 institit
1451 925 1672 974 moenibus,

377 995 421 1024 ut
441 984 573 1038 primo
609 993 833 1039 pugnatum
855 986 917 1037 (2)
939 984 988 1023 ad
1009 983 1103 1037 Spei
1132 984 1176 1022 fit
1203 998 1320 1036 aequo
1342 984 1491 1031 Marte,
1524 984 1670 1023 iterum

375 1043 426 1082 ad
447 1052 603 1096 portam
624 1042 838 1082 Collinam.
900 1041 1214 1094 Ibi'quanqua‘m
1237 1042 1297 1095 (3)
1319 1043 1440 1094 parvo
1462 1051 1670 1081 momento

376 1099 553 1153 superior
574 1100 762 1139 Romana
789 1113 851 1139 res
872 1098 964 1147 fuit,
998 1099 1205 1138 meliorem
1227 1107 1361 1138 tamen
1380 1096 1578 1149 ¹militem,
1610 1112 1672 1138 re-

376 1167 492 1211 cepto
514 1157 680 1211 pristino
702 1158 851 1206 animo,
883 1156 925 1195 in
939 1157 1076 1196 futura
1103 1157 1246 1210 proelia
1274 1157 1314 1196 id
1336 1166 1539 1205 certamen
1560 1156 1669 1196 fecit.

377 1215 428 1255 A.
461 1216 671 1270 Virginius
705 1218 745 1256 δι
774 1215 843 1268 Sp.
865 1214 1057 1254 Servilius
1079 1214 1261 1254 consules
1282 1214 1399 1254 fiunt.
1422 1214 1507 1268 post
1531 1228 1671 1268 accep-

374 1282 456 1312 tam
476 1275 535 1327 (4)
552 1274 777 1327 proximam
791 1287 938 1328 pugnae
954 1273 1108 1314 cladem
1127 1273 1319 1327 Vejentes
1334 1272 1557 1312 abstinuere
1572 1272 1668 1311 acie.

374 1331 654 1384 populationes
673 1340 801 1381 erant,
825 1333 865 1372 &
886 1331 996 1370 velut
1017 1333 1079 1384 (ς)
1101 1329 1148 1369 ab
1171 1344 1260 1370 arce
1279 1330 1453 1382 Janiculi
1471 1330 1607 1384 paffim
1629 1330 1671 1368 in

374 1388 611 1427 Romanum
647 1402 788 1443 agrum
825 1388 999 1440 impetus
1021 1387 1181 1427 dabant.
1218 1402 1300 1426 non
1323 1387 1490 1440 usquam
1526 1387 1671 1441 pecora

373 1455 474 1494 tuta,
511 1460 592 1486 non
615 1446 786 1500 agrestes
808 1454 934 1484 erant.
996 1445 1114 1498 Capti
1134 1445 1278 1484 deinde
1300 1445 1439 1484 eadem
1461 1454 1544 1484 arte
1566 1444 1671 1492 sunt,

372 1505 451 1557 qua
484 1514 672 1557 ceperant
706 1503 862 1543 Fabios.
900 1502 1023 1543 secuti
1046 1504 1105 1556 (6)
1127 1502 1260 1542 dedita
1294 1503 1415 1556 opera
1451 1501 1593 1556 passim
1621 1503 1671 1541 ad

373 1561 577 1602 illecebras
608 1561 794 1615 propulsa
815 1561 976 1614 pecora,
1009 1560 1306 1614 praecipitavere
1327 1561 1368 1599 in
1397 1560 1566 1600 infidias.
1589 1574 1671 1613 quo

371 1622 433 1674 (7)
454 1620 588 1673 plures
609 1628 737 1668 erant,
769 1619 898 1673 major
934 1620 1063 1658 caedes
1084 1617 1174 1657 fuit.
1236 1618 1295 1657 Ex
1327 1617 1401 1658 hac
1424 1619 1534 1657 clade
1558 1627 1669 1657 atrox

371 1677 427 1716 ira
449 1677 612 1729 majoris
634 1671 756 1717 cladis
788 1675 903 1715 causa
926 1686 1045 1728 atque
1074 1675 1235 1714 initium
1257 1675 1347 1715 fuit.
1369 1675 1538 1730 trajeclo
1560 1676 1669 1715 enim

370 1735 492 1777 nocie
513 1727 668 1785 Tiberi,
701 1734 824 1776 castra
856 1734 1012 1774 Servilii
1046 1733 1217 1774 consulis
1247 1733 1375 1773 adorti
1396 1733 1486 1773 sunt
1514 1747 1669 1788 oppug-

482 1805 483 1808 ’
1558 1805 1666 1833 nare„

372 1911 456 1941 infra
470 1911 489 1941 1.
502 1921 529 1950 3.
541 1922 566 1942 c.
587 1921 612 1942 1.
659 1912 758 1948 Hunc
775 1921 876 1942 unum
892 1910 978 1952 genti
997 1910 1059 1942 suae
1075 1910 1271 1952 superfuisse,
1294 1911 1465 1953 Dionysius
1477 1920 1535 1940 nec
1554 1919 1669 1940 verum

371 1955 432 2000 ess'e
456 1967 514 1987 nec
530 1955 699 1987 verisimile
723 1955 910 1992 contendit;
933 1955 984 1986 cui
996 1956 1155 1996 equidem,
1181 1956 1288 1996 potius
1305 1959 1403 1996 quain
1420 1953 1602 1991 Perizouio‚
1624 1955 1670 1984 as·

373 2001 499 2032 sentior.
546 2001 623 2032 Inde
636 2001 720 2031 enim
737 2008 845 2032 natam
859 2000 1046 2041 opinionem
1065 2000 1152 2031 credi
1169 1999 1260 2031 facile
1277 2000 1387 2040 potest,
1413 2000 1501 2040 quOd
1518 1999 1568 2030 hic
1585 2010 1669 2030 unus

372 2055 385 2075 e*
401 2049 484 2075 trium
505 2046 902 2087 cmgfidarimnfl¹17trumJIliis
927 2047 1039 2075 Romae
1062 2044 1192 2076 relic‘hls
1209 2044 1317 2081 fuerit,
1339 2046 1369 2075 δὲ
1388 2045 1427 2076 ab
1446 2045 1506 2075 hoc
1524 2055 1589 2079 uno
1605 2044 1669 2084 Qrti

374 2090 429 2130 qui
454 2091 557 2120 multo
575 2089 642 2130 post
667 2090 801 2121 Fabium
818 2100 936 2120 nomen
954 2090 1078 2120 celebre
1095 2091 1206 2120 fecere.
1252 2091 1301 2120 De
1319 2090 1442 2120 ratione
1460 2089 1522 2130 qua
1540 2088 1670 2120 Perizo-

374 2135 445 2165 nius
456 2135 678 2169 difficultatem
692 2135 807 2166 tollere
818 2142 965 2171 conatur,
981 2134 1044 2165 vid.
1057 2142 1124 2165 not.
1143 2144 1170 2166 2.
1186 2135 1226 2164 ad
1244 2145 1415 2175 cap-praec.
1439 2136 1474 2164 E.
1520 2134 1575 2175 (8)
1592 2135 1670 2164 Pro-

376 2187 578 2221 pagaturum,
595 2176 625 2210 δέ
643 2179 822 2210 vetiturum
838 2178 971 2209 interire
981 2188 1108 2220 gentem
1122 2179 1250 2209 Fabiam
1267 2195 1273 2213 ;
1298 2181 1444 2210 futurum
1462 2180 1493 2209 δε
1511 2189 1567 2219 per
1582 2179 1620 2215 se,
1637 2179 1669 2208 ἃς

375 2225 478 2255 inulto
495 2224 593 2265 magis
606 2234 664 2265 per
680 2225 832 2265 poster05‚
847 2224 898 2255 vel
915 2224 1090 2255 maximum
1102 2223 1208 2255 dubiis
1227 2224 1257 2254 ὃς
1274 2223 1457 2254 labantibus
1475 2223 1588 2265 populi
1606 2225 1670 2254 Ro-

376 2269 463 2299 mani
481 2269 575 2300 rebus
593 2269 757 2300 auxilium.

421 2334 457 2362 C.
473 2342 489 2370 5
500 2343 525 2362 1.
551 2333 602 2373 (1)
630 2331 813 2363 Crevierius
825 2339 934 2362 monet
948 2332 1036 2371 quod
1049 2331 1219 2373 legendum
1233 2331 1372 2368 videtur,
1394 2345 1475 2372 quum
1491 2333 1546 2361 haec
1561 2339 1671 2374 accepta

375 2379 461 2407 clades
479 2377 529 2407 est.
575 2379 620 2407 At
646 2377 760 2407 contra}
783 2376 862 2407 mihi
879 2376 1017 2407 videtur.
1062 2376 1148 2407 Livii
1168 2377 1265 2407 verba
1290 2375 1431 2407 inuuunt
1446 2376 1620 2407 Horatium
1639 2378 1670 2407 ὃς

378 2421 570 2452 Menenium
588 2432 654 2452 non
668 2423 741 2452 ant&
766 2421 966 2452 consulatum
983 2420 1094 2458 iniisse,
1117 2425 1215 2461 quam
1232 2421 1335 2452 clades
1349 2422 1415 2451 haec
1438 2429 1569 2462 accepta
1586 2421 1646 2453 fuit
1661 2434 1668 2452 ε

377 2474 408 2496 at
434 2466 456 2496 fi
474 2466 670 2507 reciperetur
692 2466 788 2497 ledbo
805 2477 876 2506 quae
900 2466 1066 2497 Crevierio
1092 2465 1223 2507 placuit,
1247 2465 1315 2496 haee
1332 2466 1487 2497 sententia
1507 2467 1671 2497 evanesce-

378 2519 434 2543 ret.
460 2513 492 2541 E.
538 2512 593 2552 (2)
616 2512 670 2541 Ad
688 2512 786 2542 aedem
803 2510 888 2551 Spei,
909 2509 1007 2542 stadio
1023 2510 1064 2542 ab
1081 2510 1161 2541 urbe
1183 2511 1308 2542 onstavo.
1332 2511 1372 2541 fic
1389 2510 1483 2560 supi-¹22
1500 2511 1518 2541 l.
1539 2522 1565 2542 1.
1582 2523 1606 2542 c.
1620 2522 1670 2549 41.

376 2559 416 2585 ud
424 2558 512 2597 Jow's
525 2557 655 2586 Statoris.
668 2556 700 2586 δί
715 2557 795 2588 Hor.
808 2556 827 2586 l.
843 2565 870 2586 1.
883 2557 944 2586 Sat.
962 2561 990 2596 9.
1006 2566 1036 2586 v.
1055 2565 1104 2595 35.
1120 2563 1228 2586 ventum
1241 2563 1302 2591 erat
1317 2559 1355 2586 ai!
1366 2558 1457 2603 Vrstae.
1491 2557 1543 2597 (3)
1561 2559 1672 2599 Qan—

377 2611 476 2640 quam
496 2600 582 2631 haud
607 2612 723 2643 magno
750 2600 810 2631 δις.
856 2601 909 2643 (4)
934 2600 1006 2632 Vid.
1023 2608 1090 2631 not.
1118 2611 1144 2631 1.
1170 2602 1209 2632 ad
1227 2612 1294 2642 cap.
1321 2600 1419 2642 praej
1464 2601 1518 2640 (5)
1542 2603 1567 2631 E
1584 2602 1670 2643 Jani-

377 2645 451 2677 culo
472 2652 631 2688 'tanquam
648 2657 687 2676 ex
705 2656 785 2676 arce.
831 2645 884 2687 (6)
911 2645 1015 2676 secuti
1032 2656 1148 2687 pecora
1160 2650 1242 2686 quae,
1265 2645 1371 2676 dedita
1389 2646 1496 2686 opera,
1519 2647 1671 2688 propulsa

378 2698 469 2721 erant
481 2690 598 2731 'paffim
609 2692 648 2721 ad
661 2690 837 2727 illecebras,
853 2690 1047 2733 praecipitati
1065 2691 1179 2721 suntin
1197 2690 1331 2721 infidias.
1377 2690 1475 2721 Simili
1493 2692 1589 2721 modo
1600 2702 1672 2722 ver-

378 2736 456 2788 bum'
473 2739 655 2778 praeiijvitarc
671 2736 845 2777 usurpatur
862 2735 946 2767 infra
959 2735 984 2766 ’1.
997 2746 1025 2775 5.
1043 2746 1067 2766 c.
1087 2736 1135 2768 18.
1148 2737 1178 2767 δε
1190 2736 1209 2767 1.
1224 2735 1250 2768 6.
1262 2747 1287 2768 c.
1306 2745 1355 2775 30.
1401 2736 1454 2777 (7)
1479 2737 1553 2780 Qo
1565 2736 1673 2777 plures

1579 2788 1671 2812 erant
