1832 3137
339 262 620 303 LIBER
679 262 713 302 Ι.
774 262 957 306 CAP.
1018 266 1217 310 XXVIII.
1584 286 1639 329 43

137 374 381 429 gratulatur:
417 371 556 411 contr&
590 371 736 412 Tullus
775 373 953 414 Mettum
991 376 1161 433 benigne
1195 381 1426 435 alloquitur.

140 431 259 486 Qffld
275 424 338 485 (1)
357 430 439 472 bene
456 438 594 480 vertat,
624 429 740 486 castra
761 431 921 471 Albanos
941 433 1121 475 Romanis
1135 438 1259 492 castris
1264 442 1426 494 jungere

131 490 249 544 jubet
266 503 276 528 :
305 487 542 527 sacrificium
571 490 631 541 (2)
652 488 810 527 lustrale
844 489 885 528 in
918 491 1024 530 diem
1062 494 1264 547 posterum
1299 508 1422 550 parat.

136 545 223 586 Ubi
244 544 388 593 illuxit,
420 545 564 598 paratis
597 545 799 599 omnibus,
831 557 875 585 ut
891 548 1038 599 assolet,
1068 553 1201 592 vocari
1221 555 1269 593 ad
1290 556 1426 595 concie.

135 616 255 643 onem
273 612 489 654 utrumque
504 603 725 642 exercitum
741 602 869 659 jubet.
930 605 1156 660 Praecones‚
1177 609 1224 649 ab
1246 621 1426 653 extremo

134 660 224 708 orfi,
256 659 404 712 primos
419 660 599 700 excivere
617 660 809 700 Albanos.
827 661 887 712 hi,
909 664 1082 705 novitate
1096 667 1216 706 etiarn
1237 669 1293 707 rei
1311 671 1425 720 moti,

136 728 182 756 ut
197 731 333 771 regem
355 717 589 757 Romanum
605 718 912 758 concionantem
927 722 1123 774 audirent,
1144 725 1315 778 proximi
1332 741 1428 766 con-

135 774 281 813 stitere.
341 775 401 813 Ex
429 776 647 828 compofito
671 786 821 816 armata
856 777 1126 820 circumdatur
1159 782 1344 822 Romana
1366 787 1429 838 (3)

133 832 251 885 legio.
286 832 586 872 centurionibus
617 833 757 874 datum
778 835 986 889 negotium
1013 847 1111 886 erat,
1143 847 1187 878 ut
1208 840 1286 879 fine
1317 841 1431 882 moriz

134 888 302 942 imperia
335 890 657 943 exsequerentur.
717 891 828 932 Tum
860 893 912 931 ita
931 893 1078 935 Tullus
1106 895 1222 937 infit:
1253 898 1429 948 Romani,

119 945 162 1000 fi
179 962 340 1000 unquam
360 946 448 986 ante
466 948 563 987 alius
584 949 653 988 ullo
671 950 710 987 in
729 950 920 1005 bellofitit,
951 950 1050 1005 quod
1060 953 1227 1005 primum
1248 955 1340 995 Diis
1359 958 1429 996 im·
1447 952 1651 993 Suppliciumdc

136 1004 348 1043 mortalibus
361 1007 508 1058 gratias
522 1007 693 1060 ageretis,
724 1007 849 1046 deinde
865 1009 986 1063 vestrae
1006 1011 1157 1064 ipsorum
1179 1014 1334 1064 virtuti,
1355 1014 1428 1068 hest
1445 998 1543 1072 ?Zim
1555 999 1649 1039 fi‘r'ff'·

135 1070 283 1100 ternum
304 1062 345 1101 id
353 1063 626 1119 praeliumfitit.
688 1064 923 1106 Dimicatmn
944 1067 988 1122 est
1008 1069 1101 1107 enim
1123 1084 1189 1108 non
1210 1072 1328 1125 magis
1346 1087 1429 1112 cum

135 1118 300 1173 hostibus,
330 1120 457 1172 quam,
488 1137 563 1174 quae
581 1122 763 1162 dimicatio
776 1125 893 1177 mcy'or
911 1134 1018 1178 atque
1028 1127 1253 1181 periculosior
1272 1128 1330 1184 est,
1347 1145 1429 1169 cum

129 1177 333 1229 proditione
352 1194 395 1217 ac
407 1178 571 1233 perfidia
578 1180 771 1234 sociorum.
834 1182 955 1234 ⁴Nam⁹
987 1198 1030 1221 ne
1055 1199 1118 1222 vos
1122 1185 1228 1240 fclsa
1248 1188 1359 1238 opinio
1378 1196 1431 1227 te-

136 1243 236 1286 neat,
257 1236 388 1290 iujuffit
404 1251 475 1275 meo
490 1236 630 1275 Albam·
636 1238 781 1291 subiere
792 1239 844 1277 ad
861 1248 993 1279 montes
1005 1258 1017 1279 .-
1049 1256 1111 1281 nec
1129 1243 1320 1295 imperium
1340 1245 1436 1287 illud

138 1305 271 1340 meum,
289 1292 361 1346 sed
374 1293 551 1348 coufilium
571 1295 622 1335 {5²
632 1297 777 1347 imperii
779 1295 970 1349 fimulatio
974 1297 1064 1353 filit
1079 1317 1090 1337 :
1106 1308 1147 1338 ut
1167 1315 1241 1349 nec,
1259 1303 1357 1341 vobis
1374 1304 1431 1357 ig-

137 1351 350 1389 norantibus
382 1351 494 1405 deseri
532 1368 608 1400 vos,
641 1362 876 1393 averteretur
894 1372 917 1393 a
936 1358 1131 1395 certamine
1166 1360 1312 1398 animus
1327 1382 1341 1404 ,-
1379 1361 1432 1402 ξεῖ

137 1406 304 1461 hostibus,
335 1410 649 1464 circum-venirise
668 1427 691 1449 a
709 1418 808 1464 tergo
824 1414 932 1460 ratis,
963 1421 1083 1452 terror
1095 1415 1245 1470 acfuga
1265 1418 1431 1471 irgjicere-

137 1472 215 1503 tur.
278 1464 360 1503 Nec
390 1481 430 1504 ea
463 1467 584 1518 culpa,
625 1483 734 1520 quam
768 1484 899 1522 arguo,
930 1471 1089 1509 omnium
1123 1472 1351 1513 Albanorum
1372 1476 1429 1530 cst.

138 1521 263 1560 ducem
272 1523 392 1575 secuti
397 1523 492 1576 sunt
508 1542 520 1562 .·
553 1533 594 1562 ut
617 1524 668 1565 ξδ’
687 1540 763 1573 vos,
777 1525 821 1580 fi
836 1525 905 1579 quo
926 1542 984 1580 ego
1003 1528 1085 1567 inde
1102 1544 1232 1582 agmen
1252 1531 1433 1571 declinare

139 1579 336 1634 voluifflm,
365 1581 551 1634 ficiffi’tis.
613 1581 766 1620 Mettus
799 1583 858 1621 ille
890 1584 935 1638 est
969 1585 1095 1624 ductor
1128 1588 1271 1627 itineris
1303 1589 1431 1643 hujus,

140 1636 294 1676 Mettus
314 1637 406 1675 idem
425 1638 537 1691 hujus
556 1638 782 1678 machinator
810 1641 903 1689 belli,
935 1641 1087 1681 Mettus
1091 1643 1251 1699 foederis
1270 1646 1433 1687 Romani

139 1693 348 1746 Albanique
366 1704 505 1747 ruptor.
568 1696 718 1735 Audeat
737 1697 862 1736 deinde
881 1699 971 1737 talia
986 1700 1096 1748 alius,
1127 1700 1193 1755 ngfi
1206 1703 1244 1740 in
1262 1703 1358 1743 hunc
1375 1707 1434 1744 in-

124 1749 328 1805 sgnejam
358 1751 606 1792 documentum
642 1754 852 1796 mortalibus
880 1756 1016 1795 dedero.
1078 1757 1344 1801 Centuriones
1373 1777 1434 1801 ar-

123 1808 238 1847 'mati
255 1809 434 1848 Mettum
456 1810 760 1850 circumfistunt.
783 1826 851 1851 rex
869 1822 1016 1864 cetera,
1048 1824 1092 1853 ut
1108 1816 1218 1856 orsus
1234 1828 1335 1868 erat,
1366 1834 1434 1873 pe-

139 1866 254 1920 ragit.
318 1864 436 1922 Qcod
455 1869 516 1921 (4)
537 1869 678 1916 bonum,
695 1868 883 1925 faustum,
901 1871 1071 1926 felixque
1074 1871 1132 1926 stt
1146 1876 1274 1927 populo
1294 1877 1435 1916 Roma-

141 1939 184 1962 no
203 1940 246 1962 ac
265 1924 354 1964 mihi
389 1925 562 1979 vobisque,
593 1926 734 1964 Albam·
745 1949 758 1972 ;
784 1928 957 1980 populum
989 1945 1125 1968 omnem
1145 1931 1332 1972 Albanum
1356 1935 1435 1974 Ro-

144 1996 241 2020 mam
274 1982 466 2021 traducere
497 1984 535 2022 in
554 1984 674 2022 animo
704 1984 750 2040 fst
762 2006 776 2029 ;
810 1987 996 2025 civitatem
1016 1989 1077 2041 (5)
1096 1987 1185 2028 dare
1202 1990 1299 2042 plebi
1310 2014 1323 2036 ,·
1350 1994 1435 2046 pri-

142 2053 256 2078 mores
274 2040 313 2078 in
337 2039 475 2078 Patres
490 2040 605 2095 legere
616 2063 629 2086 ;
665 2057 776 2081 unam
797 2044 936 2095 urbem,
969 2060 1080 2091 unam
1100 2048 1354 2099 rempublicam
1361 2050 1435 2106 fa-

140 2111 230 2135 cere.
297 2097 351 2136 Ut
379 2112 422 2136 ex
448 2113 515 2137 uno
548 2099 726 2152 quondam
743 2101 781 2139 iu
811 2101 896 2140 duos
908 2102 1054 2154 populos
1072 2102 1189 2157 divisa
1209 2105 1357 2145 Albana
1378 2123 1437 2147 res

140 2153 200 2208 est,
215 2153 274 2208 fic
294 2156 442 2194 nuncin
459 2171 572 2195 unum
594 2156 727 2195 redeat.
790 2158 857 2198 Ad
878 2158 963 2198 haec
986 2159 1143 2200 Albana
1160 2161 1300 2214 pubes,
1332 2164 1436 2204 iner-

142 2211 218 2250 mis
232 2210 280 2250 ab
303 2212 463 2252 armatis
480 2212 602 2267 septa,
634 2214 675 2252 in
691 2214 808 2254 variis
829 2216 1118 2268 voluntatibus,
1150 2222 1357 2260 communi
1377 2231 1436 2261 ta-

143 2282 237 2316 men
252 2278 363 2309 metu
377 2280 561 2325 cogente,
590 2271 787 2312 filentium
803 2283 923 2316 tenet.
984 2274 1094 2314 Tum
1109 2275 1279 2318 Tullus:
1312 2279 1438 2319 Mette

1279 2335 1319 2375 F
1317 2336 1422 2393 tffti
1422 2367 1436 2386 ,

189 2443 224 2473 C.
243 2441 292 2473 28.
315 2441 370 2484 (1)
393 2443 547 2475 Sollennis
563 2444 645 2476 bene
661 2445 813 2486 precandi
830 2448 979 2486 formula,
990 2448 1023 2479 in
1041 2449 1134 2480 rebus
1151 2450 1358 2492 auspicandi&
1382 2452 1438 2495 (2)

144 2486 282 2525 Fortaffe
298 2486 383 2518 idem
399 2499 473 2518 cum
473 2490 707 2528 fitovetaurilibus
723 2491 808 2522 infr&⁴
825 2493 1047 2530 memorandis,
1062 2504 1129 2536 cap.
1146 2506 1196 2533 44.
1242 2497 1296 2537 (3)
1320 2498 1438 2528 Roma-

145 2542 205 2562 nus
229 2531 392 2562 exercitus.
439 2532 487 2563 Sic
509 2544 577 2575 cap.
604 2544 698 2575 praec.
719 2537 844 2577 legionem
867 2539 1044 2569 Fidenatium.
1089 2540 1143 2579 (4)
1167 2540 1215 2570 Sic
1232 2541 1327 2581 supra
1344 2553 1369 2572 c.
1388 2553 1437 2579 17.

144 2583 176 2606 et
202 2575 310 2617 saepius
335 2577 422 2618 apud
449 2577 591 2608 nostrum
618 2580 791 2611 auctorem.
840 2587 859 2599 ‘⁶
883 2583 1026 2623 NIajores
1043 2584 1168 2622 nostri,”
1191 2585 1298 2626 inquit
1316 2586 1440 2624 Cicero,

145 2626 165 2638 “
183 2620 331 2652 omnibus
352 2621 445 2652 rebus
469 2623 609 2663 agendis,
632 2626 719 2667 Qod
737 2627 839 2661 honum,
853 2629 1091 2670 faustum,jblix,
1117 2631 1344 2671 fortunatumque
1367 2632 1436 2673 ff*t‚

145 2670 167 2693 ἱ·
185 2665 432 2705 praefabantur.’'
463 2668 512 2697 De
527 2667 627 2698 divin.
643 2669 662 2698 l.
676 2679 701 2699 1.
718 2680 742 2700 c.
754 2681 773 2707 4
776 2680 804 2709 5.
820 2672 869 2701 De
880 2672 1061 2712 hujusmodi
1074 2674 1219 2707 formulis
1231 2674 1293 2707 vid.
1306 2675 1342 2706 fis
1357 2675 1439 2706 Bris-

146 2708 211 2742 son.
223 2709 242 2741 l.
254 2719 281 2747 ι.
325 2711 381 2755 (5)
403 2711 434 2743 h.
446 2722 470 2743 e.
481 2712 531 2754 jus
545 2711 665 2746 civium
679 2715 909 2755 Romanorum,
933 2719 967 2749 E.
1309 2763 1327 2795 6

1291 2765 1312 2805 c
1332 2764 1344 2804 >
1369 2765 1436 2806 Ego
