1832 3137
367 269 650 310 LIBER
711 270 763 310 ΙΙ.
825 273 1008 316 CAP.
1074 276 1271 320 XXXVI.
1600 303 1670 344 131

172 379 583 433 stimularet,confilia
605 386 821 427 conferunt
851 390 900 429 de
932 388 1120 432 Romano
1160 394 1276 435 bello.
1337 397 1461 439 Haud

171 440 288 482 facile
305 441 518 483 credebant
529 442 691 496 plebem
708 444 818 484 suam
835 446 985 500 impelli
1004 450 1122 502 posse,
1146 462 1189 491 ut
1211 454 1326 494 toties
1359 456 1461 497 infe-

171 500 300 540 liciter
321 509 471 539 tentata
497 514 608 540 arma
645 513 844 555 caperent.
878 506 1012 545 multis
1045 508 1143 561 saepe
1174 509 1302 561 bellis,
1343 514 1459 566 pesti-

171 558 293 597 lenti&
319 555 522 610 postremb
544 558 684 598 amissa
710 561 938 614 juventute,
979 563 1129 605 fractos
1165 567 1322 620 spiritus
1357 572 1458 612 effe:

170 625 253 655 arte
274 616 474 669 agendum
496 613 537 655 in
565 618 722 656 exoleto
749 619 834 673 jam
866 620 1058 660 vetustate
1089 624 1196 673 odio,
1230 635 1274 665 ut
1308 630 1458 668 recenti

168 671 301 724 aliqu&
322 673 384 728 irai.
396 672 730 714 exacerbarentur
752 676 887 715 animi.

226 730 426 770 XXXVI.
470 731 577 771 Ludi
616 735 677 787 (1)
719 731 839 784 forte,
874 749 929 789 >ex
970 736 1268 788 instauratione,
1320 744 1455 796 magni

167 786 314 828 Romae
336 788 589 843 parabantur.
613 790 856 841 instaurandi
869 791 955 832 haec
978 794 1092 834 causa
1109 795 1250 836 fuerat.
1292 801 1353 853 (2)
1374 801 1457 839 Lu-

166 846 228 885 dis
249 851 366 887 mane*
384 847 539 886 servum
554 847 718 900 quidam
735 858 846 902 pater
862 849 1038 901 familiae,
1055 854 1234 892 nondum
1257 857 1318 909 (3)
1347 869 1456 896 com-

162 904 277 962 -miffo
295 904 538 957 spectaculo,
556 905 626 945 sub
645 909 706 961 (4)
728 907 842 947 fure&
862 908 1007 948 caesum
1025 910 1159 949 medio
1180 923 1314 965 egerat
1335 914 1453 954 circo.

163 961 288 1016 coepti
311 962 402 1002 inde
419 963 521 1013 ludi,
542 964 651 1003 velut
669 978 715 1004 ea
731 978 793 1005 res
809 964 908 1004 nihil
929 967 978 1005 ad
1000 967 1233 1022 religionem
1247 971 1456 1022 pertinuis-

165 1018 234 1059 set.
294 1020 419 1060 Haud
441 1021 494 1060 ita
515 1022 646 1061 multo
668 1019 756 1076 post
773 1023 839 1062 Ti.
864 1023 1047 1073 Antinio,
1070 1026 1118 1064 de
1140 1026 1252 1078 plebe
1281 1027 1452 1079 homini,
1471 1049 1603 1091 Iugum„

162 1075 363 1117 somnium
386 1077 475 1118 fuit.
537 1079 658 1119 Visus
671 1080 830 1133 Jupiter
849 1081 994 1131 dicere,
1019 1083 1093 1122 Sibi
1111 1083 1207 1123 ludis
1229 1086 1452 1139 praesultato-
1471 1096 1545 1135 Jovi
1555 1079 1670 1138 prffmv

163 1147 239 1174 rem
260 1134 492 1192 dstlicug'ffi’:
525 1136 591 1190 723st
605 1140 730 1191 magni
758 1136 798 1177 cf}
812 1139 1109 1193 irgstaurarentm·
1127 1140 1166 1180 hi
1185 1142 1276 1192 ludi,
1304 1146 1452 1195 pericu-
1467 1147 1547 1170 tator.

161 1193 238 1232 lum
270 1196 354 1234 urbi
372 1194 474 1249 fhre.
511 1195 596 1243 iret,
636 1211 677 1234 ea
709 1197 905 1250 consulibus
940 1201 1143 1237 nunciaret.
1204 1199 1450 1256 Qanquam

160 1249 269 1291 haud
289 1252 380 1291 sane
401 1251 500 1292 liber
516 1262 600 1292 erat
617 1253 809 1308 religione
843 1254 1014 1303 animus,
1044 1257 1282 1296 verecundia
1317 1267 1449 1299 tamen

160 1309 376 1364 majestatis
398 1309 702 1364 magistratuum
717 1311 903 1351 timorem
926 1315 987 1366 (5)
1006 1313 1114 1361 vicit,
1131 1328 1181 1352 ne
1210 1316 1270 1368 (6)
1305 1315 1344 1353 in
1380 1325 1455 1357 ora

158 1365 374 1409 hominum
391 1382 464 1422 pro
486 1367 661 1407 ludibrio
682 1368 820 1408 abiret.
881 1370 1036 1423 Magno
1068 1370 1123 1409 illi
1156 1385 1201 1410 ea
1241 1373 1447 1414 cunetatio

3 1412 5 1468 l
158 1422 278 1463 stetit.
303 1425 431 1464 filium
449 1439 623 1478 namque
655 1426 756 1465 intra
778 1441 925 1479 paucos
947 1427 1030 1466 dies
1065 1428 1202 1467 amisit.
1235 1431 1349 1484 cujus
1386 1445 1447 1471 re-

157 1482 334 1533 pentinae
353 1482 475 1522 cladis
497 1496 546 1521 ne
570 1483 686 1522 causa
720 1483 839 1522 dubia
873 1484 980 1533 effet,
1011 1499 1118 1538 aegro
1157 1486 1278 1525 animi
1306 1489 1446 1528 eadem

5 1551 6 1568 π
157 1537 222 1577 illa
251 1540 292 1578 in
314 1539 461 1580 somnis
492 1539 694 1579 obversata
725 1541 871 1594 species
900 1541 979 1581 visa
1014 1542 1070 1582 est
1104 1543 1291 1597 rogitare,
1329 1545 1447 1585 Satin?

156 1612 330 1650 magnam
338 1598 459 1651 spreti
480 1599 642 1636 numinis
655 1598 798 1637 haberet
829 1599 1021 1637 mercedem
1036 1602 1057 1636 Ρ
1098 1602 1267 1654 majorem
1299 1602 1445 1656 irssare,

156 1656 197 1691 m'
211 1664 269 1694 ecit
281 1666 450 1708 propere,
471 1671 514 1694 ac
534 1654 679 1694 nunciet
690 1656 897 1709 corficlibus.
957 1657 1048 1708 Jam
1063 1658 1365 1712 praesentior(7)
1382 1675 1445 1700 res

153 1722 263 1753 erat:
294 1712 556 1752 cunctantem
574 1722 708 1751 tamen
730 1728 774 1752 ac
796 1714 1060 1766 prolatantem
1082 1715 1222 1768 ingens
1237 1715 1295 1755 vis
1315 1717 1445 1756 morbi

8 1811 9 1819 ἵ
152 1769 291 1809 adorta
312 1770 367 1809 est
385 1769 586 1810 debilitate
608 1769 747 1809 subitfi.
807 1770 917 1809 Tum
948 1771 1151 1811 enimvero
1172 1772 1355 1812 Deorum
1387 1775 1445 1814 ira

0 1828 10 1873 *l
151 1828 375 1867 admonuit.
408 1827 526 1868 fessus
562 1827 684 1881 igitur
722 1828 837 1866 malis
867 1829 1076 1881 praeteritis
1116 1829 1443 1884 instantibusque,

0 1878 10 1893 ¹*
152 1885 315 1925 consilio
337 1885 657 1939 propinquorum
676 1885 853 1925 adhibito
875 1900 1002 1938 quum
1034 1886 1113 1926 visa
1146 1896 1264 1940 atque
1290 1890 1444 1940 audita,

138 1945 196 1983 ⁷&
217 1943 468 1983 obversatum
490 1944 608 1982 toties
630 1942 768 1982 somno
789 1944 946 1995 Jovem,
967 1944 1095 1984 minas
1117 1944 1269 1998 irasque
1298 1947 1441 1985 coeles*

139 2009 227 2049 tes,
249 2004 310 2055 (8)
332 2001 630 2055 repraesentatas
660 2001 811 2041 casibus
833 2000 926 2051 suis,
956 2001 1216 2055 exposuiffet3
1249 2004 1439 2043 coniensu

196 2118 232 2148 C.
248 2116 297 2156 36,
324 2118 378 2159 (1)
394 2117 467 2149 Vid.
487 2118 619 2159 supi-511.
637 2128 662 2148 1.
682 2129 707 2149 c.
728 2128 777 2157 35.
826 2118 880 2159 (2)
911 2117 929 2148 i.
957 2129 982 2148 e.
1012 2118 1063 2148 die
1084 2118 1244 2149 ludorum.
1291 2118 1441 2150 Similiter

146 2163 358 2202 gladiatoribus,
379 2164 465 2204 apud
495 2163 694 2200 Ciceronem,
710 2174 770 2204 pro
781 2171 926 2204 tempore
938 2173 1003 2203 quo
1016 2163 1083 2193 ludi
1108 2161 1287 2204 gladiatorii
1303 2164 1439 2194 edeban-

151 2210 205 2237 ¹tur
220 2220 225 2236 :
253 2207 283 2236 δι
297 2208 385 2248 apud
396 2209 548 2244 nostrum,
560 2211 684 2245 Latinis,
700 2219 760 2249 pro
774 2215 919 2249 tempore
946 2218 1011 2248 quo
1036 2207 1121 2238 feriae
1149 2208 1273 2239 Latinae
1301 2209 1439 2239 celebra-

150 2246 270 2282 bantur
287 2268 293 2285 ;
317 2252 400 2282 infra
412 2252 430 2282 l.
447 2262 496 2291 32.
516 2263 540 2282 c.
563 2263 589 2283 1.
606 2253 637 2282 a&
653 2253 672 2282 l.
689 2263 739 2290 44.
753 2263 777 2283 c.
799 2262 850 2284 22.
897 2252 951 2293 (3)
969 2253 1122 2283 Nondum
1132 2261 1236 2293 coepto
1250 2253 1439 2293 spectaculo.

149 2299 277 2325 committi
290 2297 425 2327 verbum
442 2297 582 2328 sollenne
594 2297 626 2327 in
640 2296 697 2328 hac
710 2308 742 2328 re
753 2297 804 2328 est.
852 2298 906 2337 (4)
917 2300 1017 2328 Furca
1029 2297 1147 2338 duplex·
1164 2297 1233 2328 fuit.
1259 2297 1330 2334 alia,
1342 2308 1437 2337 quam

150 2341 268 2381 gestare
279 2343 504 2372 tantummodo
514 2342 712 2382 jubebantur
728 2342 809 2373 servi
834 2353 984 2382 nequam,
1009 2341 1189 2383 ignominiae
1217 2341 1329 2379 causfi;
1353 2343 1438 2373 unde

139 2388 282 2426 jin-ciferi
294 2386 486 2426 appellatio:
506 2387 566 2417 alia
579 2387 825 2418 instrumentum
839 2387 899 2417 fuit
922 2385 1080 2428 supplicii,
1094 2386 1267 2427 aliquando
1284 2386 1437 2427 capitalis.

150 2430 204 2471 (5)
222 2431 357 2460 Timorem
375 2430 414 2461 sc.
433 2430 554 2462 irarum
565 2431 742 2462 coelestium.
758 2431 821 2462 vid.
836 2439 902 2462 not⁴
918 2443 946 2469 4.
965 2433 1006 2462 ad
1022 2442 1047 2462 c.
1070 2431 1117 2462 16.
1136 2432 1155 2461 l.
1178 2441 1203 2461 1.
1253 2431 1305 2471 (6)
1328 2432 1376 2461 Ne
1403 2431 1438 2461 in

150 2476 309 2505 sermones
326 2475 495 2506 hominum
511 2475 677 2513 incideret,
693 2487 728 2506 ac
745 2475 888 2507 ludibrio
904 2475 1086 2507 haberetur.
1133 2476 1186 2516 (7)
1215 2475 1233 2505 i.
1263 2486 1288 2505 e.
1314 2478 1413 2505 certior
1429 2491 1439 2509 ς

150 2530 225 2550 nam
236 2520 275 2550 de
288 2530 325 2549 eo
343 2519 399 2559 qui
409 2522 528 2561 praestns
539 2521 591 2557 est,
606 2520 748 2551 dubitari
766 2520 877 2561 nequit
895 2521 1003 2551 utrum
1021 2521 1064 2551 sit.
1084 2520 1261 2561 periculum
1276 2521 1340 2561 jam
1357 2530 1439 2560 praem

150 2566 218 2595 lens
235 2564 349 2600 adfuit,
360 2565 448 2604 quod
464 2564 562 2605 prius,
583 2573 737 2604 tanquam
754 2576 770 2595 e
786 2565 974 2606 longinquo,
993 2572 1157 2596 metuerat.
1206 2565 1260 2605 (8)
1281 2566 1438 2605 Repriaesen-

148 2612 208 2639 tri-ri
220 2609 383 2645 dicuntur,
395 2620 463 2649 quae
488 2620 553 2639 non
570 2609 777 2646 differuntur,
798 2610 850 2640 sed
863 2621 937 2640 mox
952 2610 986 2641 in
1004 2621 1083 2651 opus
1102 2611 1133 2640 ἃ
1159 2609 1309 2640 effeetum
1337 2609 1437 2638 addu-

13 2647 19 2695 ᾖ
149 2662 276 2684 cuntur.
324 2653 372 2684 Sic
392 2656 711 2696 npraefintareprctinffl
727 2653 891 2692 dIcuntur‚
914 2651 969 2696 qui
986 2654 1131 2697 praesenti
1151 2653 1295 2695 pecunffi,
1310 2663 1374 2683 non
1403 2653 1436 2682 in

0 2679 19 2726 ‚l
150 2698 233 2729 aliem
247 2698 383 2730 solvunt.

749 2740 788 2783 K
808 2754 828 2783 2
1344 2739 1434 2777 inde.
