1853 3158
360 289 644 334 LIBER
703 284 820 331 VIII.
882 288 1063 334 CAP.
1124 293 1217 335 XII.

147 402 344 461 Campani
366 408 635 461 sequerentur.
678 406 840 447 Latium
859 407 1079 463 Capuaque
1102 424 1197 465 agro
1220 410 1280 464 (6)
1301 410 1432 451 mule-

145 463 230 503 tati.
290 465 456 504 Latinus
476 478 583 518 ager,
613 463 833 504 Privernati
861 467 995 506 addito
1017 482 1128 522 agro,
1164 471 1201 507 8<
1223 468 1430 518 Falernus,

145 520 216 573 qui
235 522 371 575 populi
391 521 588 574 Campani
605 520 750 572 fuerat,
782 523 905 576 usque
923 526 971 563 ad
995 525 1246 564 Vulturnum
1264 526 1431 575 fiumen,

143 578 249 630 plebi
286 580 481 619 Romanae
516 579 718 618 dividitur.
751 579 842 619 bina
874 582 915 620 in
943 582 1088 621 Latino
1116 585 1272 637 jugera,
1305 584 1357 622 ita
1386 593 1431 623 ut

144 638 207 688 (7)
237 636 470 675 dodrantem
497 646 544 675 ex
573 636 794 676 Privernati
811 640 1073 691 complerent,
1106 642 1223 688 data3
1255 651 1366 680 terna
1388 642 1430 681 in

143 693 325 742 Falerno,
355 694 641 746 quadrantibus
671 694 791 733 etiam
822 709 893 748 pro
922 696 1213 750 longinquitate
1248 698 1428 752 adjefi'tis.

143 749 263 789 Extra
283 763 446 803 poenam
468 750 581 791 fuere
601 752 838 792 Latinorum
855 753 1078 792 Laurentes
1107 755 1431 808 Campanorum*

143 820 220 858 que
258 807 428 860 equites,
461 811 522 863 (8)
553 810 646 863 quia
674 823 755 848 non
789 809 1045 849 desciverant.
1107 810 1214 850 Cum
1250 812 1430 853 Lauren-

141 862 248 904 tibus
275 866 457 905 renovari
488 866 623 907 foedus
646 867 808 921 juffurn.
839 878 1132 920 renovaturque
1160 882 1207 907 ex
1245 883 1293 908 eo
1329 885 1430 922 quo-

141 922 272 961 tannis
294 925 356 977 (9)
383 923 469 977 post
496 924 602 964 diem
633 924 835 965 decimum
862 925 1154 978 †Latinarum.
1217 925 1430 979 Equitibus

141 979 360 1033 Campanis
382 982 519 1021 civitas
549 982 663 1021 data:
694 991 1038 1036 monumentoque
1068 994 1112 1022 ut
1134 984 1243 1033 esset,
1275 998 1430 1024 aeneam

140 1035 317 1076 tabulam
339 1038 379 1076 in
397 1039 480 1078 aede
498 1039 673 1079 Castoris
691 1036 836 1080 Rornae
857 1039 1043 1080 fixerunt.
1067 1041 1240 1095 vectigal
1267 1056 1430 1096 quoque

139 1093 197 1133 eis
226 1094 458 1148 Campanus
480 1098 653 1150 populus
670 1098 796 1152 juffus
821 1100 993 1150 pendere
1011 1098 1051 1136 in
1064 1097 1237 1152 singulos
1259 1109 1431 1152 quotan-

140 1151 201 1190 nis
224 1151 351 1204 (fuere
392 1162 527 1200 autem
563 1155 671 1194 mille
711 1158 747 1194 &
787 1155 978 1209 sexcenti)
1000 1156 1289 1209 denarios(10)
1311 1171 1430 1196 num-2

139 1222 227 1247 mos
249 1210 546 1265 quadringenos
563 1212 881 1265 quinquagenos.

194 1265 289 1306 XII.
321 1268 381 1307 Ita
412 1268 517 1307 bello
550 1269 676 1322 gesto,
709 1269 883 1322 praemiis
913 1268 1114 1323 poenaque
1136 1285 1208 1325 pro
1234 1272 1429 1326 cujusque

137 1324 280 1364 merito
298 1325 520 1378 persolutis,
534 1326 585 1364 T.
605 1327 789 1366 Manlius
803 1327 979 1366 Romam
998 1329 1115 1368 rediit
1133 1344 1142 1368 :
1173 1329 1238 1368 cui
1253 1330 1429 1368 venienti

138 1380 309 1421 seniores
344 1381 503 1421 tanturn
537 1382 696 1423 obviarn
724 1385 840 1424 exifl'e
875 1385 1052 1433 constat;
1081 1387 1352 1441 juventutem,
1387 1390 1429 1427 <Sc

137 1447 250 1488 tunc,
284 1442 324 1479 &
349 1441 460 1479 omni
495 1439 575 1479 vita
608 1441 769 1492 deinde,
801 1442 1017 1482 aversatam
1053 1458 1146 1483 eum
1167 1444 1431 1483 exsecratam-

137 1509 230 1548 que.
293 1498 478 1537 Antiates
500 1498 540 1537 in
562 1513 703 1552 agrum
732 1499 973 1551 Ostiensem,
1007 1501 1240 1550 Ardeatem,
1273 1504 1333 1556 (1)
1355 1502 1430 1542 So-

132 1553 291 1593 lonium
312 1554 554 1596 incursiones
577 1556 772 1596 fecerunt.
834 1558 1015 1597 Manlius
1047 1559 1199 1607 consul,
1232 1560 1324 1612 quia
1347 1560 1428 1612 ipse

135 1623 206 1662 per
241 1612 509 1652 valetudinem
546 1614 586 1653 id
615 1614 766 1654 bellum
802 1615 963 1667 exsequi
999 1616 1224 1669 nequierat,
1256 1615 1429 1657 dietam*

1342 1689 1429 1714 rem

132 1795 203 1816 mus
220 1785 325 1828 supi-31.
371 1788 428 1828 (6)
452 1784 527 1820 vid.
554 1797 620 1820 not.
651 1799 676 1820 1.
703 1789 809 1831 supra.
855 1791 969 1831 Neque
984 1790 1078 1822 aliter
1095 1790 1115 1821 1.
1133 1789 1161 1821 6.
1177 1802 1202 1821 c.
1222 1801 1253 1831 3.
1300 1792 1429 1824 Sutrium

123 1833 211 1870 βείω
232 1834 331 1873 populi
356 1835 486 1863 Romani.
533 1835 589 1874 (7)
613 1836 744 1866 Dodranr
771 1836 904 1876 proprie
930 1836 973 1866 cst
994 1835 1096 1867 unciae
1113 1846 1243 1873 novem,
1270 1836 1301 1867 h.
1321 1848 1346 1867 e.
1364 1845 1429 1869 tres

134 1883 259 1915 quartae
287 1884 395 1918 partes
424 1877 492 1908 assis
519 1878 649 1910 libralis.
697 1879 840 1921 Intellige
868 1880 978 1922 igitur,
1000 1880 1062 1911 illis
1089 1880 1195 1921 quiin
1212 1880 1308 1911 Latio
1334 1892 1428 1923 agros

134 1929 339 1960 acceperunt,
362 1923 435 1953 data
462 1922 552 1953 fuisse
569 1923 770 1965 binajugera
787 1924 855 1965 agri
871 1924 992 1961 Latini,
1017 1926 1048 1955 8<
1076 1925 1206 1966 insuper
1232 1926 1428 1958 dodrantem

134 1963 196 1994 sive
213 1972 277 1995 tres
302 1975 432 2006 quartas
459 1976 566 2008 partes
584 1968 687 2010 jugeri
715 1979 754 2000 ex
780 1979 858 2010 agro
875 1969 1078 2007 Privernati3
1101 1969 1162 1999 illis
1179 1977 1297 2007 autem,
1319 1970 1427 2011 quiin

134 2009 324 2050 Campania,
355 2012 431 2042 data
456 2012 546 2044 fuiffe
573 2012 636 2044 tria
659 2014 771 2054 jugera
799 2013 865 2054 agri
900 2013 1044 2044 Falerni:
1075 2015 1291 2054 quadrantem
1317 2024 1428 2047 autem

133 2053 196 2084 sive
223 2062 371 2095 quartam
398 2064 525 2097 partem
554 2057 668 2099 jugeri,
690 2068 788 2097 quam
814 2058 846 2088 hi
872 2058 955 2099 plus,
980 2058 1079 2098 quam
1094 2058 1200 2097 alteri,
1219 2068 1429 2101 acceperunt,

134 2095 382 2139 adjec‘ftam‘esse
410 2110 545 2142 propter
572 2102 639 2143 agri
666 2102 752 2134 istius
778 2102 1059 2145 longinquitatem.
1105 2103 1172 2135 Alii
1191 2112 1300 2135 autem
1316 2105 1426 2136 locum

136 2142 175 2173 fic
200 2143 373 2184 accipiunt,
396 2154 443 2181 ut,
464 2155 577 2176 eorum
599 2146 655 2186 qui
684 2148 717 2177 in
745 2148 841 2178 Latio
865 2158 957 2189 agros
974 2156 1181 2189 acceperunt,
1202 2148 1331 2191 singulis
1348 2149 1425 2180 bina

135 2188 262 2218 tantum
275 2189 386 2230 jugera
402 2191 478 2221 data
493 2191 563 2228 sint,
586 2202 725 2232 quorum
742 2200 807 2223 tres
823 2200 947 2232 quartae
975 2201 1084 2234 partes
1098 2192 1133 2224 in
1148 2193 1268 2224 Latino
1290 2193 1425 2231 fuerint„

135 2230 261 2271 reliqua
277 2243 315 2263 ex
340 2234 530 2265 Privernati.
578 2237 612 2266 In
642 2236 777 2267 Falerno
793 2246 901 2267 autem
924 2248 991 2268 non
1008 2238 1135 2268 tanturn
1152 2238 1281 2280 singulis
1297 2239 1360 2269 tria
1374 2240 1425 2280 ju-

134 2286 209 2315 gera
235 2276 386 2318 assignata
413 2279 483 2315 ess'e,
507 2280 559 2310 sed
577 2288 733 2321 praeterea
750 2283 964 2321 quadrantem
990 2283 1042 2313 seu
1060 2291 1210 2322 quartam
1227 2292 1352 2324 partem
1375 2285 1426 2325 ju·

135 2318 216 2360 geri.
261 2321 317 2361 (8)
340 2322 452 2354 Livius
476 2332 584 2355 tamen
601 2325 697 2366 supra
715 2326 777 2356 hoc
803 2337 871 2367 cap.
887 2326 982 2358 vietis
998 2327 1124 2358 Latinis
1141 2327 1297 2358 auxilium
1312 2329 1346 2358 ab
1362 2331 1427 2358 Las

132 2367 210 2394 vinlo
227 2365 304 2395 ferri
322 2375 461 2407 coeptum
475 2369 591 2399 tradit:
618 2371 649 2399 ἃ
667 2381 726 2411 per
742 2372 896 2401 Laurentes
912 2370 1140 2414 intelliguntur
1155 2371 1269 2403 incolae
1286 2372 1428 2404 Lavinii.

133 2412 189 2439 An
207 2411 290 2439 forte
308 2411 407 2441 verba
421 2416 486 2452 quia
502 2427 551 2443 non
567 2415 738 2453 dest-iverunt
759 2416 799 2445 ad
815 2415 897 2446 solos
914 2416 1036 2456 equites
1054 2418 1237 2458 Campanos
1256 2419 1427 2448 referenda

134 2452 231 2484 sunt?
255 2454 310 2494 (9)
328 2455 399 2485 Post
424 2456 508 2487 diem
534 2458 694 2489 decimum
711 2463 807 2499 quam
824 2461 903 2490 2&ae
920 2470 1012 2491 erant
1034 2461 1181 2498 Latinae;
1204 2471 1276 2501 quae
1293 2461 1427 2502 quidem

133 2508 191 2538 per
220 2507 361 2538 quatuor
389 2499 455 2530 dies
481 2502 668 2542 agebantur.
716 2506 791 2544 (10)
815 2505 861 2534 Ita
887 2518 1012 2535 nummus
1022 2507 1164 2549 fistertius
1180 2505 1262 2536 dixit
1281 2506 1346 2537 Cic.
1363 2517 1426 2547 pro

134 2541 216 2573 Rab.
236 2544 316 2573 Post.
334 2556 358 2574 c.
387 2554 440 2581 17.
469 2546 500 2575 δε
518 2548 633 2577 ειιιᾶοι·
650 2547 739 2589 Epit.
755 2548 828 2579 Liv.
848 2548 866 2578 1.
883 2558 935 2587 55.
952 2551 1040 2590 quod
1057 2561 1095 2581 ex
1120 2548 1189 2591 ipso
1213 2551 1298 2581 forte
1326 2551 1425 2582 Livio

131 2586 243 2618 bausit.
293 2589 445 2619 Ceterum
482 2593 610 2621 denarius
639 2603 704 2622 non
732 2593 838 2623 adhuc
867 2595 978 2624 Romae
1007 2593 1144 2636 signatus
1170 2603 1250 2625 erat.
1298 2596 1358 2626 Sed
1384 2596 1427 2626 de

134 2632 306 2673 Campanis
324 2632 376 2663 hic
394 2634 511 2676 agitur,
534 2637 620 2676 apud
642 2647 723 2676 quos
741 2636 869 2667 fortasse
884 2639 950 2678 jam
966 2646 1036 2669 tum
1054 2638 1204 2671 denarius
1220 2638 1255 2670 in
1271 2640 1330 2671 usu
1346 2648 1426 2671 erat.

131 2675 195 2706 Vel
211 2677 317 2717 potuit
335 2677 447 2709 Livius
465 2690 521 2720 per
538 2685 555 2720 †
571 2682 706 2723 prolepsin
725 2681 852 2712 locutus
869 2683 937 2714 effe.

177 2721 282 2755 C.12.
305 2722 359 2764 (1)
384 2726 511 2765 Agrum
538 2726 676 2757 Solonium
702 2725 796 2756 fuifl'e
821 2737 972 2770 campum
999 2727 1068 2770 agri
1097 2727 1262 2762 Lanuvini
1293 2737 1331 2761 ex
1360 2728 1427 2760 Cic,

719 2772 748 2802 L
773 2779 791 2803 2
1366 2773 1385 2803 1.
1398 2782 1426 2804 a,

1578 305 1653 349 147
