1853 3158
486 266 772 315 LIBER
833 273 1131 318 X.CAP.
1192 274 1246 316 ΙΙ,
1644 287 1737 338 259

170 399 173 415 ¹
214 393 282 431 ces
298 389 495 445 congestis
513 388 632 444 lignis
660 389 836 430 accensae
855 406 865 431 t
897 390 951 431 ita
968 391 1076 432 intus
1092 391 1208 432 fumo
1230 406 1275 433 ac
1292 402 1438 447 vapore
1458 395 1508 434 ad

212 450 295 488 duo
333 448 457 488 millia
497 455 761 497 armatorum,
798 449 956 498 ruentia
987 449 1190 490 noviffime
1231 452 1295 506 (6)
1327 452 1369 491 in
1404 452 1506 506 ipsas

211 505 412 556 flammas,
447 505 546 544 dum
568 505 736 543 evadere
755 511 779 557 †
795 508 984 556 tendunt,
1022 507 1244 562 absumpta.
1307 512 1369 564 (7)
1391 510 1506 550 Mar·
1524 515 1564 544 U.
1583 524 1609 545 c.
1626 525 1705 555 4510

210 564 268 603 cis
290 563 406 604 Livio
439 563 597 603 Dentre
633 564 672 601 &
702 561 873 603 AEmilio
906 564 1152 615 consulibus,
1184 567 1503 622 redintegratum
1523 561 1567 590 A.
1587 561 1712 612 0:39¹*

209 621 434 675 AEquicum
466 620 632 660 bellum.
694 619 925 670 Coloniam,
957 637 1061 676 aegre
1083 623 1280 676 patientes
1310 627 1422 665 velut
1442 640 1504 665 ar·
1522 605 1722 684 ffiffixffi’io

205 692 295 718 cem
317 679 395 719 suis
417 678 565 718 finibus
596 678 836 731 impositam,
868 678 1023 718 summa
1044 681 1082 720 vi
1103 694 1334 737 expugnare
1356 684 1501 733 adorti,
1522 693 1608 726 Coff.

205 736 254 775 ab
277 736 365 790 ipsis
385 736 539 776 colonis
558 737 774 789 pelluntur.
835 735 1030 775 Ceterum
1062 746 1222 778 tantum
1257 740 1403 781 Romae
1423 750 1502 781 ter-

201 806 337 833 rorem
371 793 522 845 fecere,
554 794 648 847 quia
667 794 732 833 vix
753 792 943 833 credibile
978 803 1076 843 erat,
1108 806 1191 835 tam
1211 802 1236 849 †
1257 798 1413 838 affeffis
1438 813 1501 838 re-

203 850 279 891 bus
315 851 417 892 solos
449 866 521 906 per
551 852 589 891 se
623 852 783 905 AEquos
817 852 866 890 ad
897 850 1049 891 bellum
1071 862 1249 903 coortos,
1282 865 1326 894 ut
1347 858 1500 896 tumul-

201 908 270 949 tfis
289 910 378 965 ejus
399 910 519 950 causa
539 909 712 950 difiator
734 909 935 949 diceretur
956 909 1006 950 C.
1027 910 1175 961 Junius
1197 911 1419 953 Bubulcus.
1449 914 1498 964 is,
1520 923 1554 952 C.
1570 923 1675 964 Junius

200 981 297 1007 curn
316 968 380 1008 M.
402 968 558 1008 Titinio
578 967 767 1022 magistro
788 967 972 1019 equitum
994 967 1220 1020 profeCms,
1251 969 1382 1022 primo
1404 985 1500 1011 con-
1516 970 1643 999 difflatur,

197 1026 332 1079 gressu
368 1024 528 1078 AEquos
564 1024 739 1079 subegit,
786 1039 846 1074 ac,
879 1025 942 1064 die
978 1025 1123 1065 οξῒεινο
1162 1026 1416 1081 triumphans
1457 1029 1498 1068 in

200 1082 342 1122 urbem
365 1097 491 1136 quum
512 1083 682 1131 rediffet,
699 1083 827 1122 aedem
849 1082 1013 1132 Salutis,
1046 1097 1167 1136 quam
1186 1087 1247 1138 (8)
1269 1085 1407 1125 consul
1429 1100 1499 1127 vo-

197 1148 325 1190 verat,
357 1141 495 1180 censor
510 1142 723 1190 locaverat,
750 1140 924 1179 dietator
947 1140 1159 1180 dedicavit.

222 1211 224 1214 ’
256 1197 310 1238 Π.
343 1198 498 1238 Eodem
520 1212 626 1238 anno
648 1198 772 1237 classis
794 1198 1050 1247 Graecorum,
1066 1200 1126 1253 (1)
1149 1198 1377 1255 Cleonymo
1394 1203 1498 1242 duce

196 1251 526 1307 Lacedaemonio,
556 1257 606 1295 ad
643 1256 769 1295 Italiae
790 1256 908 1295 litora
938 1257 1115 1309 appulsa,
1150 1259 1209 1310 (2)
1230 1257 1407 1299 Thurias
1431 1274 1498 1299 ur-

194 1311 289 1353 bem
326 1314 367 1352 in
399 1314 631 1353 Sallentinis
663 1313 782 1366 cepit.
845 1312 1055 1354 Adversus
1078 1314 1188 1354 hunc
1220 1314 1375 1356 hostem
1398 1331 1497 1357 con-

194 1369 254 1409 sul
291 1371 484 1411 AEmilius
521 1372 656 1411 miffus
697 1371 837 1425 praelio
880 1385 961 1410 uno
1000 1371 1188 1426 fugatum
1224 1375 1422 1427 compulit
1453 1376 1496 1415 in

192 1442 328 1469 naves.
361 1428 530 1469 Thuriae
551 1429 716 1469 redditae
733 1429 857 1468 veteri
874 1429 1042 1469 cultori:
1073 1430 1377 1485 Sallentinoque
1399 1447 1496 1488 agro

191 1500 271 1540 pax
285 1496 410 1540 parta.
471 1487 641 1540 Junium
658 1486 887 1527 Bubulcum
903 1487 1143 1527 dietatorem
1166 1489 1324 1529 miffum
1347 1490 1388 1529 in
1408 1490 1495 1531 Sal·
1517 1485 1673 1528 Cleonymus

192 1545 382 1595 lentinos,
426 1545 467 1585 in
501 1546 739 1599 quibusdam
777 1545 986 1585 annalibus
1019 1545 1205 1586 invenio:
1239 1551 1280 1588 &
1318 1548 1493 1606 Cleony-
1512 1533 1616 1563 Lacon.

187 1615 306 1641 rmum
342 1602 469 1656 prius,
502 1602 625 1657 quam
665 1603 966 1658 confligendum
1011 1604 1103 1643 effet
1140 1619 1233 1644 cum
1275 1606 1491 1657 Romanis,

191 1662 255 1715 (3)
277 1661 391 1700 Italia
413 1661 619 1701 exceffiffe.
642 1661 939 1701 circumvectus
960 1661 1053 1700 inde
1076 1662 1274 1702 Brundifii
1298 1678 1492 1716 promon-

192 1718 361 1768 torium,
383 1720 599 1772 medioque
621 1719 705 1758 slnu
722 1719 961 1759 Hadriatico
982 1719 1112 1760 ventis
1133 1721 1252 1770 latus,
1274 1735 1401 1774 quum
1423 1724 1491 1763 lae-

185 1774 236 1814 νῖῑ
271 1776 503 1830 inportuosa
535 1777 660 1816 Italiae
685 1778 834 1827 littora,
862 1778 1003 1817 dextra
1023 1777 1147 1832 Illyrii
1169 1778 1423 1833 Liburnique
1448 1784 1486 1821 &

187 1833 293 1884 Istri,
326 1844 465 1889 gentes
500 1835 611 1883 ferae,
645 1837 683 1874 δε
720 1835 865 1889 magna
899 1849 947 1874 ex
985 1844 1097 1888 parte
1126 1837 1346 1877 latrociniis
1367 1840 1489 1881 mari·-

0 1923 1 1928 ,
181 1892 295 1932 timis
331 1892 517 1941 infames,
550 1902 760 1943 terrerent,
791 1893 951 1946 penitus
985 1894 1035 1932 ad
1071 1894 1205 1933 littora
1229 1895 1485 1937 Venetorum

4 1943 7 1980 l
181 1951 395 2005 pervenit:
426 1950 480 1990 ibi
504 1953 564 2005 (4)
593 1951 778 2004 expositis
807 1951 963 2005 paucis,
995 1951 1065 2004 qui
1099 1953 1188 1992 loca
1215 1954 1487 2006 explorarent,

1355 2026 1485 2064 quum

185 2124 241 2166 (6)
264 2127 294 2158 h.
310 2137 336 2157 e.
352 2127 423 2168 pos·
439 2128 553 2157 tremo.
573 2126 697 2158 Gellius
714 2124 851 2157 credidit
869 2125 1060 2158 Ciceronem
1083 2126 1191 2158 verbis
1215 2128 1371 2170 noviffimus
1389 2129 1420 2160 Sc
1437 2143 1485 2160 770—

183 2173 288 2213 vffme}
304 2181 459 2214 tanquam
474 2181 541 2202 non
557 2172 683 2203 Latinis
698 2170 889 2209 abstinuiss'e,
903 2172 922 2202 l.
937 2182 986 2203 10.
1003 2173 1099 2203 No&
1112 2175 1182 2203 Att.
1195 2183 1221 2203 e.
1236 2182 1287 2203 21.
1304 2175 1387 2204 Eum
1404 2177 1484 2206 vero

185 2216 304 2248 erroris
337 2218 444 2259 plures
477 2216 537 2247 viri
565 2217 654 2247 doffi
686 2225 871 2258 arguerunt.
917 2217 972 2259 (7)
996 2217 1137 2258 Utrique
1163 2220 1182 2259 †
1199 2228 1386 2259 praenomen
1412 2228 1481 2251 erat

185 2262 321 2293 Asamus.
366 2263 421 2304 (8)
433 2262 507 2293 Vid.
522 2261 651 2302 supra'l.
667 2273 695 2303 9.
711 2273 736 2292 e.
750 2272 801 2302 43.

231 2327 266 2356 C.
285 2335 312 2357 2.
329 2327 383 2367 (1)
400 2325 463 2356 Hic
480 2326 545 2356 fine
560 2325 662 2356 dubio
679 2325 721 2356 est
739 2326 950 2368 Cleonymus,
974 2325 1155 2357 Cleomenis
1179 2325 1261 2368 regis
1279 2325 1374 2364 filius,
1396 2327 1479 2359 Arei

182 2370 265 2412 regis
283 2379 429 2412 patruus,
452 2381 548 2411 quem
572 2371 678 2412 postea
696 2371 840 2413 Pyrrhus
857 2370 890 2401 in
909 2381 1043 2412 regnum
1060 2381 1213 2402 revocare
1230 2372 1378 2403 tentavit.
1426 2374 1477 2403 De

181 2416 249 2456 ejus
272 2416 367 2446 rebus
384 2415 417 2446 in
434 2415 524 2446 Italia
542 2416 571 2445 Se
590 2415 733 2457 Corcyra
754 2415 844 2457 gestis
861 2415 926 2446 vid.
950 2415 1046 2446 Diod.
1063 2414 1112 2447 Sic
1138 2416 1158 2446 l.
1181 2425 1231 2447 20.
1263 2416 1317 2456 qui
1347 2417 1477 2458 expedi-

180 2460 304 2491 tionem
320 2461 385 2501 ejus
397 2462 437 2491 ad
454 2471 576 2491 annum
593 2461 828 2501 praecedentem
846 2462 958 2491 refert.
1006 2461 1158 2492 Ceterum
1185 2471 1251 2491 non
1278 2462 1476 2504 Cleonymus

181 2515 317 2546 regnum
333 2506 566 2536 Lacedaemone
581 2505 736 2541 obtinuit,
757 2506 811 2536 sed
823 2508 929 2536 Areus
946 2505 1031 2536 filius
1047 2505 1156 2536 fratris
1172 2506 1250 2546 ejus,
1269 2505 1298 2535 δε
1313 2507 1475 2538 Leonidas

182 2550 353 2593 Cleonymi
371 2550 471 2581 filius:
498 2551 584 2581 unde
609 2549 786 2591 improprie
802 2549 916 2580 Livius
940 2550 1026 2580 infra
1051 2551 1112 2581 hoc
1136 2561 1208 2591 cap.
1226 2564 1314 2593 regem
1332 2553 1473 2583 vocavit.

179 2596 235 2635 (2)
263 2597 385 2632 *Ihm-im,
409 2594 472 2626 five
491 2595 595 2626 ‘Thurii
608 2595 696 2632 urbs,
718 2595 807 2636 prius
825 2596 952 2636 Sybaris,
978 2597 1063 2626 certe
1080 2606 1184 2636 prope
1202 2596 1332 2636 Sybarim
1349 2608 1386 2627 ex
1404 2597 1472 2638 ejus

178 2640 283 2670 ruinis
304 2641 446 2677 condita,
468 2652 486 2670 a
506 2639 687 2671 Sallentinis
699 2639 880 2670 Tarentino
894 2639 962 2671 sinu
979 2639 1146 2671 dividitur¹
1194 2641 1367 2682 Doujatius
1384 2652 1472 2672 erro-

178 2695 246 2715 rem
262 2685 417 2727 irrepslffe
434 2693 541 2726 putat.
589 2686 642 2727 (3)
655 2685 703 2716 Sic
720 2684 817 2726 supr}
830 2685 849 2714 l.
863 2695 892 2715 2.
912 2696 937 2715 c.
954 2695 1002 2724 13.
1018 2699 1086 2727 agro
1102 2687 1224 2715 Romano
1236 2688 1351 2728 excfft.
1370 2687 1400 2716 &c
1415 2687 1472 2717 ali-

160 2732 162 2734 ’
177 2727 210 2760 bi
222 2731 311 2772 saepe.
355 2731 408 2772 (4)
434 2730 483 2762 Sic
493 2739 627 2777 expauere
641 2734 670 2761 in
686 2738 791 2762 terram
808 2729 920 2761 Livius
938 2730 1020 2761 dixit
1043 2731 1127 2762 infra
1151 2730 1171 2761 l.
1187 2739 1237 2768 24.
1257 2741 1288 2762 c.
1306 2741 1357 2769 40.
1382 2731 1401 2760 l«
1419 2742 1469 2805 figi

798 2776 815 2805 S
846 2783 865 2805 2
1400 2786 1417 2805 c
1465 2797 1469 2803 ,
