1853 3158
358 329 639 377 LIBER
696 328 1013 371 VLCAP.
1069 327 1142 370 ix,
1572 336 1620 377 1,-

113 465 205 491 rum
234 447 382 491 fiduci&
408 447 708 496 rebellaverant,
739 445 890 486 remitis
912 446 1064 496 castris,
1097 443 1300 485 moenibus
1330 443 1401 484 Sa·

113 510 202 549 ttici
223 509 260 550 se
282 508 492 549 includunt
514 508 588 559 (7).
624 517 724 557 quos
746 503 877 556 primo
895 504 1091 544 Camillus
1107 505 1210 543 vallo
1231 503 1403 543 circum-

113 568 224 617 dare,
259 569 297 607 &
328 577 468 619 aggere
499 572 619 615 atque
655 561 843 614 operibus
874 575 1106 615 oppugnare
1138 561 1194 600 est
1226 562 1403 600 adortus.
1424 579 1562 609 Sannum

160 638 220 663 uae
253 622 461 676 postquam
496 618 607 660 nulla
642 619 852 672 eruptione
887 619 1072 671 impediri
1105 618 1238 666 videt3
1272 619 1405 656 minus
1423 628 1539 666 capitur.

113 624 189 720 Ξῖ
220 680 341 720 animi
371 688 480 718 ratus
502 678 543 716 in
574 676 703 726 hoste,
735 675 858 729 quam
881 685 925 714 ut
957 678 1018 729 (8)
1050 675 1091 713 in
1117 689 1164 715 eo
1186 685 1268 717 tam
1287 677 1406 715 lentae

115 738 196 791 spei
227 737 436 778 viCtoriam
470 734 731 789 exspe&aret,
765 733 996 773 cohortatus
1033 732 1192 781 milites,
1223 747 1289 784 ne,
1320 743 1407 772 tan-

113 809 234 848 quam
255 795 380 849 Vejos
401 801 696 847 oppugnantes,
730 792 770 830 in
798 804 918 844 opere
946 789 1168 844 longinquo
1199 789 1276 829 sese
1304 800 1407 829 tere-

113 862 216 901 rent,
247 852 459 892 vi8mriam
488 851 528 889 in
548 849 732 889 manibus
754 849 854 896 effe3
887 848 1039 902 ingenti
1069 847 1243 885 rnilitum
1271 848 1408 886 alacri-

111 918 193 949 tate
210 910 360 949 moenia
377 909 555 961 undique
579 907 791 962 aggreffus‚
809 906 920 945 scalis
940 904 1134 959 oppidum
1157 905 1274 958 cepit.
1309 904 1408 944 Vol-

113 967 166 1007 sci
188 967 356 1022 abjectis
378 966 497 1006 armis
514 965 592 1004 sese
610 964 863 1004 dediderunt.

170 1024 244 1064 IX.
279 1021 474 1065 Ceterum
508 1023 666 1061 animus
700 1022 813 1061 ducis
835 1021 891 1060 rei
913 1021 1071 1075 majori,
1103 1021 1244 1069 Antio,
1277 1019 1410 1059 immic-

111 1081 243 1120 nebat.
277 1081 316 1120 id
339 1090 460 1134 caput
475 1080 735 1130 Volscorum,
768 1092 856 1118 eam
878 1078 991 1118 fuiffe
1012 1078 1208 1132 originem
1238 1078 1410 1131 proximi

111 1137 216 1178 belli.
278 1138 358 1178 Sed
384 1138 477 1191 quia
505 1138 574 1177 nisi
603 1151 750 1191 magno
780 1145 988 1190 apparatu,
1021 1136 1231 1175 tormentis
1258 1135 1412 1175 machi-

111 1196 270 1248 nisque,
301 1205 383 1235 tam
405 1196 533 1235 valida
556 1194 650 1234 urbs
673 1194 761 1248 capi
782 1208 864 1233 non
891 1203 1073 1247 poterat3
1106 1193 1247 1232 reli&o
1273 1195 1321 1233 ad
1343 1207 1412 1232 ex-

111 1254 283 1293 ercitum
313 1252 479 1307 collega,
511 1253 688 1292 Romam
721 1251 776 1291 est
808 1251 1033 1305 profefitus,
1065 1260 1110 1290 ut
1145 1250 1326 1291 senatum
1361 1251 1412 1290 ad

112 1311 381 1351 excidendum
414 1310 587 1351 Antium
623 1309 864 1349 hortaretur.
926 1309 1036 1348 Inter
1070 1308 1293 1348 sermonem
1325 1309 1412 1363 ejus

113 1369 251 1422 (credo
286 1371 362 1422 (1),
406 1382 491 1407 rem
530 1367 740 1407 Antiatem
776 1366 1071 1406 diuturniorem
1108 1380 1284 1416 manere,
1320 1366 1413 1406 Diis

113 1426 226 1466 cordi
248 1425 379 1478 fuiffe)
402 1424 519 1480 legati
548 1424 596 1464 ab
620 1426 680 1478 (2)
700 1423 859 1477 Nepete
881 1438 926 1464 ac
946 1424 1098 1474 Sutrio,
1129 1424 1323 1464 auxilium
1345 1425 1413 1463 ad-

111 1482 252 1522 versus
272 1482 459 1522 Etruscos
481 1491 679 1536 petentes,
701 1482 883 1530 veniunt,
907 1484 965 1536 (3)
986 1481 1148 1521 brevem
1165 1482 1411 1521 occafionem
1431 1495 1539 1525 Bellum
1554 1508 1612 1526 cm

113 1541 187 1580 effe
209 1540 364 1580 ferendi
387 1540 523 1579 auxilii
546 1549 825 1579 memorantes.
858 1536 908 1578 eo
926 1539 1008 1578 vim
1031 1539 1192 1580 Camilli
1214 1539 1263 1579 ab
1286 1540 1411 1579 Antio
1432 1542 1622 1591 &mstis-Su-

113 1597 278 1637 fortuna
295 1598 448 1638 avertit.
509 1597 699 1650 Namque
721 1611 848 1649 quum
864 1610 910 1635 ea
926 1598 1014 1636 loca
1030 1597 1208 1649 opposita
1225 1597 1411 1649 Etruriae,
1430 1586 1634 1661 'sbiumdff‘d‘n‘

119 1658 158 1695 8<
182 1655 290 1694 velut
313 1655 481 1695 claustra
503 1655 595 1693 inde
617 1663 823 1707 portaeque
844 1654 992 1702 effent3
1027 1656 1067 1694 &
1090 1654 1166 1693 illis
1188 1655 1411 1708 occupandi
1430 1638 1451 1660 Π
1472 1644 1510 1660 ‘⁶'

112 1726 176 1761 ea,
209 1726 335 1765 quum
357 1713 454 1767 quid
471 1711 566 1752 novi
579 1711 831 1760 molirentur,
865 1714 904 1752 &
931 1710 1128 1751 Romanis
1149 1713 1413 1764 recuperandi

1192 1769 1412 1823 tuendique

115 1889 359 1920 rebellaverant.
385 1886 471 1919 infra
495 1889 514 1919 l.
538 1888 566 1920 8.
594 1899 619 1920 c.
653 1887 681 1919 8.
708 1889 825 1918 minimae
839 1888 952 1930 fiduciae
978 1900 1098 1925 manum,
1120 1896 1181 1929 pro
1205 1897 1335 1919 manum
1361 1887 1412 1919 cui

115 1933 246 1964 minim&
260 1933 381 1964 fiditur.
427 1934 482 1975 (7)
505 1935 686 1973 Includerefi’
698 1935 832 1970 manibus,
849 1941 884 1963 ut
902 1932 987 1963 infre}
1005 1944 1033 1963 c.
1054 1942 1107 1973 19.
1129 1935 1264 1974 oppia'ofi
1282 1935 1414 1976 Praensse

113 1980 262 2009 includunt.
309 1978 364 2018 (8)
389 1979 423 2008 In
452 1978 508 2009 tali
534 1978 640 2015 hoste3
664 1988 765 2019 quum
793 1986 859 2008 tam
886 1977 1030 2008 imbelles
1053 1977 1154 2008 hostes
1176 1977 1234 2008 fibi
1251 1977 1413 2019 oppositos

116 2022 257 2054 haberet.
304 2023 420 2053 Similis
443 2023 517 2054 usus
533 2021 770 2064 praepofitionis
794 2026 833 2060 in,
856 2023 943 2063 apud
959 2021 1092 2053 Livium
1108 2024 1260 2063 frequens
1284 2022 1340 2053 est.
1365 2023 1414 2053 l'u-

116 2067 175 2107 pre}
188 2068 207 2098 l.
226 2077 256 2106 3.
275 2079 300 2098 c.
319 2077 368 2106 17.
391 2070 560 2108 atgfurumfi
576 2071 604 2097 in
616 2069 826 2108 tribzmis‚quod
833 2071 963 2109 princeps
965 2069 1092 2107 familiae
1097 2069 1158 2108 sim?
1170 2080 1206 2097 au
1221 2081 1249 2097 us
1261 2071 1288 2097 in
1305 2069 1413 2108 regibus

116 2112 188 2153 fft.
211 2112 234 2143 l.
251 2121 282 2150 5.
302 2123 327 2143 c.
347 2123 396 2143 11.
419 2115 446 2142 in
460 2115 494 2143 iis
500 2112 557 2153 fia'z'
567 2114 697 2156 potestate
708 2125 758 2142 non
776 2116 825 2143 uti.
849 2123 874 2143 c.
892 2112 942 2151 36.
965 2114 1103 2143 decernere
1119 2115 1146 2142 in
1163 2119 1246 2142 tantae
1263 2115 1413 2143 nobilitatis

117 2158 200 2186 viris.
223 2156 307 2187 infra
324 2157 346 2188 l.
366 2157 396 2188 6.
415 2168 445 2188 c.
463 2166 513 2189 22.
526 2157 650 2198 faede'que
662 2160 689 2187 in
702 2160 789 2198 captis
806 2160 956 2188 vifforiam
971 2170 1124 2188 exercuere.
1171 2156 1322 2188 Similiter
1339 2157 1414 2187 Vir-

118 2199 221 2240 gilius,
243 2201 262 2230 l.
280 2210 308 2232 2.
322 2203 397 2232 AEn.
413 2213 446 2232 v.
464 2212 538 2240 540.
584 2204 627 2233 At
643 2216 693 2232 non
704 2204 750 2233 ille
764 2226 769 2231 .
784 2225 792 2233 ,
804 2224 812 2232 .
829 2204 951 2232 Achilles
972 2201 1052 2233 ‘Talis
1069 2205 1096 2231 in
1113 2203 1251 2245 hqstefuit
1268 2205 1394 2233 Priamo.

166 2262 202 2292 C.
221 2271 250 2301 9.
275 2262 328 2303 (1)
350 2263 637 2295 Drakenborchius
654 2263 802 2295 codicum
818 2263 941 2304 aliquot
959 2263 1104 2295 meminit
1119 2264 1174 2304 qui
1192 2275 1252 2305 pro
1264 2267 1338 2295 credo
1355 2277 1412 2295 rem

121 2308 297 2346 praeferunt
324 2311 454 2345 crederes,
476 2309 527 2339 vel
551 2311 694 2346 crederem,
716 2309 767 2339 vel
783 2309 923 2349 denique
938 2312 1055 2340 credere.
1103 2310 1158 2340 Ille
1174 2309 1342 2351 vulgatum
1359 2321 1413 2340 ve-

121 2350 186 2381 rius
202 2349 375 2389 existimat3
397 2360 429 2382 at
446 2363 523 2393 pace
539 2352 624 2384 illius
640 2352 774 2384 omnino
787 2354 956 2395 legendum
969 2354 1081 2385 censeo
1097 2357 1225 2390 crederes,
1238 2368 1293 2384 rem
1308 2357 1412 2385 Antia-

118 2402 171 2425 tem
190 2396 247 2426 &c.
292 2396 374 2425 Tam
391 2399 574 2437 opportune
591 2405 748 2428 venerunt
766 2399 870 2439 legati,
893 2410 1008 2440 nempe
1025 2399 1076 2430 vel
1098 2401 1169 2429 inter
1177 2401 1329 2439 firmouem
1352 2402 1413 2430 Ca-

120 2439 213 2477 milli,
236 2447 271 2470 ut
288 2439 443 2471 divinitus
456 2440 535 2471 miffi
550 2441 749 2479 viderentur,
761 2454 826 2483 quo
843 2443 1015 2474 exscidium
1033 2443 1073 2474 ab
1086 2443 1189 2473 Antio
1203 2452 1412 2474 averteretur.

120 2486 167 2514 Ita
184 2487 269 2515 certe
283 2484 360 2515 alibi
376 2485 479 2516 noster
496 2485 621 2516 locutus
635 2487 693 2517 est:
719 2495 754 2517 ut
773 2488 867 2528 supra
885 2488 903 2517 l.
921 2497 952 2519 2.
967 2499 995 2519 c.
1015 2497 1064 2527 35.
1080 2491 1276 2530 quicquiderat
1290 2491 1412 2519 Panum

119 2542 177 2559 reos
194 2532 302 2559 diceres.
319 2540 344 2559 c.
362 2539 416 2568 43.
440 2533 558 2559 crederes
569 2534 667 2561 viffios.
716 2531 921 2567 Sententiam,
946 2532 980 2562 ni
993 2532 1099 2570 fallor,
1121 2532 1289 2564 evanidam
1303 2533 1412 2564 Livio-

122 2584 185 2613 que
212 2573 376 2615 indignam
405 2574 571 2615 vulgatum
596 2575 731 2606 exhibet.
778 2577 891 2616 Neque
915 2575 1044 2608 difficile
1061 2579 1155 2613 foret,
1178 2577 1199 2608 fi
1228 2578 1260 2608 id
1277 2578 1411 2608 instituti

122 2617 220 2648 nostri
238 2618 322 2649 ratio
347 2618 530 2659 postularet,
553 2619 715 2650 ostendere
741 2622 905 2660 quomodo
926 2632 962 2652 ex
987 2621 1155 2663 scriptura,
1178 2633 1275 2662 quam
1292 2634 1308 2652 a
1327 2623 1410 2656 Lini

123 2672 220 2693 manu
248 2662 339 2693 fuisse
364 2663 483 2704 judico,
507 2663 637 2703 reliquae
664 2675 772 2695 omnes
802 2664 1035 2705 profluxerunt.
1059 2669 1094 2697 E.
1142 2668 1196 2708 (2)
1221 2668 1342 2708 Regula
1370 2669 1412 2698 est

124 2707 415 2746 grammaticorum,
438 2717 553 2738 neutra
570 2708 603 2738 in
619 2723 632 2738 e
648 2709 825 2740 ablativum
841 2710 959 2740 habere
975 2711 1008 2741 in
1026 2714 1042 2741 i.
1090 2712 1165 2742 Inde
1178 2720 1285 2742 autem
1305 2713 1412 2742 omnia

122 2751 251 2783 nomina
268 2753 401 2794 propria
419 2753 583 2785 eximenda
602 2754 686 2786 sunt.
732 2754 786 2796 (3)
812 2755 988 2791 Auxilium,
1004 2756 1035 2786 ni
1054 2755 1118 2786 cito
1136 2758 1286 2793 ferretur,
1309 2757 1412 2786 serum

1334 2803 1411 2830 fuis.
