1853 3158
147 251 231 293 350

146 350 338 391 lle-35..-

147 397 189 425 A.

843 239 895 281 T.
955 238 1216 282 LIVII

433 353 552 395 VIII.
582 354 803 408 Inscquens
825 369 953 395 annus
982 354 1165 395 tribunos
1183 352 1358 394 militum
1388 348 1584 394 consulari
1609 366 1682 409 po-

149 440 187 468 C
202 397 338 472 Sergii).
374 412 512 452 testate
532 412 675 451 h.bu1t
697 411 745 452 C.
769 412 985 453 Servilium
1017 412 1193 454 Ahalam
1231 409 1415 461 tertium,
1440 410 1682 475 QServili-

134 484 201 512 .n¹.
225 486 284 517 sce.
296 488 353 518 lr.
374 485 459 519 um,
482 470 530 509 I.
554 469 806 533 Virgini-ium,
842 470 1175 526 QSulpicium,
1208 470 1260 510 A.
1286 468 1681 520 Manliumiterum,

148 527 228 562 Mil.

374 529 437 567 Μ
443 558 451 566 .
470 527 658 581 Sergium
692 526 853 567 iterum.
872 527 934 567 his
965 527 1152 575 tribunis,
1184 528 1282 566 dum
1305 540 1401 566 cura
1422 525 1609 565 omnium
1640 526 1683 567 in

373 585 528 639 Vejens
560 584 714 624 bellum
736 585 890 624 intenta
905 584 976 633 est,
1009 585 1243 640 neglec‘tum
1266 584 1427 623 Anxuri
1453 583 1683 637 praesidium

371 644 472 696 (1)v
464 641 726 682 acationibus
743 642 936 692 militum,
965 644 1001 682 &
1024 642 1194 682 Volscos
1211 651 1455 682 mercatores
1476 641 1599 696 vulgo
1619 654 1683 681 re-

370 701 586 753 ceptando,
601 699 770 752 proditis
782 698 946 753 repente
960 709 1169 754 portarum
1187 698 1436 748 custodibus,
1452 698 1683 752 oppreffum

371 757 442 795 est.
467 758 602 797 minus
620 757 796 796 militum
814 757 947 810 periit,
962 757 1072 810 quia,
1100 767 1246 811 praeter
1266 770 1411 810 aegros,
1448 755 1653 796 lixarum'
1643 768 1686 795 m

373 815 542 853 modum
565 829 706 854 omnes
724 829 796 867 per
824 829 940 869 agros
972 814 1201 867 vicinasque
1220 813 1338 853 urbes
1359 813 1684 868 negotiabantur.

370 871 461 912 Nec
480 872 597 927 Vejis
619 871 765 912 meliuS
786 873 894 926 gesta
915 886 993 921 res,
1026 873 1137 925 quod
1158 882 1247 911 tum
1270 881 1390 924 caput
1407 871 1592 909 omnium
1614 884 1686 910 cu-

371 943 509 969 rarum
526 929 783 983 publicarum
805 939 902 969 erat.
925 944 1019 968 nam
1045 934 1085 969 &-
1108 931 1233 969 duces
1256 928 1436 968 Romani
1457 928 1548 981 plus
1581 927 1689 966 inter

374 987 411 1026 se
446 987 612 1034 irarum,
656 986 781 1040 quam
818 985 1011 1027 adversus
1031 986 1165 1026 hostes
1181 987 1323 1037 animi,
1355 984 1612 1025 habuerunt:
1646 986 1690 1026 ἅτ

374 1043 543 1084 auctum
568 1044 624 1083 est
651 1044 804 1083 bellum
834 1045 1010 1083 adventu
1031 1044 1243 1097 repentino
1265 1043 1535 1107 Capenatium
1549 1051 1688 1107 ’atque

373 1101 635 1142 Faliscorum.
699 1101 757 1140 Hi
778 1102 860 1140 duo
882 1100 1055 1140 Etruriae
1087 1101 1243 1154 populi,
1275 1100 1369 1152 quia
1385 1099 1559 1153 proximi
1581 1099 1689 1154 regi-

373 1172 451 1198 one
473 1167 603 1207 erant,
635 1158 806 1198 devietis
827 1158 963 1212 Vejis,
982 1157 1089 1198 bello
1112 1171 1276 1226 quoque
1300 1157 1493 1196 Romano
1511 1156 1548 1195 se
1565 1171 1687 1209 prox-

375 1217 479 1256 imos
501 1215 588 1255 fore
617 1216 849 1256 credentes·
841 1245 852 1263 ,
887 1215 1029 1256 Falisci
1049 1215 1210 1270 propria
1242 1214 1364 1255 etiam
1385 1228 1506 1255 causa
1539 1213 1690 1262 infesti,

374 1275 490 1326 quod
506 1273 691 1313 Fidenati
712 1272 818 1313 bello
841 1272 909 1312 se
894 1287 981 1328 jam
1003 1282 1120 1313 antea
1140 1272 1458 1320 immiscuerant‚
1489 1285 1561 1325 per
1580 1271 1689 1325 lega-

375 1340 437 1371 tos
455 1331 561 1370 ultro
579 1331 762 1384 citroque
778 1330 911 1370 miffos
928 1331 1196 1386 jurejurando
1214 1331 1318 1369 inter
1335 1328 1373 1368 se
1387 1328 1568 1382 obligati,
1591 1342 1689 1368 cum

375 1387 620 1429 exercitibus
641 1388 884 1440 necopinato
901 1389 951 1427 ad
968 1389 1096 1442 Vejos
1110 1388 1314 1428 accessere.
1375 1385 1497 1426 Forte
1518 1386 1565 1425 ea
1586 1386 1692 1439 regi-

376 1460 472 1496 one,
504 1461 584 1502 qua
616 1447 691 1486 Μ’.
722 1445 888 1500 Sergius
922 1444 1111 1485 tribunus
1142 1444 1320 1484 militum
1349 1451 1533 1497 praeerat‚
1565 1442 1693 1482 castra

378 1504 508 1544 adorti
530 1503 639 1554 sunt,
671 1503 961 1567 ingentemque
989 1511 1186 1542 terrorem
1220 1501 1419 1541 intulere·
1409 1530 1421 1549 ‚
1454 1500 1550 1554 quia
1571 1500 1694 1539 Etru-

378 1561 482 1602 riam
503 1575 669 1601 omnem
693 1563 754 1614 (2)
773 1561 948 1600 excitam
971 1559 1129 1600 sedibus
1157 1573 1304 1614 magna
1335 1559 1441 1598 mole
1461 1558 1588 1598 adeffe
1605 1557 1694 1598 Ro-

380 1619 492 1658 mani
521 1619 787 1659 crediderant.
821 1619 962 1658 eadem
984 1618 1122 1672 opinio
1144 1618 1341 1672 Vejentes
1373 1617 1415 1656 in
1438 1614 1537 1656 urbe
1558 1615 1695 1656 conci-

379 1676 492 1716 tavit.
544 1677 605 1716 Ita
627 1676 791 1729 ancipiti
813 1676 960 1731 proelio
982 1675 1108 1715 castra
1123 1675 1311 1714 Romana
1325 1673 1692 1728 oppugnabantur·
1681 1702 1694 1722 ,

381 1733 761 1786 concuisantesque,
784 1749 913 1786 quum
930 1733 1011 1772 huc
1030 1742 1150 1785 atque
1173 1733 1267 1772 illuc
1287 1732 1394 1786 ligna
1414 1730 1696 1778 transferrent,

382 1805 457 1831 nec
473 1791 695 1846 Vejentem
711 1790 803 1831 satis
824 1790 1010 1831 cohibere
1033 1791 1137 1829 intra
1159 1790 1406 1829 munitiones
1425 1790 1501 1843 (3),
1523 1801 1598 1828 nec
1616 1786 1697 1828 suis

384 1848 650 1888 munimentis
672 1862 807 1888 arcere
828 1849 926 1897 vim,
959 1863 1003 1888 ac
1025 1848 1129 1888 tueri
1158 1847 1195 1887 se
1224 1847 1272 1887 ab
1294 1846 1492 1886 exterime
1509 1855 1697 1900 poterant

384 1906 512 1946 hoste.
534 1920 614 1946 una
637 1906 723 1960 spes
744 1916 843 1955 erat,
877 1907 902 1946 fi
920 1921 968 1946 ex
991 1905 1212 1975 majoribus
1244 1905 1381 1944 castris
1403 1903 1698 1953 subveniretur,

387 1973 432 2003 ut
448 1963 610 2004 diversae
628 1964 823 2028 legiones,
842 1964 928 2004 aliae
946 1961 1137 2005 adversus
1151 1964 1402 2016 Capenatem
1419 1976 1463 2002 ac
1477 1960 1697 2012 Faliscum,

386 2022 474 2061 aliae
510 2030 652 2062 contra
683 2022 939 2075 eruptionem
974 2022 1272 2075 oppidanorum
1299 2034 1421 2076 mpugx
1411 2028 1550 2059 arent.
1615 2018 1699 2059 Sed

387 2079 524 2119 castris
546 2088 715 2133 praeerat
735 2080 963 2134 Virginius,
996 2079 1182 2133 privatim
1212 2079 1354 2132 Sergio
1391 2077 1540 2117 invisus
1576 2074 1700 2116 infes-

388 2136 545 2190 tusque.
579 2137 626 2186 is,
656 2152 785 2190 quum
807 2138 998 2190 pleraque
1030 2137 1188 2178 castella
1217 2144 1465 2191 oppugnata,
1496 2134 1700 2188 superatas

390 2195 654 2245 munitiones,
678 2194 866 2248 utrinque
890 2195 955 2234 inv
947 2194 1023 2234 ehi
1037 2194 1194 2234 hostem
1216 2194 1492 2246 nunciaretur,
1514 2193 1555 2231 in
1577 2191 1701 2232 armis

389 2253 538 2293 milites
550 2252 680 2292 tenuit
700 2268 708 2291 ι
741 2265 765 2291 n
787 2267 889 2305 opus
907 2251 1010 2292 foret
1028 2252 1192 2301 auxilio,
1215 2252 1411 2306 collegam
1435 2249 1627 2290 dietitans
1648 2249 1700 2288 ad

389 2309 427 2349 se
450 2311 672 2350 missurum.
734 2310 874 2364 Hujus
906 2310 1175 2364 arrogantiam
1208 2309 1427 2363 pertinacia
1463 2308 1626 2348 alterius
1648 2321 1702 2347 ae-

390 2367 564 2422 quabat3
602 2367 686 2421 qui,
710 2381 759 2407 ne
782 2382 903 2422 quam
926 2382 1046 2422 opem
1069 2367 1117 2408 ab
1140 2367 1304 2419 inimico
1325 2367 1528 2417 videretur
1548 2365 1702 2420 petisse,

1590 2436 1699 2475 vinci

450 2541 522 2572 ..8
542 2541 597 2582 (1)
619 2544 783 2572 Vacatt'ones
802 2542 874 2573 sunt
892 2553 965 2583 quae
993 2542 1180 2593 supi-amm
1180 2550 1232 2573 ztea
1236 2556 1263 2573 ts
1293 2541 1384 2579 dixit,
1407 2542 1430 2572 l.
1451 2551 1481 2572 1.
1502 2552 1527 2571 c.
1553 2547 1605 2578 57·
1652 2536 1703 2572 Slc

394 2586 446 2616 iri
448 2587 482 2615 ra
511 2587 530 2616 l.
554 2596 579 2624 7.
597 2598 624 2618 c.
646 2588 696 2618 28.
732 2588 750 2617 l.
770 2588 797 2619 8.
824 2599 850 2617 c.
868 2597 918 2618 20.
966 2590 1005 2618 Et
1032 2588 1077 2619 ita
1094 2590 1351 2618 vacamn'fsazlitiae
1378 2599 1485 2617 vumere
1511 2585 1533 2616 l.
1552 2595 1584 2621 4.
1602 2594 1630 2614 c·
1652 2582 1702 2615 26

394 2632 431 2666 (2
418 2630 516 2670 &Sic
534 2631 644 2661 infra!
637 2656 658 2661 ..
681 2642 853 2670 27.c.5'1.
888 2635 1027 2675 Alflofivo
1022 2637 1071 2662 lin
1055 2647 1099 2662 νοτ
1133 2637 1172 2663 εἰς
1176 2638 1250 2663 wirne
1252 2646 1321 2662 nm
1314 2633 1462 2671 nivmszrt,
1486 2630 1704 2677 excitos-fidihts

391 2685 462 2715 sua-³·
485 2675 506 2706 l·
528 2685 578 2715 32.
604 2688 631 2707 c.
652 2688 681 2708 1
669 2678 731 2716 .l.
750 2687 800 2715 42.
824 2689 843 2708 τ.
866 2688 914 2709 11.
939 2680 969 2709 ἃ
986 2677 1072 2710 alibi.
1120 2679 1154 2720 (3
1160 2680 1174 2719 )
1200 2679 1288 2720 Qas
1307 2677 1392 2717 Vejis
1411 2672 1701 2749 Romffl¹ic<ircum

1534 2728 1571 2750 cc
1597 2724 1689 2748 eran
