1832 3137
361 272 396 313 L
426 273 445 313 1.
476 271 508 312 Β
539 269 571 311 Ε
603 269 643 310 R
703 269 756 309 11.
817 269 998 318 CAP·
1059 270 1211 313 wa.
1568 278 1639 328 163

139 388 251 443 cipiti
269 388 412 443 proelio
428 385 596 442 digressi,
618 385 773 439 postero
795 386 858 425 die
879 387 1048 427 retulere
1070 387 1194 427 castra
1215 387 1255 426 in
1277 387 1424 428 tutiora

139 448 240 486 loca.
302 447 346 486 Id
381 445 469 485 satis
502 444 653 484 consuli
684 443 828 494 visum,
860 458 931 483 cur
952 459 1023 498 pro
1055 445 1163 486 νὶᾶο
1184 446 1426 499 relinqueret
1444 472 1483 501 U.
1495 470 1607 507 c‚235-

140 503 311 554 hostem,
341 505 402 557 (3)
432 502 587 556 integro
609 501 700 540 inde
716 501 911 541 decedens
928 501 1044 542 bello.
1445 519 1484 547 A.
1499 518 1533 547 C.
1551 504 1626 552 467·

199 562 350 601 LXIII.
381 560 490 599 Inter
510 559 596 599 haec
615 558 734 607 bella,
766 568 951 597 manente
988 560 1181 600 discordia
1218 561 1344 612 dorni,
1373 561 1424 600 T.
1444 560 1610 612 T.Nun157

140 619 357 659 Numicius
378 616 549 666 Priscus,
582 617 634 656 A.
653 616 863 670 Virginius
880 616 1060 656 consules
1075 617 1186 657 faeti.
1248 619 1345 657 Non
1368 619 1428 657 ul-
1445 607 1643 681 0¹.01A·CV¹{'·

141 676 204 716 tra
224 675 429 716 videbatur
449 675 576 714 latura
596 673 730 727 plebes
761 673 991 712 dilationem
1009 675 1170 728 agrariae
1192 676 1305 729 legis,
1338 676 1428 714 ulti·
1447 661 1533 692 gimo
1581 660 1629 679 ⁰¹'

142 748 287 786 maque
319 733 377 772 vis
413 731 647 786 parabatur3
691 745 832 784 quum,
863 730 1031 770 Volscos
1063 733 1201 781 adesse,
1233 733 1346 772 fumo
1381 748 1429 773 ex

140 790 335 831 incendiis
356 790 539 829 villarum
561 788 736 844 fugitque
756 787 970 842 agrestium
992 790 1199 842 cognitum
1214 790 1284 829 est.
1307 804 1351 829 ea
1369 805 1431 829 res

143 858 342 888 maturam
360 848 445 902 jam
466 846 700 886 seditionem
717 860 762 885 ac
790 843 913 899 prope
945 856 1223 899 erumpentem
1244 848 1431 900 repreffit.

144 905 354 955 Consules,
375 908 435 959 (1)
455 904 585 944 coaCti
599 905 799 956 extemplo
813 903 861 943 ab
883 902 1019 942 senatu
1037 905 1085 943 ad
1102 903 1266 953 bellum,
1288 906 1435 944 edu&?r

142 977 193 1003 ex
215 963 311 1003 urbe
328 963 554 1017 juventute,
586 961 903 1014 tranquilliorem
936 971 1108 1001 ceteram
1139 962 1296 1014 plebem
1328 961 1434 1002 fece-

143 1031 252 1060 runt.
312 1021 363 1059 Et
395 1019 526 1060 hostes
549 1019 726 1072 quidem,
760 1022 818 1073 (2)
850 1017 949 1057 nihil
980 1019 1087 1058 aliud
1110 1018 1231 1072 quam
1268 1019 1434 1072 perfusis

143 1093 245 1117 vano
263 1078 405 1117 timore
423 1077 637 1126 Romanis,
668 1076 788 1116 citato
810 1077 968 1130 agmine
997 1076 1159 1116 abeunt.
1219 1077 1434 1117 Numicius
1456 1092 1627 1120 Bellatum».

149 1136 323 1175 Antium
340 1133 531 1177 adversus
560 1134 745 1184 Volscos,
777 1134 988 1188 Virginius
1009 1144 1146 1174 contra
1171 1135 1329 1187 AEquos
1347 1150 1437 1188 pro-
1456 1138 1567 1187 AEqfss
1594 1138 1630 1165 ‘5'

142 1192 290 1235 :fe-stus.
313 1192 367 1232 ibi
398 1207 444 1232 ex
468 1192 615 1232 insidiis
640 1189 763 1246 prope
794 1193 938 1246 magna
968 1193 1129 1245 accepta
1152 1194 1279 1243 clade,
1310 1193 1436 1232 virtus
1458 1183 1565 1221 ’ΨΜ

146 1250 321 1289 militum
353 1265 453 1298 rem,
494 1250 715 1304 prolapsam
748 1249 990 1303 negligentia
1026 1250 1212 1298 consulis,
1252 1250 1434 1290 restituit.

145 1307 300 1348 Melius
322 1308 363 1347 in
378 1308 534 1348 Volscis
550 1308 791 1361 imperatum
807 1307 875 1346 est.
936 1307 1024 1347 Fufi
1044 1308 1172 1360 primo
1190 1307 1332 1360 proelio
1349 1308 1437 1347 hos-

147 1374 222 1414 tes,
254 1364 429 1420 fugaque
452 1366 492 1404 in
527 1365 667 1406 urbem
690 1366 878 1412 Antium,
910 1375 955 1404 ut
975 1376 1062 1404 tum
1084 1380 1145 1404 res
1178 1375 1307 1416 erant,
1339 1380 1438 1418 opus

147 1423 399 1462 lentiffimam
421 1423 516 1463 aeli.
537 1437 657 1475 quam
680 1422 817 1462 consul
833 1437 1066 1476 oppugnare
1087 1436 1168 1461 non
1197 1422 1330 1473 ausus,
1362 1422 1439 1462 Ce-

150 1494 315 1530 nonem,
346 1481 454 1520 aliud
475 1480 685 1534 oppidum,
716 1494 971 1532 nequaquam
993 1490 1074 1518 tam
1106 1481 1358 1532 opulentum,
1390 1479 1439 1519 ab

151 1537 383 1577 Antiatibus
405 1538 522 1590 cepit.
582 1538 696 1577 Dum
716 1537 843 1589 AEqui
867 1536 1080 1590 Volscique
1098 1537 1306 1576 Romanos
1327 1551 1440 1576 exer-

149 1595 253 1634 citus
275 1604 426 1644 tenent,
457 1594 594 1634 Sabini
623 1594 745 1647 usque
768 1596 816 1633 ad
838 1604 973 1647 portas
998 1594 1106 1634 urbis
1126 1596 1363 1647 populantes
1380 1595 1440 1633 in-

149 1653 292 1699 cessere
313 1655 388 1706 (3).
421 1652 564 1691 deinde
581 1652 648 1705 ipsi
671 1652 808 1705 paucis
825 1651 910 1704 post
928 1651 1067 1692 diebus
1088 1651 1136 1692 ab
1157 1652 1314 1692 duobus
1330 1665 1442 1691 exer-

149 1710 311 1760 citibus,
343 1720 513 1762 utroque
542 1723 612 1762 per
633 1709 732 1748 iram
755 1708 914 1748 consule
950 1709 1117 1763 ingresso
1141 1709 1182 1748 in
1205 1708 1320 1758 fines,
1352 1710 1443 1763 plus

149 1768 340 1815 cladium,
373 1765 495 1820 quam
524 1765 757 1816 intulerant,
788 1776 1042 1819 acceperunt.

209 1825 362 1865 LXIV.
414 1824 606 1864 Extremo
643 1838 748 1863 anno
789 1825 897 1876 pacis
934 1824 1084 1877 aliquid
1119 1823 1224 1873 fuit;
1271 1823 1354 1876 sed,
1401 1834 1445 1864 ut

152 1883 306 1936 semper
327 1882 439 1933 alias,
472 1881 648 1921 sollicitae
669 1881 885 1922 certamine
903 1882 1068 1922 Patrurn
1093 1884 1133 1931 δι’
1155 1881 1293 1935 plebis.
1340 1882 1444 1922 Irata
1592 1921 1607 1936 Ο

152 1940 263 1994 plebs
294 1940 471 1979 interesse
505 1938 778 1980 consularibus
807 1939 979 1979 comitiis
1001 1940 1142 1979 noluit.
1204 1941 1279 1980 Per
1306 1939 1444 1980 Patres
1463 1922 1503 1997 ἕ·
1521 1932 1550 1997 (⁶3
1570 1921 1640 2003 222

153 1997 395 2050 clientesque
413 1999 577 2038 Patrum
600 1997 780 2042 consules
802 1997 924 2036 creati
944 1997 997 2036 T.
1015 1996 1253 2054 Qinfi‘tius,
1284 1998 1446 2054 QSer-
1463 1989 1665 2053 TJQiinffi'o

154 2055 284 2095 vilius.
323 2055 488 2097 similem
521 2069 671 2097 annum
702 2054 824 2108 priori
858 2054 1038 2097 consules
1070 2054 1232 2104 habent,
1267 2054 1446 2095 seditiosa
1465 2057 1642 2106 IngSeR:

154 2113 282 2161 initia,
318 2112 422 2155 bello
444 2112 587 2154 deinde
615 2122 781 2152 externo
811 2112 1036 2165 tranquilla.
1096 2112 1248 2161 Sabini,
1280 2113 1448 2154 Crustu·
1465 2101 1546 2176 ‘'3¹2‘’
1564 2102 1667 2174 ‘³2¹2‘

153 2171 284 2210 minos
314 2184 475 2223 campos
495 2170 616 2210 citato
647 2170 805 2224 agmine
827 2169 1063 2225 transgressi,
1095 2185 1222 2223 quum
1244 2172 1373 2211 caedes
1406 2174 1444 2213 8<
1466 2158 1573 2221 msmfm
1587 2158 1625 2175 ’Μ
1646 2163 1649 2173 ¹

157 2228 342 2268 incendia
364 2228 516 2267 circum
539 2228 740 2267 Anienem
763 2227 913 2267 flumen
934 2228 1126 2277 fecissent,
1153 2244 1174 2268 a
1196 2230 1309 2282 porta
1326 2229 1448 2282 prope

158 2285 316 2332 Collina
337 2285 617 2339 moenibusque
639 2286 752 2340 pulsi,
783 2285 964 2340 ingentes
986 2296 1119 2325 tamen
1147 2288 1300 2340 praedas
1320 2286 1451 2326 homi-

161 2402 217 2443 (3)
240 2403 404 2478 {londunlri
412 2403 565 2444 perfeeto.
611 2402 660 2433 Sic
673 2414 722 2434 res
737 2405 855 2445 integra,
864 2407 985 2445 pernae
1003 2403 1189 2445 opponitur.
1205 2403 1270 2434 vid.
1285 2411 1351 2435 not.
1371 2411 1396 2435 1.
1410 2403 1452 2444 ad

162 2457 189 2476 c.
204 2456 233 2484 5.
265 2458 355 2489 upra.
408 2469 415 2477 .

209 2510 244 2541 C.
262 2508 280 2539 6
285 2518 312 2547 3.
335 2509 388 2549 (1)
414 2508 528 2540 eoacti
545 2509 815 2542 senatusconsulto
830 2511 992 2552 extemplo
1007 2512 1049 2542 ad
1060 2511 1180 2543 bellum
1196 2511 1360 2553 proficisci.
1398 2511 1454 2552 (2)

165 2553 277 2596 Qum
293 2555 363 2583 nibil
376 2555 455 2584 aliud
468 2553 607 2585 fecissent
623 2556 702 2596 quam
725 2563 760 2586 ut
778 2557 941 2586 Romanos
967 2567 1053 2586 vano
1076 2557 1190 2588 timore
1212 2557 1453 2597 perfunderent.

165 2597 206 2628 sic
224 2598 318 2639 supra
334 2609 359 2629 c.
383 2599 409 2629 8.
456 2599 577 2629 Eodem
599 2601 695 2630 modo
712 2600 895 2641 usurpatur,
917 2614 961 2631 nec
984 2604 1125 2642 quicquam
1151 2604 1229 2631 aliud
1255 2602 1346 2642 quibu,
1368 2601 1453 2631 infra

166 2642 186 2685 ᾇ.
204 2652 253 2681 31.
267 2654 293 2673 c.
315 2652 364 2680 24.
378 2645 535 2684 nihilprius
551 2643 641 2684 qufim,
656 2644 675 2674 l.
696 2654 747 2683 35.
767 2656 791 2675 c.
811 2654 859 2676 12.
882 2647 953 2675 nihil
965 2649 1081 2687 amplius
1098 2647 1188 2687 quaint,
1206 2647 1289 2677 Suet.
1304 2646 1338 2676 in
1356 2645 1453 2687 Carlig¹

166 2697 193 2719 c.
210 2697 260 2726 44.
278 2688 333 2729 (3)
356 2690 401 2719 Ut
418 2687 470 2720 hic
478 2691 638 2731 populante(
651 2691 776 2726 incedere,
799 2688 838 2719 fic
855 2688 939 2720 infra
951 2693 1111 2733 populantes
1123 2694 1174 2728 ire,
1196 2691 1213 2721 l.
1230 2700 1255 2729 3.
1275 2702 1300 2727 c.
1316 2690 1367 2728 48.

792 2733 841 2778 Μ
875 2745 897 2775 2
1354 2747 1453 2789 num
