1905 3168
139 698 179 729 U.
195 708 221 728 c.
236 705 299 728 100

139 746 179 775 A.
197 744 232 773 C.
245 741 283 780 65
292 750 318 772 2.

139 790 245 819 Bellum
259 800 317 817 cum

141 835 260 864 Sabinis.

834 297 1200 341 T.L1V11

359 414 552 470 piumque
574 415 635 467 (3)
656 410 785 453 ordini
801 411 849 452 ab
861 411 898 451 se
919 414 980 466 (4)
1001 411 1122 452 auCto
1136 410 1288 452 curiam
1303 408 1416 460 feeit,
1435 421 1525 462 quae
1545 402 1653 449 Hos-2·

359 473 442 512 tilia
465 475 526 526 (5)
547 471 669 524 usque
690 471 738 509 ad
754 477 913 523 patrum
933 469 1159 509 nostrorum
1189 478 1346 509 aetatem
1367 468 1562 522 appellata
1580 464 1652 506 est.¹

361 533 421 580 &,
442 538 487 569 ut
502 529 687 569 omnium
703 528 891 567 ordinum
907 526 1056 567 viribus
1067 526 1216 581 aliquid
1232 541 1280 567 ex
1296 540 1400 566 novo
1420 525 1568 579 populo
1584 523 1656 562 ada

356 588 562 642 jiceretur,
583 586 765 639 equitum
779 587 917 625 decem
929 594 1081 625 turmas
1096 599 1144 624 ex
1162 584 1330 625 Albanis
1341 583 1449 638 legit.
1508 581 1656 635 Legio-

360 659 431 685 nes
447 647 484 684 &
500 654 653 684 veteres
669 644 811 684 eodem
827 643 1101 697 supplemento
1117 642 1304 697 explevit,
1338 643 1374 681 3<
1397 653 1519 680 novas
1535 638 1657 691 scrip-

362 702 419 742 s1t.
480 701 570 742 Hac
605 700 752 742 fiducia
770 701 915 741 virium
945 701 1092 740 Tullus
1129 699 1286 740 Sabinis
1318 698 1469 738 bellurn
1500 696 1656 744 indicit,

361 760 470 815 genti
490 761 535 799 ea
555 759 787 813 tempestate
799 757 1019 798 secundum
1034 758 1221 798 Etruscos
1242 755 1542 811 opulentissimae
1561 753 1658 793 viris

361 817 574 871 armisque.
635 817 842 870 Utrinque
877 815 1032 871 injuriae
1062 814 1195 864 faetae,
1228 829 1272 854 ac
1293 828 1355 853 res
1384 812 1657 866 nequicquam

361 885 474 916 erant
507 875 698 929 repetitae.
758 873 904 914 Tullus
937 875 986 913 ad
1022 873 1202 913 Feroniae
1223 873 1284 926 (6)
1303 871 1444 911 fanum
1476 877 1657 908 mereatu

360 933 562 986 frequenti
575 932 841 987 negotiatores
854 932 1065 972 Romanos
1082 927 1389 984 comprehensos
1402 926 1657 981 querebatur.

360 991 499 1031 Sabini
519 991 609 1031 suos
643 989 754 1044 prius
778 992 838 1043 (7)
859 990 898 1028 in
930 991 1068 1029 lucum
1100 987 1332 1042 confugisse,
1365 1001 1409 1026 ac
1431 986 1578 1025 Romae
1597 997 1661 1023 re-

362 1060 506 1089 tentos.
532 1049 593 1089 hae
617 1048 745 1088 causaze
773 1047 865 1087 belli
901 1046 1144 1087 ferebantur.
1205 1044 1357 1093 Sabini,
1387 1043 1496 1083 haud
1515 1055 1660 1096 parum

361 1120 576 1155 memores,
611 1109 648 1146 δε
668 1105 828 1145 suarum
844 1104 990 1144 virium
1010 1114 1164 1158 partem
1180 1103 1325 1143 Romae
1348 1101 1396 1142 ab
1415 1100 1536 1140 Tatio
1552 1100 1661 1139 loca-

362 1174 460 1213 tam,
494 1167 534 1205 &
567 1163 798 1203 Romanam
831 1175 917 1202 rem
952 1176 1080 1215 nuper
1107 1161 1228 1202 etiam
1262 1159 1488 1215 adje&ione
1520 1156 1661 1212 populi

363 1222 512 1262 Albani
546 1221 726 1271 anetam,
775 1219 1079 1273 circumspicere
1116 1222 1156 1260 &
1196 1218 1265 1273 ipfi
1302 1227 1466 1257 externa
1498 1215 1658 1256 auxilia.

361 1279 521 1319 Etruria
536 1289 619 1318 erat
639 1279 787 1329 vicina,
817 1278 989 1332 proximi
1010 1277 1270 1317 Etruscorum
1289 1276 1497 1330 Vejentes.
1542 1273 1661 1323 Inde,

363 1336 416 1376 ob
437 1337 607 1376 refiduas
620 1336 819 1376 bellorum
841 1336 918 1375 iras
935 1332 1124 1385 maxime,
1154 1333 1373 1374 sollicitatis
1394 1333 1443 1372 ad
1465 1330 1663 1371 defectio·-

362 1407 458 1433 nem
474 1394 633 1441 animis,
665 1393 911 1432 voluntarios
933 1395 992 1446 (8)
1014 1402 1181 1431 traxere.
1207 1395 1247 1432 &
1270 1391 1377 1443 apud
1397 1403 1518 1444 vagos
1544 1387 1662 1441 quos-

362 1452 456 1490 dam
470 1465 517 1490 ex
536 1450 645 1505 inopi
662 1450 777 1503 plebe
794 1450 914 1489 etiam
936 1453 994 1503 (9)
1017 1463 1170 1489 merces
1186 1448 1322 1487 valuit.
1381 1446 1551 1486 Publico
1565 1459 1664 1484 aux-

363 1509 432 1548 ilio
452 1509 564 1548 nullo
597 1508 724 1563 adjuti
746 1508 849 1547 sunt.
880 1508 1086 1559 valuitque
1107 1507 1214 1560 apud
1248 1505 1443 1560 Vejentes
1470 1506 1582 1557 (nam
1613 1503 1664 1542 de

363 1567 506 1606 ceteris
525 1569 615 1620 (10)
636 1563 772 1605 minus
802 1565 951 1604 mirum
980 1564 1054 1618 est)
1093 1564 1210 1618 pa&a
1243 1565 1335 1617 (11)
1364 1576 1458 1602 curn
1480 1561 1664 1601 Romulo

364 1624 619 1664 induciarum
651 1622 763 1662 fides.
826 1622 968 1679 Qum
994 1621 1146 1661 bellum
1178 1620 1367 1673 utrinque
1398 1617 1553 1659 summa
1585 1632 1663 1672 ope

364 1690 567 1735 pararent,
597 1681 776 1734 vertique
798 1682 887 1733 (12)
908 1679 948 1718 in
968 1693 1016 1719 eo
1037 1691 1098 1719 res
1119 1679 1338 1728 videretur,
1370 1677 1449 1716 utri
1470 1674 1586 1730 prius,
1601 1690 1665 1715 ar-

365 1754 431 1779 ma
446 1738 654 1787 inferrent,
686 1747 857 1791 occupat
872 1737 1018 1777 Tullus
1037 1737 1076 1776 in
1097 1750 1238 1791 agrum
1257 1735 1453 1776 Sabinum
1488 1734 1664 1773 tranfire.

366 1797 508 1851 Pugna
522 1806 633 1836 atrox
648 1797 697 1835 ad
712 1796 844 1835 filvam
868 1796 956 1849 (13)
977 1794 1220 1834 Malitiosam
1236 1792 1326 1832 fuit.
1342 1792 1410 1832 ubi
1426 1796 1465 1834 δι’
1481 1791 1664 1845 peditum

367 1855 531 1908 quidem
552 1854 711 1906 robore,
743 1851 923 1893 ceterum
949 1852 1131 1906 equitatu
1160 1851 1281 1892 aucto
1302 1847 1667 1904 nuperplurimum

370 1971 440 2002 dice
456 1970 493 2001 lis
511 1970 562 2001 est.
608 1970 663 2011 (3)
687 1969 819 2002 Curiam
836 1968 1004 2001 Hostiliam
1020 1968 1106 2005 fecit,
1131 1980 1199 2010 quae
1215 1969 1344 2011 templum
1372 1966 1446 1998 effet
1470 1966 1517 1997 illi
1549 1964 1670 2004 ordini,

369 2016 399 2047 h.
416 2027 442 2047 e.
458 2016 546 2047 locus
560 2015 753 2057 inaugurato
766 2015 976 2050 consecratus,
1001 2022 1036 2045 ut
1054 2015 1179 2045 senatus
1191 2013 1236 2044 ibi
1249 2011 1413 2055 auspicato
1429 2010 1539 2043 haberi
1556 2010 1668 2053 postet,

371 2063 493 2092 Confer
509 2062 584 2091 AEn.
600 2069 627 2098 7.
640 2072 668 2090 v.
688 2070 758 2099 174.
797 2060 851 2100 (4)
876 2060 974 2090 Nulla
990 2061 1076 2101 apud
1093 2059 1170 2090 alios
1186 2059 1334 2090 aud'tores
1350 2057 1472 2088 mentio
1489 2056 1523 2087 fit
1541 2055 1667 2087 senatfis

369 2106 499 2137 aTullo
516 2105 652 2136 Hostilio
669 2105 764 2136 aucti.
786 2103 924 2145 Conjicit
940 2104 1037 2146 igitur
1057 2102 1181 2135 doetiss.
1210 2102 1402 2138 Crevierius,
1426 2102 1498 2133 ideo
1514 2102 1576 2132 hoc
1592 2100 1668 2137 dici,

370 2151 461 2192 quOd
476 2161 647 2181 numerum
660 2151 746 2181 auxit
763 2160 873 2181 earum
885 2150 1028 2192 gentium
1038 2160 1076 2181 ex
1088 2149 1205 2190 quibus
1221 2150 1380 2180 senatores
1393 2148 1588 2188 legebantur.
1612 2146 1671 2187 (5)

373 2198 485 2239 Qum
501 2195 609 2226 diruta
624 2195 709 2233 estet,
731 2195 889 2226 di&atore
904 2195 1036 2231 Caesare,
1059 2195 1224 2225 decretum
1242 2193 1304 2224 fuit
1321 2200 1357 2223 ut
1380 2192 1621 2227 instauraretur,
1636 2198 1669 2221 et

371 2250 434 2282 pro
451 2240 596 2281 Hostilia,
618 2239 703 2282 Julia
730 2240 955 2282 appellaretur.
1001 2239 1055 2281 (6)
1079 2239 1247 2270 Feroniam
1272 2238 1439 2279 epitheton
1455 2235 1590 2279 junonis
1607 2234 1671 2266 effe

372 2286 481 2327 plures
497 2284 682 2326 opinantur.
706 2287 780 2316 Huc
796 2284 872 2315 facit
885 2284 996 2315 Livius
1009 2284 1086 2326 ipse,
1106 2284 1126 2314 l.
1144 2294 1194 2316 22.
1205 2295 1229 2315 c.
1245 2294 1272 2314 1.
1296 2286 1418 2314 Fanum
1433 2282 1513 2313 illud
1526 2291 1672 2311 commu-

372 2329 621 2362 niteraSabinis
631 2338 662 2361 et
679 2330 802 2361 Latinis
827 2330 949 2361 cultum
966 2337 1076 2361 narrat
1092 2329 1263 2372 Dionysius
1287 2328 1306 2359 l.
1329 2338 1357 2367 3.
1402 2327 1458 2369 (7)
1482 2325 1672 2368 Qereban·

374 2383 429 2406 tur
440 2374 548 2406 Sabini
564 2375 594 2406 se
608 2375 695 2416 prius
711 2374 827 2416 injuria}
844 2374 975 2405 affeetos
988 2374 1078 2405 fuiss'c
1093 2386 1112 2405 a
1128 2373 1291 2409 Romanis,
1316 2374 1471 2414 profugos
1488 2371 1620 2402 Sabinos
1636 2370 1671 2402 in

375 2420 499 2462 asylum
514 2419 754 2461 excipientibus.
785 2421 931 2452 Necdum
947 2418 1032 2450 enim
1045 2419 1167 2462 asylum
1179 2419 1320 2450 clausum
1336 2417 1425 2449 fuiffe
1441 2417 1578 2448 videtur.
1616 2415 1674 2457 (8)

377 2465 444 2508 Qi
461 2465 514 2495 sua
526 2465 636 2506 sponte
648 2464 839 2502 militarunt,
860 2465 950 2496 nullo
966 2464 1103 2495 civitatis
1119 2466 1250 2495 decreto
1267 2462 1379 2495 coacti.
1403 2464 1437 2494 E.
1483 2462 1538 2504 (9)
1562 2462 1673 2491 Maxi-

376 2512 419 2540 m?
434 2510 535 2540 valuit
551 2509 599 2541 ira
615 2510 657 2541 ob
674 2510 797 2542 cladem
809 2517 988 2547 recentem3
1010 2510 1063 2540 sed
1075 2517 1106 2540 et
1123 2510 1209 2551 apud
1220 2509 1384 2549 quosdam,
1401 2521 1497 2538 merces
1515 2518 1532 2537 a
1549 2505 1673 2537 Sabinis

378 2555 494 2587 oblata.
511 2556 546 2585 E.
591 2556 667 2596 (10)
690 2555 803 2586 Minus
818 2554 936 2586 mirum
959 2554 1002 2585 est
1018 2562 1139 2585 ceteros
1162 2555 1311 2585 Etruscos
1324 2564 1390 2584 non
1412 2551 1563 2594 adjuviffe
1585 2550 1674 2581 Sabi-

379 2610 445 2630 nos.
462 2601 496 2629 E.
541 2601 618 2641 (11)
641 2600 714 2631 Vid.
725 2600 822 2641 supra
845 2611 869 2630 c.
886 2609 934 2638 15.
963 2603 1010 2630 At
1027 2599 1075 2630 hae
1091 2598 1228 2630 induciae
1243 2600 1308 2640 jam
1324 2600 1397 2630 ante
1414 2605 1518 2639 ruptae
1534 2598 1674 2632 fuerant,

382 2644 430 2676 uti
453 2653 562 2675 narrat
579 2644 690 2676 Livius
703 2657 727 2676 c.
746 2654 797 2684 27.
809 2644 912 2686 supra.
930 2644 1029 2686 Igitur
1057 2644 1214 2685 conjicere
1236 2644 1310 2676 licet
1326 2644 1460 2674 Tullum
1476 2642 1577 2672 foedus
1593 2651 1668 2671 cum

381 2689 570 2720 Veientibus
586 2689 777 2727 instaurasse,
807 2690 893 2721 bello
919 2690 1070 2721 Fidenate
1086 2689 1269 2730 composito.
1315 2689 1393 2730 (12)
1416 2690 1456 2718 Et
1471 2686 1609 2718 multum
1625 2684 1674 2716 in·-

383 2734 492 2809 greffe
514 2735 554 2766 ad
570 2735 725 2767 summam
740 2734 815 2767 belli
833 2735 1006 2768 videretur.
1052 2736 1129 2778 (13)
1154 2749 1203 2769 την
1230 2735 1300 2769 ὕλην
1327 2742 1491 2774 nummum
1519 2743 1675 2773 nausgryov.

417 2790 516 2822 ionys.

1486 2820 1675 2861 Romana
