1853 3158
249 257 327 299 106

914 255 964 300 T.
1025 257 1279 298 LIVII

464 385 531 426 que
550 378 731 424 acceptum
751 370 922 420 colamus,
952 381 1083 425 oportet
1099 395 1112 419 ;
1143 389 1186 413 ne
1205 373 1346 427 ingrati
1373 380 1481 427 atque
1500 375 1594 412 omni
1613 385 1670 428 ope
1688 377 1747 416 di.

464 430 559 469 vind
578 429 812 482 humanaque
831 429 975 482 indigni
1007 431 1210 471 videamur.
1274 431 1415 484 Neque,
1446 431 1621 480 Hercule,
1651 432 1749 486 quod

466 487 648 526 Samnites
660 488 804 539 priores
835 489 945 526 amici
964 489 1125 545 ficiiqzce
1142 490 1240 528 vobis
1250 489 1470 545 fizc7isunt,
1500 489 1550 528 ad
1567 489 1608 528 id
1624 491 1746 529 valere

464 547 528 598 (1)
548 545 727 595 arbitror,
744 559 787 582 ne
802 559 863 584 nos
882 546 921 584 in
940 545 1141 585 amicitiam
1159 548 1408 599 accipiamur:
1427 546 1499 600 sed
1516 554 1557 585 ut
1576 547 1749 602 vetzstate

468 602 521 643 &
547 602 673 656 gradu
704 602 846 641 honoris
877 617 938 642 nos
964 603 1143 669 prcfstent
1176 619 1286 657 neque
1314 606 1407 643 enim
1428 603 1573 659 foedere
1603 604 1748 643 Samni-

465 661 576 711 tium,
607 675 651 699 ne
670 675 742 713 qua
763 675 856 699 nova
873 662 933 714 (2)
953 670 1164 714 jungeretis
1169 661 1336 716 foedera‚
1366 670 1513 701 cautum
1540 662 1596 716 est.
1657 662 1749 701 Fuit

467 717 609 771 quidem
628 717 729 782 apud
752 733 814 756 vos
821 719 966 772 semper
982 719 1081 771 satis
1099 719 1203 773 justa
1223 719 1328 773 causa
1348 721 1529 768 amicitia,
1561 719 1651 758 velle
1669 734 1749 758 eum

468 776 567 815 vobis
586 777 744 815 amicum
765 776 838 830 ff,
868 777 932 829 qui
961 791 1025 814 vos
1056 785 1246 828 appeteret.
1311 776 1505 830 Campani,
1525 775 1585 831 ets
1571 777 1752 832 fortuna

460 834 618 897 presens
646 831 839 888 magnifice
859 834 954 886 loqui
980 833 1159 885 prohibet,
1190 849 1258 872 non
1279 835 1380 873 urbis
1399 834 1652 887 amplitudine,
1684 849 1754 873 non

467 906 552 945 agri
583 891 759 940 ubertate,
791 891 857 930 ulli
883 891 1010 943 populo
1034 899 1280 945 praeterquam
1316 892 1414 930 vobis
1453 892 1625 956 cedentes,
1656 891 1759 930 haud

461 958 590 1002 parva
615 950 675 1001 (ut
701 949 878 1003 arbitror)
907 947 1043 1002 accfffio
1070 949 1166 987 bonis
1193 950 1298 987 rebus
1332 949 1460 1004 vestris
1492 950 1530 987 in
1555 950 1756 988 amicitiam

468 1008 638 1045 venimus
668 1005 838 1060 vestram.
899 1006 1044 1059 AEquis
1067 1006 1274 1061 Volscisque,
1304 1008 1446 1046 aeternis
1466 1006 1615 1064 hqstibus
1646 1006 1758 1062 hujus

469 1064 587 1110 urbis,
617 1063 897 1116 quandocunque
903 1064 947 1116 se
967 1064 1159 1112 moverint,
1190 1065 1234 1103 ab
1254 1073 1352 1117 tergo
1372 1066 1533 1103 erimus:
1569 1065 1620 1105 ἅθ’
1624 1095 1636 1114 ,
1667 1065 1763 1117 quod

469 1135 533 1159 vos
546 1130 616 1172 pro
623 1120 748 1172 stzlute
768 1119 888 1173 nqstrd
901 1129 1044 1171 priores
1049 1121 1236 1174 feceritis,
1255 1122 1294 1160 id
1313 1137 1374 1160 nos
1387 1132 1457 1174 pro
1478 1123 1624 1174 imperio
1645 1122 1760 1177 vestro

472 1176 525 1218 ἅθ’
539 1177 664 1230 glorta
671 1177 818 1230 semper
822 1176 1023 1231 faciemus
1085 1177 1248 1217 subactis
1275 1181 1320 1217 iis
1347 1180 1531 1233 gentibus,
1562 1195 1637 1233 quae
1664 1195 1686 1218 ι
1682 1187 1762 1218 tter

470 1251 533 1275 nos
563 1235 689 1289 vesque
703 1235 811 1289 sunt,
843 1234 937 1288 quod
954 1234 1160 1286 propediem
1173 1235 1357 1289 ficturum
1368 1237 1520 1290 spondet
1554 1237 1604 1279 ὁδ’
1635 1238 1761 1276 virtus

475 1293 698 1349 &fortuna
716 1293 849 1348 vestra,
865 1297 889 1344 †
906 1293 1089 1330 continens
1104 1293 1296 1344 imperium
1317 1294 1422 1347 usque
1437 1294 1486 1332 ad
1503 1309 1563 1333 nos
1578 1294 1763 1334 habebitis.

473 1351 658 1391 Acerbum
678 1367 721 1390 ac
737 1351 905 1404 miserum
924 1349 984 1405 ςβ,
1015 1349 1109 1403 quod
1111 1349 1239 1405 fateri
1259 1365 1321 1388 nos
1335 1350 1498 1405 fortuna
1520 1351 1635 1406 nqstra
1655 1354 1759 1405 cogit0

472 1407 534 1449 Eo
557 1417 707 1448 ventum
728 1408 790 1463 est,
820 1407 960 1447 Patres
975 1408 1176 1462 conscripti,
1208 1416 1249 1446 ut
1269 1416 1335 1446 aut
1360 1409 1574 1455 amicorum,
1603 1418 1669 1447 aut
1689 1411 1763 1447 ini-

471 1469 648 1506 micorum
677 1468 738 1520 (3)
778 1466 961 1518 Campani
982 1464 1118 1519 simus.
1181 1465 1221 1503 Si
1245 1465 1450 1521 dcfindith,
1482 1465 1592 1520 vestri
1609 1483 1620 1504 s
1637 1465 1679 1519 si
1705 1467 1766 1505 de-

459 1526 604 1579 seritis,
624 1524 844 1563 Samnitium
857 1525 1006 1563 erimus.
1034 1523 1200 1575 Capuam
1211 1538 1294 1576 ergo
1310 1523 1361 1563 &
1376 1523 1618 1576 Campaniam
1632 1539 1768 1562 omnem

474 1582 603 1637 vestris
621 1597 670 1620 an
689 1581 910 1623 Samnitium
924 1582 1069 1620 viribus
1087 1581 1251 1620 accedere
1265 1581 1417 1631 malitis,
1438 1581 1639 1621 deliberate.
1675 1581 1768 1620 Om-

475 1641 579 1679 nibus
592 1639 750 1694 quidem,
764 1639 940 1687 Romani,
956 1638 1113 1694 vestram
1128 1638 1421 1693 misericordiam,
1436 1638 1663 1694 vestrumque
1675 1654 1769 1677 aux-

474 1699 579 1737 ilium
595 1713 735 1751 aequum
750 1697 796 1752 est
801 1705 929 1750 patere
942 1718 956 1742 ;
979 1698 1025 1735 iis
1040 1705 1161 1735 tamen
1181 1694 1357 1744 maxime,
1373 1698 1451 1749 qui,
1472 1698 1532 1749 (4)
1546 1712 1623 1735 eam
1644 1697 1770 1749 implo-

475 1756 644 1794 rantibus
656 1755 741 1793 aliis
753 1755 934 1793 auxilium
948 1754 1035 1793 dum
1038 1754 1158 1808 supra
1173 1755 1273 1792 vires
1273 1754 1366 1808 sicas
1372 1754 1561 1808 prestant,
1577 1768 1694 1792 omnes
1709 1753 1773 1807 ipsi

475 1815 514 1852 in
535 1813 630 1852 hanc
649 1811 879 1866 neccffitatem
895 1820 1087 1850 venerunt.
1104 1826 1313 1864 quanquam
1323 1813 1576 1864 pugnavimus
1591 1812 1696 1850 verbo
1698 1821 1772 1864 pro

479 1871 667 1920 Sidicinis,
697 1880 814 1922 repro
834 1870 944 1918 nobis,
964 1885 1076 1922 quum
1097 1869 1303 1907 videremus
1301 1867 1514 1923 finitimum
1524 1869 1696 1921 populum
1710 1884 1772 1907 ne-

463 1929 575 1984 fario
594 1929 781 1967 latrocinio
802 1927 1024 1966 Samnitium
1038 1928 1117 1979 peti
1130 1948 1142 1971 ,·
1181 1925 1245 1974 ἅθ’,
1275 1927 1335 1965 ubi
1354 1926 1625 1981 corfiagrqffent
1641 1925 1773 1964 Sidici-

480 1988 532 2036 ni,
562 1986 614 2025 ad
630 2001 690 2024 nos
710 1988 955 2039 trajectarum
980 1985 1075 2024 illud
1087 1984 1291 2023 incendium
1311 1984 1384 2039 effe.
1449 1983 1529 2022 Nec
1547 1985 1641 2022 enini
1658 1998 1772 2034 nunc,

479 2046 565 2097 quia
600 2044 717 2082 dolent
748 2045 929 2096 injuriam
963 2051 1143 2095 acceptam
1181 2041 1374 2089 Samnites,
1393 2041 1464 2095 βτί
1495 2041 1580 2095 quia
1608 2042 1772 2095 gaudent

477 2102 632 2140 oblatam
648 2100 723 2154 fibi
756 2101 817 2155 ‘ff’
850 2101 1007 2154 causam,
1038 2108 1280 2153 oppugnatum
1314 2114 1375 2137 nos
1409 2101 1575 2138 veniunt.
1636 2099 1717 2148 An,
1732 2098 1775 2152 fi

481 2159 601 2198 ultio
588 2174 650 2196 ινιτ
670 2157 757 2207 haec,
792 2159 843 2198 ξδ’
863 2173 930 2196 non
951 2156 1072 2211 occsfio
1092 2157 1302 2210 cupiditatis
1322 2157 1498 2222 explendae
1517 2157 1608 2212 eff’t,
1631 2166 1772 2208 parum

467 2217 573 2273 suit,
602 2213 701 2269 quod
705 2216 850 2269 stmel
838 2230 876 2253 m
900 2215 1056 2254 Sidicino
1088 2231 1190 2269 agio,
1223 2216 1355 2253 iterum
1389 2216 1427 2253 in
1464 2214 1674 2279 Campania
1695 2215 1774 2268 ipsa

482 2275 631 2328 legiones
648 2273 783 2328 nqstras
798 2273 909 2311 cecide
902 2289 969 2311 re
966 2276 983 2302 9
1048 2272 1147 2327 (¹911ae
1168 2272 1212 2326 est
1225 2272 1290 2326 sta
1311 2281 1387 2311 tam
1409 2272 1569 2337 itfesta
1556 2288 1631 2321 ira,
1663 2287 1772 2325 quam

475 2342 547 2386 per
566 2332 659 2371 duas
684 2332 778 2370 acies
781 2331 897 2386 fusus
910 2331 1070 2384 sanguis
1095 2346 1112 2368 e
1114 2331 1235 2383 xpleie
1255 2345 1322 2368 non
1337 2332 1530 2383 potuerit?
1582 2329 1691 2368 Adde
1704 2329 1774 2368 huc

475 2390 739 2444 populationem
767 2404 958 2442 agrorum,
982 2388 1129 2442 praedas
1149 2388 1332 2427 hominum
1350 2396 1457 2443 atque
1465 2387 1644 2441 pecudum
1657 2391 1773 2434 actas,

1610 2444 1774 2486 incendia

531 2563 721 2606 C.30.(1)
744 2563 840 2594 Initio
857 2563 987 2615 quidem
1003 2564 1097 2606 hujus
1115 2563 1227 2605 capitis
1252 2563 1332 2594 dixit
1352 2563 1475 2600 Livius,
1496 2564 1601 2605 Legati
1616 2584 1623 2592 .
1644 2583 1652 2591 .
1671 2562 1777 2591 .loc11tt'

473 2613 554 2651 Jimt.
578 2609 612 2640 id
627 2617 734 2640 autem
751 2609 797 2640 ita
812 2609 913 2650 accipi
930 2610 1035 2646 debet,
1058 2620 1093 2639 ac
1112 2608 1132 2638 sl
1153 2608 1287 2645 dixisset,
1309 2619 1421 2639 eorum
1447 2619 1530 2639 unus
1555 2605 1700 2637 omnium
1717 2617 1776 2636 no

484 2655 570 2686 mine
592 2655 719 2685 locutus
745 2654 794 2684 est.
842 2653 955 2695 Capite
982 2655 1344 2696 seq.princepslgrzt1011s
1362 2653 1414 2684 ille
1430 2660 1573 2684 vocatur.
1617 2650 1672 2690 (2)
1698 2652 1778 2692 Jun-

480 2702 674 2742 gmerefaedwa
689 2702 925 2742 utjungeieamt
923 2703 1018 2736 itinn,
1028 2701 1131 2739 fhcietu
1123 2706 1155 2728 ιίι
1152 2712 1197 2735 m,
1214 2706 1320 2739 pacem,
1343 2699 1373 2727 δι
1390 2697 1507 2728 slmilia.
1551 2696 1606 2737 (3)
1622 2695 1694 2725 Vld.
1711 2704 1778 2725 not.

490 2754 539 2782 14.
555 2745 595 2776 ad
612 2755 639 2775 c.
659 2744 726 2776 6.1.
745 2744 773 2777 6.
820 2745 874 2786 (4)
892 2745 1016 2786 Nempe
1033 2743 1296 2775 misericordiam.
1343 2744 1426 2774 Mox
1439 2743 1472 2773 τὸ
1484 2755 1569 2773 omnes
1587 2740 1780 2816 redundggc,

1761 2796 1778 2815 a
