1853 3158
149 293 233 336 236

144 588 183 618 U.
201 597 227 619 c.
245 595 324 626 320.

144 634 185 662 A.
204 633 239 662 C.
258 642 332 671 432.

144 677 182 707 C.
196 676 286 718 Julio
304 678 343 708 11.

143 722 182 752 L.
198 719 348 764 Virginio

145 764 228 796 Coss‘.

145 1085 255 1116 Bellum
267 1096 326 1114 cunt

147 1132 172 1160 F
171 1132 273 1160 idssnati
276 1131 322 1158 bus

149 1176 187 1206 {55²
204 1176 236 1203 V
232 1176 328 1216 ejenlz’·

147 1220 205 1250 bus.

149 1437 289 1467 Servilius

147 1484 234 1512 dim!
239 1494 277 1510 vr.

833 293 888 335 T.
948 291 1209 336 LIVII

368 406 532 447 vaniora
552 408 602 448 ad
623 408 822 462 populum
837 407 922 462 ipso
945 408 1113 451 audiere
1134 408 1262 449 fuere.
1325 403 1522 448 Ceterum
1545 408 1673 464 magis

367 464 426 504 vis
449 464 579 504 morbi
614 465 893 519 ingravescens
915 480 1023 507 curae
1054 475 1158 516 erat,
1188 465 1438 518 terroresque
1461 479 1506 506 ac
1538 466 1675 518 prodi-

368 522 456 576 gia·
448 552 460 571 ‚
493 521 669 562 maxime
704 522 816 575 quod
838 523 988 564 crebriS
1008 523 1188 564 motibus
1216 533 1335 563 terrae
1366 536 1483 562 ruere
1506 523 1547 561 in
1570 520 1675 577 agris

368 580 667 620 nunciabantur
706 579 828 620 tecta.
889 583 952 635 (2)
998 581 1235 622 Obsecratio
1276 580 1412 633 itaque
1446 594 1469 619 a
1505 580 1675 632 populo,

370 639 429 691 (3)
447 638 673 677 duumviris
691 638 967 691 praeeuntibus
980 641 1059 692 (4),
1079 638 1136 678 est
1153 638 1277 678 fasta.
1308 637 1564 678 Pestilentior
1581 636 1675 676 inde

368 709 513 744 annus,
536 695 584 735 C.
601 696 712 747 Julio
734 695 882 735 iterum
906 698 946 736 &
960 696 1008 735 L.
1028 695 1217 749 Virginio
1235 694 1482 743 consulibus,
1514 702 1676 734 tantum

368 755 432 806 (5)
453 762 609 792 metum
631 752 823 793 vastitatis
852 753 893 792 in
915 752 1013 792 urbe
1035 751 1218 806 agrisque
1235 751 1348 802 fecit,
1379 761 1424 791 ut
1444 766 1528 792 non
1549 751 1676 791 mod&

369 810 576 863 praedandi
599 811 719 850 causa
755 809 968 863 quisquam
989 823 1038 849 ex
1074 823 1170 863 agro
1203 809 1395 849 Romano
1417 822 1500 848 non
1532 808 1678 857 exiret,

368 867 512 907 bellive
546 866 747 906 inferendi
777 867 974 907 memoria
1006 866 1192 907 Patribus
1213 875 1283 906 aut
1317 865 1425 920 plebi
1457 865 1577 913 esset3
1611 864 1678 904 secl

369 925 476 964 ultro
516 925 746 973 Fidenates,
778 925 848 977 qui
880 925 917 964 se
949 923 1083 977 primo
1116 933 1186 964 aut
1217 923 1384 977 oppido,
1416 932 1486 963 aut
1527 921 1680 962 monti-

368 981 460 1031 bus,
492 991 561 1022 aut
595 982 721 1021 muris
743 984 804 1035 (6)
826 990 1055 1032 tenuerant,
1086 981 1366 1034 populabundi
1388 980 1679 1020 descenderent

369 1038 411 1077 in
438 1053 581 1092 agrurn
605 1039 856 1078 Romanum.
880 1039 1040 1087 deinde,
1071 1039 1312 1092 Vejentium
1330 1037 1510 1078 exercitu
1532 1037 1679 1085 accito,

370 1098 481 1148 (nam
496 1096 637 1135 Falisci
651 1096 817 1149 perpelli
832 1097 882 1135 ad
899 1095 1206 1135 instaurandum
1227 1095 1396 1143 bellurn,
1416 1109 1549 1147 neque
1564 1094 1678 1134 clade

369 1154 672 1200 Romanorum,
695 1167 827 1205 neque
851 1152 1052 1192 sociorum
1075 1152 1277 1205 precibus,
1297 1157 1482 1205 potuere)
1506 1153 1588 1190 duo
1606 1165 1678 1204 po-

368 1210 453 1263 puli
476 1210 662 1248 transiere
686 1210 918 1258 Anienem;
941 1218 1062 1262 atque
1085 1209 1194 1248 haud
1217 1209 1360 1262 procul
1381 1208 1542 1247 Collina
1563 1207 1680 1261 porta

370 1268 477 1321 figna
498 1267 689 1306 habuere.
749 1260 1021 1320 Trepidatum
1044 1267 1196 1319 itaque,
1229 1280 1311 1306 non
1340 1265 1381 1305 in
1403 1265 1509 1320 agris
1536 1264 1682 1320 magis,

370 1339 439 1378 qu
431 1339 495 1363 am
517 1324 558 1363 in
581 1324 695 1373 urbe,
717 1324 787 1364 est.
849 1324 982 1376 Julius
1004 1323 1169 1363 consul
1160 1338 1201 1362 in
1218 1337 1362 1378 aggere
1385 1322 1590 1375 murisque
1612 1336 1681 1362 ex-

371 1382 494 1435 plicat
508 1381 657 1435 copias.
676 1397 698 1421 a
711 1381 902 1436 Virginio
920 1381 1104 1421 senatus
1096 1395 1136 1419 m
1151 1382 1236 1420 aede
1255 1380 1421 1444 Qirini
1442 1379 1678 1420 consulitur.

371 1439 631 1479 DiOcatorern
664 1439 777 1492 dici(
786 1438 1143 1495 7)(QServiliu1n
1173 1439 1323 1491 placet,
1354 1451 1420 1478 cui
1440 1437 1576 1478 Prisco
1598 1436 1681 1484 alii,

373 1496 438 1538 alii
455 1496 624 1537 Sti-ussto
645 1441 777 1536 suifie(
777 1510 1007 1551 cognomen
1024 1496 1203 1537 tradunt.
1248 1495 1479 1550 Virginius,
1499 1497 1562 1548 (8)
1583 1494 1683 1533 dum

1482 1552 1682 1606 collegam

375 1671 514 1713 dignnsz
539 1680 643 1711 eoque
659 1669 809 1701 vaniores
833 1669 910 1711 ipsae
934 1668 1177 1701 criminationes
1201 1669 1327 1711 populo
1350 1670 1500 1700 Romano
1524 1666 1682 1698 videban-

377 1723 439 1747 tur.
459 1717 494 1746 E.
543 1716 598 1756 (2)
626 1716 777 1755 Obficmtio
795 1715 837 1746 est
859 1714 978 1755 species
990 1714 1245 1755 supplicationis,
1261 1713 1326 1755 qua
1342 1713 1425 1745 iram
1441 1714 1578 1744 deorum
1592 1723 1684 1743 aver-

377 1760 501 1797 tebant,
512 1771 563 1790 eor
571 1770 690 1800 umque
708 1761 855 1791 favorem
868 1758 925 1789 fibi
941 1759 1172 1791 conciliabant.
1189 1758 1276 1790 infra
1294 1759 1314 1789 l.
1331 1758 1381 1790 26.
1395 1769 1420 1789 c.
1438 1767 1492 1797 23.
1510 1757 1533 1787 l.
1547 1766 1597 1796 31.
1614 1767 1644 1788 c.
1663 1756 1681 1788 8

378 1805 409 1834 δε
428 1814 456 1844 9.
502 1804 558 1845 (3)
581 1804 659 1834 Vid.
674 1812 739 1834 not.
756 1814 786 1842 5.
805 1805 847 1835 ad
863 1815 888 1835 c.
909 1813 956 1834 10.
970 1804 988 1834 l.
1010 1813 1038 1842 3.
1058 1804 1164 1845 supra.
1213 1804 1267 1845 (4)
1295 1805 1426 1835 Cei-tam
1441 1802 1629 1836 verborum,
1648 1800 1682 1831 in

376 1859 448 1889 quae
465 1848 646 1879 obsecratio
666 1848 768 1886 fieret,
791 1848 965 1879 formulam
983 1848 1072 1889 prius
1090 1848 1314 1879 recitantibus.
1362 1846 1470 1879 Moris
1483 1846 1605 1887 quippe
1618 1847 1684 1877 Ro-

376 1892 480 1924 manis
496 1900 576 1930 erat,
598 1900 635 1923 ut
663 1892 697 1923 in
729 1893 971 1930 devotionibus,
993 1893 1027 1923 in
1044 1892 1219 1924 foederibus
1235 1892 1424 1929 sanciendis,
1448 1892 1480 1922 ὅτ
1508 1890 1578 1921 aliis
1603 1890 1684 1931 ejus-

376 1937 466 1968 modi
483 1936 599 1968 ritibus
623 1937 717 1968 sacris
735 1937 935 1979 peragendis,
960 1936 1107 1978 pontifex
1124 1936 1239 1977 aliquis
1262 1945 1318 1968 aut
1335 1937 1482 1968 sacerdos
1505 1935 1595 1977 prior
1607 1945 1683 1976 pro-

376 1981 548 2013 nunciaret
566 1981 722 2013 sollennia
738 1983 850 2019 verba,
880 1993 921 2013 ne
935 1993 992 2023 per
1006 1981 1165 2013 inscitiam
1182 1982 1348 2014 laberetur
1365 1981 1391 2012 is
1409 1981 1466 2021 qui
1483 1992 1520 2011 ea
1531 1981 1682 2021 proferre

376 2027 524 2057 debebat.
571 2026 646 2057 Vid.
675 2025 763 2057 infra
787 2027 810 2058 l.
830 2027 861 2058 8.
879 2038 909 2057 c.
934 2037 963 2067 9.
1012 2026 1061 2058 Sic
1075 2026 1173 2058 etiam
1189 2028 1274 2058 Suet.
1299 2026 1333 2057 in
1352 2026 1465 2058 Claud.
1483 2026 1562 2056 Caes.
1580 2035 1608 2055 c.
1629 2034 1681 2056 22.

377 2079 456 2112 utque
474 2070 538 2101 dit-3
551 2074 606 2102 avi
617 2074 644 2101 in
662 2073 727 2102 urbe
743 2079 791 2101 aut
807 2075 834 2102 t'tz
856 2073 991 2113 Capitolio
1001 2072 1066 2101 viu?
1082 2073 1224 2112 obsecratio
1241 2072 1385 2102 haberetur
1395 2086 1406 2106 ‚·
1431 2083 1542 2111 eamque
1556 2071 1685 2112 ljstjb'r‘?

376 2119 496 2146 maximi
514 2117 670 2158 Pofrtg'jicis,
683 2119 839 2146 commonito
851 2123 906 2157 pro
922 2117 1028 2158 Rqstris
1038 2119 1151 2158 populo,
1168 2116 1478 2158 praeiret,'fi··bmottique
1494 2116 1685 2156 operariorum

366 2163 568 2201 fhrvorumque
583 2160 674 2190 turbi.
721 2160 776 2201 (5)
795 2160 937 2203 Qidarn
949 2160 1143 2202 interpretes
1155 2161 1295 2202 expungi
1308 2161 1424 2191 volunt
1438 2169 1552 2190 vocem
1564 2166 1662 2189 metum
1673 2171 1684 2189 ,-

377 2212 411 2236 at
429 2215 499 2236 carn
525 2205 654 2235 servant
682 2215 793 2236 omnes
810 2205 940 2246 scripti;
965 2216 1070 2245 neque
1098 2206 1210 2246 inepta
1238 2206 1289 2236 est.
1337 2206 1461 2241 Metus,
1484 2214 1525 2235 ne
1551 2203 1683 2244 prorsus

377 2249 559 2281 vastitatem
576 2251 696 2280 faceret
715 2249 904 2290 pestilentia,
926 2249 971 2280 ita
988 2258 1206 2291 occupaverat
1219 2249 1366 2281 omnium
1377 2248 1512 2286 animos,
1534 2256 1570 2279 ut
1588 2258 1684 2279 nemo

377 2295 418 2325 de
429 2293 685 2335 praedationibus
702 2293 838 2325 armisve
851 2294 1016 2335 cogitaret.
1036 2296 1071 2324 E.
1088 2294 1143 2334 (6)
1159 2296 1284 2336 Nempe
1302 2293 1513 2325 castellorum.
1527 2293 1585 2334 (7)
1600 2294 1684 2324 Dra-

378 2338 609 2375 kenborchius,
631 2349 650 2369 a
666 2338 817 2369 codicum
832 2338 1028 2379 scriptorum
1044 2339 1185 2370 lectione
1208 2340 1356 2370 recedere
1381 2338 1517 2375 veritus,
1539 2337 1628 2369 dedit
1646 2339 1685 2368 A.

378 2385 544 2414 Servilium.
593 2383 654 2414 Sed
671 2382 802 2413 invictis
826 2383 1025 2424 argumentis
1042 2394 1114 2424 quae
1137 2383 1203 2424 ipse
1216 2383 1354 2425 protulit
1370 2382 1536 2420 indu&us‚
1559 2384 1606 2426 Q
1618 2384 1686 2413 Ser-

377 2430 478 2459 vilium
496 2427 530 2458 in
558 2434 747 2458 contextum
774 2438 848 2458 cum
862 2427 1030 2459 Crevierio
1056 2428 1189 2468 aliisque
1211 2428 1328 2470 recepi.
1379 2430 1421 2471 Q
1446 2429 1570 2459 Servilii
1591 2429 1686 2467 Prffci

377 2475 522 2503 a'ic‘iatoris
544 2472 657 2503 Livius
673 2472 760 2502 infra
777 2471 933 2509 meminit,
956 2484 982 2503 c.
999 2472 1050 2509 46.
1066 2484 1206 2513 eumque
1221 2472 1278 2504 illo
1298 2481 1446 2514 tempore
1467 2475 1567 2502 iterum
1582 2471 1685 2503 didra-

379 2525 484 2547 torem
496 2516 621 2547 diorum
638 2516 729 2547 fuiss'e
746 2516 825 2546 Fasti
844 2516 1023 2557 Capitolini
1040 2526 1235 2549 memorant.
1284 2519 1372 2549 Infra]
1385 2517 1482 2548 etiam
1499 2527 1526 2548 c.
1543 2516 1594 2548 26.
1642 2518 1685 2559 ‚Q-

379 2562 520 2591 Ser-vilius
535 2564 644 2602 Prg'fitrs
662 2560 782 2591 <licitur
795 2563 910 2601 summis
921 2563 1062 2593 honoribus
1076 2563 1182 2604 εὲτνίὲἰέ
1196 2563 1363 2605 zfiesfur'ffi‘,
1378 2573 1481 2602 quum
1494 2569 1601 2593 tamen
1618 2561 1686 2602 ejus

378 2606 505 2636 summo
531 2605 656 2636 honore
680 2605 844 2646 fungentis
871 2606 961 2637 nulla
984 2615 1079 2638 antea
1096 2607 1219 2638 mentio
1245 2607 1332 2638 fasta
1349 2607 1397 2644 fit,
1419 2606 1441 2638 fi
1467 2606 1529 2638 hoc
1556 2607 1629 2637 loco
1646 2607 1685 2636 A.

379 2652 535 2681 Serviliam
548 2651 700 2691 legamus
745 2650 895 2690 Denique
906 2653 976 2682 Auli
986 2662 1175 2692 praenomen
1188 2651 1241 2682 vel
1256 2661 1437 2692 nunquam,
1453 2651 1504 2682 vel
1520 2649 1687 2687 rarissime,

379 2695 413 2725 in
430 2702 524 2735 gente
542 2694 675 2725 Servilia
698 2695 889 2736 usurpatum
918 2696 1093 2737 reperitur.
1139 2697 1194 2738 (8)
1219 2696 1385 2738 Virginius
1401 2696 1547 2727 senatum
1571 2694 1686 2726 consu-

379 2740 495 2778 luerat,
518 2739 706 2781 senatuique
729 2740 851 2781 placuit
869 2740 1062 2773 &Statorem
1075 2741 1139 2773 dici
1157 2741 1400 2786 QSex-vilium.
1447 2739 1612 2782 Virginius
1629 2749 1686 2769 au-

1617 2790 1684 2814 tem
