1853 3158
200 1903 308 1932 Bellum
322 1912 377 1930 :ram

202 1948 345 1979 Herm-2³:1⁴5.

856 273 910 315 T.
970 271 1225 315 LIVII

392 394 504 445 (nam
529 392 564 431 &
588 398 720 440 antea,
752 388 850 429 licut
866 403 988 438 nunc,
1019 404 1121 443 quos
1143 390 1202 443 (6)
1225 385 1402 428 Rufulos
1418 393 1575 435 vocant,
1606 386 1680 427 im-

392 459 594 502 peratores
614 447 682 501 ipsi
705 446 921 502 faciebant)
941 447 1158 487 secundum
1182 448 1221 485 in
1250 447 1311 498 (7)
1333 443 1397 484 sex
1418 444 1515 484 locis
1536 444 1680 493 tenuit,

393 506 645 546 nullis-*domi
674 505 906 558 militiaeque
924 506 971 545 ad
993 505 1284 546 conciliandam
1306 502 1474 557 gratiam
1502 502 1681 549 meriti33

394 574 440 604 ut
459 564 528 617 qui
549 577 640 603 rure
665 565 701 603 δε
725 564 865 617 procul
887 572 997 603 coetu
1016 562 1229 602 hominum
1245 562 1454 616 juventam
1475 559 1621 614 egiss'et.

453 622 528 662 VI.
561 621 717 662 Eodem
750 635 870 670 anno,
901 620 968 660 seu
1001 630 1115 660 motu
1146 630 1278 668 terrae,
1309 617 1376 658 seu
1412 618 1492 671 qua
1525 617 1564 657 vi
1594 616 1684 665 alia,

395 679 531 720 forum
554 679 733 719 medium
750 678 875 718 ferme
892 677 1011 733 specu
1023 678 1131 718 vasto
1153 674 1370 730 collapsum
1391 675 1434 715 in
1450 674 1686 715 immensam

395 737 650 779 altitudinem
674 736 845 777 dicitur:
875 749 1007 789 neque
1025 749 1115 775 eam
1133 734 1365 788 voraginem
1392 733 1581 788 conjectu
1607 743 1688 771 ter-

396 810 467 844 rae,
498 809 625 849 quum
658 808 730 848 pro
767 793 804 834 se
839 793 1006 847 quisque
1042 802 1194 848 gereret
1232 795 1307 845 (1),
1338 791 1488 846 expleri
1522 789 1690 845 potuiffe

398 851 524 909 prius,
555 852 679 911 quam
692 850 831 893 Deum
853 851 1010 891 monitu
1027 850 1153 903 quaeri
1168 859 1364 904 coeptum,
1387 852 1448 903 (2)
1469 863 1550 902 quo
1567 847 1692 902 pluri-

399 925 513 951 mum
535 911 708 966 populus
730 910 943 949 Romanus
964 908 1115 963 poffet?
1175 908 1223 947 Id
1243 907 1350 947 enim
1371 907 1426 946 illi
1445 907 1535 947 loco
1557 906 1694 945 dican-

400 970 513 1017 dum,
543 978 652 1008 vates
672 967 883 1015 canebant,
915 967 940 1006 fi
975 965 1264 1022 rempublicam
1293 965 1523 1005 Romanam
1553 975 1695 1016 perpe-

400 1037 512 1066 tuam
545 1026 620 1065 effe
653 1026 815 1070 vellent.
873 1024 985 1063 Tum
1017 1025 1079 1064 M.
1116 1023 1322 1072 Curtium,
1364 1023 1555 1077 juvenem
1589 1020 1695 1060 bello

341 1093 355 1108 ¹¹
401 1083 628 1138 egregium,
657 1080 856 1135 castigasse
887 1081 1024 1120 ferunt
1052 1081 1294 1129 dubitantes,
1326 1094 1377 1119 an
1408 1081 1536 1119 ullum
1568 1078 1696 1132 magis

405 1142 640 1180 Romanum
665 1138 835 1185 bonum,
865 1136 990 1190 quam
1016 1152 1126 1177 arma
1149 1137 1370 1191 virtusque,
1401 1137 1507 1177 effet.
1565 1136 1697 1176 Silen-

404 1198 461 1237 tio
483 1197 611 1247 facto,
642 1196 791 1249 templa
810 1195 995 1234 Deorum
1013 1195 1316 1243 immortalium,
1346 1209 1436 1248 quae
1456 1194 1545 1234 foro
1565 1193 1699 1233 immi-

406 1264 521 1305 nent,
551 1253 881 1308 Capitoliumque
909 1252 1149 1299 intuentem,
1183 1254 1223 1292 δι’
1254 1266 1397 1292 manus
1424 1252 1593 1293 nuncin
1615 1264 1700 1290 coe-

408 1313 511 1361 lum,
541 1326 650 1352 nunc
670 1311 712 1350 in
733 1320 914 1365 patentes
935 1319 1050 1351 terrae
1070 1309 1204 1349 hiatus
1224 1310 1273 1348 ad
1288 1308 1401 1349 Deos
1421 1323 1558 1349 manes
1573 1309 1701 1363 porri-

410 1382 589 1426 gentem,
618 1369 655 1409 se
680 1368 899 1408 devovisse:
928 1381 1035 1421 equo
1054 1368 1214 1417 deinde,
1246 1365 1368 1420 quam
1389 1375 1559 1421 poterat,
1591 1380 1702 1405 max-

411 1429 491 1468 ime
507 1437 699 1468 exornato
720 1427 970 1474 insidentem,
984 1435 1183 1465 armatum
1204 1424 1241 1464 se
1259 1425 1298 1463 in
1315 1424 1477 1478 specum
1493 1424 1705 1473 immisisse,

412 1488 599 1539 donaque
621 1500 666 1526 ac
697 1484 835 1539 fruges
868 1483 985 1539 super
1011 1497 1106 1523 eum
1134 1498 1157 1522 a
1185 1482 1443 1522 multitudine
1463 1482 1641 1521 virorum
1663 1494 1709 1520 ac

413 1545 630 1585 mulierum
671 1542 904 1597 congestas·,
946 1544 1008 1595 (3)
1049 1542 1262 1593 lacumque
1298 1540 1505 1588 Curtium,
1536 1553 1618 1580 non
1659 1537 1709 1578 ab

413 1603 581 1655 antiquo
611 1601 679 1641 illo
710 1600 763 1641 T.
796 1599 906 1640 Tatii
941 1599 1068 1640 milite
1100 1598 1243 1647 Curtio
1269 1598 1418 1647 Metto,
1449 1597 1515 1637 sed
1548 1596 1597 1637 ab
1630 1595 1709 1636 hoc

414 1662 673 1714 appellatum.
735 1660 797 1712 (4)
827 1658 938 1699 Cura
960 1671 1043 1697 non
1073 1657 1231 1706 deesset,
1263 1656 1288 1696 fi
1317 1670 1397 1710 qua
1418 1656 1467 1696 ad
1486 1669 1628 1696 verum
1647 1654 1713 1694 via

416 1717 685 1771 inquirentem
719 1716 864 1756 ferret:
894 1729 1002 1754 nunc
1038 1713 1146 1754 fama
1180 1727 1315 1753 rerum
1347 1716 1411 1767 (ς)
1432 1713 1617 1753 standum
1638 1712 1710 1760 est,

418 1776 486 1815 ubi
508 1785 657 1815 certam
681 1776 741 1828 (6)
759 1774 923 1827 derogat
939 1772 1111 1814 vetustas
1132 1771 1268 1812 fidem,
1300 1773 1341 1812 &
1364 1770 1474 1812 lacus
1494 1783 1642 1810 nomen
1662 1769 1713 1809 ab

416 1834 492 1873 hac
514 1832 736 1873 recentiore
757 1831 980 1886 inlignitius
1001 1829 1136 1870 fabula
1155 1829 1225 1869 est.
1286 1828 1378 1869 Post
1411 1828 1511 1868 tanti
1543 1827 1715 1884 prodigii

418 1891 759 1945 procurationem,
788 1889 931 1928 eodem
954 1902 1060 1944 anno
1090 1888 1140 1928 de
1159 1886 1350 1939 Hernicis
1380 1885 1585 1926 consultus
1605 1884 1717 1925 sena-

420 1962 503 2002 tus,
525 1962 653 2003 quum
675 1946 835 1989 feciales
857 1947 907 1987 ad
924 1959 985 1987 res
1007 1946 1242 2001 repetendas
1258 1945 1529 1999 nequicquam
1546 1943 1717 1991 misisset,

1582 2001 1717 2057 primo

424 2125 511 2165 iique
528 2121 709 2166 principem
721 2120 754 2153 in
767 2121 892 2164 legione
904 2122 1012 2153 locum
1028 2120 1193 2153 tenebant.
1230 2120 1285 2161 (6)
1300 2122 1351 2151 De
1367 2119 1416 2151 his
1428 2118 1588 2159 Asconius
1600 2119 1640 2150 ad
1652 2117 1720 2159 Cic.v

425 2172 487 2203 a&-
507 2180 532 2200 1.
548 2169 582 2199 in
598 2170 691 2200 Verr.
708 2178 733 2198 c.
752 2177 802 2198 10.
828 2168 1012 2198 ‘Tribunorum
1029 2169 1192 2197 militarium
1207 2168 1334 2206 duosunt
1347 2178 1448 2210 genera
1461 2180 1469 2195 :
1482 2167 1609 2207 primum
1620 2176 1721 2200 eorum,

425 2219 473 2257 qni
484 2216 586 2255 quuli
597 2216 732 2242 dicuntur.
778 2213 824 2243 Hi
840 2214 867 2242 in
881 2216 1002 2242 exercitu
1018 2213 1212 2251 crmrifilcnt.
1258 2213 1394 2252 Aliisunt
1404 2212 1549 2246 (ominati,
1570 2212 1617 2251 qui
1629 2210 1724 2239 Roma:

426 2262 539 2291 comitiis
553 2260 735 2301 dfſsgntmtur.
778 2259 896 2298 Rufulos
913 2256 974 2287 dici
998 2267 1034 2287 ex
1052 2256 1139 2287 Festo
1155 2254 1303 2288 discimus
1319 2267 1338 2286 a
1354 2256 1495 2296 quodam
1511 2253 1636 2286 Rutilio
1655 2255 1724 2284 Ru·

428 2307 473 2342 fo,
496 2303 552 2344 qui
569 2305 609 2334 de
625 2303 742 2333 horum
759 2302 967 2333 tribunorum
982 2302 1053 2343 jure
1065 2285 1172 2343 {gem
1187 2301 1317 2337 tulerat,
1339 2299 1403 2341 qua
1428 2299 1467 2331 iis
1490 2299 1601 2331 multis
1617 2297 1720 2329 modis

428 2350 615 2381 cavebatur.
659 2348 714 2388 (7)
738 2347 768 2377 Si
796 2346 936 2388 legiones
963 2354 1115 2387 quatuor,
1137 2353 1173 2376 ut
1200 2346 1298 2376 moris
1314 2354 1394 2382 erat,
1416 2345 1477 2376 hoc
1494 2355 1580 2376 anno
1595 2343 1722 2384 scripta}

429 2395 516 2431 sunt,
538 2400 679 2434 quatuor
699 2393 728 2422 &
745 2391 857 2433 viginti
877 2391 1015 2423 tribunis
1031 2391 1171 2422 militurn
1188 2401 1270 2432 opus
1285 2398 1363 2422 erat.
1408 2390 1468 2421 Sed
1485 2400 1543 2431 per
1559 2389 1627 2421 haec
1643 2396 1723 2419 tem-

432 2450 515 2481 pora
530 2438 706 2469 dictatores
729 2437 761 2466 ὅτ
787 2437 943 2473 consules,
966 2446 1124 2477 perquam
1150 2436 1260 2477 paucis
1289 2435 1442 2477 suffragio
1466 2433 1582 2476 populi
1604 2431 1723 2464 relictis

432 2484 522 2521 locis,
543 2482 667 2523 reliqua
684 2481 730 2512 sui
747 2481 894 2512 beneficii
910 2480 1082 2518 faciebant,
1105 2481 1180 2512 teste
1195 2480 1302 2517 Livio,
1325 2480 1344 2511 l.
1361 2489 1390 2521 9.
1406 2490 1436 2512 c.
1454 2488 1505 2519 30.

480 2549 515 2579 C.
534 2549 562 2578 ὁ.
587 2545 639 2587 (1)
665 2546 712 2575 Sc.
736 2551 852 2574 terram.
901 2542 988 2574 Infra.
1015 2544 1035 2574 l.
1064 2543 1117 2576 28.
1144 2554 1175 2576 c.
1203 2551 1253 2584 19.
1264 2544 1345 2583 fitxa
1364 2556 1469 2585 gerere.
1486 2542 1519 2572 δε
1540 2541 1560 2574 1.
1585 2549 1635 2579 37.
1655 2550 1679 2570 c.
1697 2548 1725 2576 ς.

432 2592 490 2633 (2)
515 2589 589 2636 Qa
616 2590 649 2620 in
675 2600 709 2620 re
734 2589 870 2630 potestas
885 2588 1000 2630 populi
1022 2588 1160 2619 Romani
1176 2587 1312 2619 maxime
1330 2587 1521 2619 consisteret.
1569 2585 1622 2626 (3)
1645 2583 1723 2625 VM<

435 2638 531 2678 supra
557 2637 577 2666 l.
608 2645 634 2665 1.
663 2646 688 2665 c.
717 2644 766 2673 13.
816 2634 870 2675 (4)
893 2633 1073 2664 Veritatem
1097 2633 1143 2665 rei
1168 2633 1339 2675 diligenter
1365 2631 1595 2672 investigarem,
1616 2628 1638 2659 fi
1664 2630 1725 2659 ἃς.

435 2682 491 2722 (j)
515 2681 564 2712 Sic
581 2679 665 2710 infra}
683 2690 710 2710 c.
731 2689 780 2717 25.
797 2680 1011 2722 civilistandum
1027 2681 1147 2709 exercitu
1168 2679 1223 2721 effu
1253 2678 1277 2709 l.
1305 2677 1333 2708 8.
1361 2688 1390 2708 c.
1417 2685 1468 2713 40.
1490 2689 1540 2718 quo
1554 2677 1630 2716 satis
1656 2681 1727 2704 certo

436 2727 650 2770 eumn-fletur.
667 2724 698 2755 ἃς
712 2723 789 2757 alibi
802 2724 893 2769 saepe.
940 2723 995 2767 (6)
1021 2723 1256 2768 Derogarefidcm
1271 2721 1313 2756 est
1326 2732 1395 2754 eam
1411 2721 1549 2757 demere,
1570 2719 1727 2750 minuere.

1579 2765 1731 2795 Occurrit
