1905 3168
173 591 232 623 Ser.
250 592 370 624 Tullius.

850 292 901 334 T.
961 291 1215 335 LIVII

394 406 443 444 ad
463 406 589 446 aedem
610 404 652 445 in
672 403 871 459 Capitolio
890 405 1014 458 Jovis‚
1046 419 1167 459 quam
1196 413 1357 447 voverat
1375 405 1480 448 bello
1506 406 1669 460 Sabino,

385 463 471 516 jam
491 462 745 518 praesagiente
766 463 899 503 animo
920 463 1098 503 futuram
1117 463 1215 504 olim
1239 464 1543 519 amplitudinem
1575 466 1669 516 loci,

391 529 562 573 occupat
582 523 643 574 (4)
666 520 948 561 fundamentis.

446 578 643 618 XXXIX.
676 578 734 618 Eo
763 588 940 632 tempore
975 579 1017 618 in
1048 576 1156 634 regia
1189 578 1416 635 prodigium
1441 580 1524 621 visu
1550 594 1669 620 even-

389 644 513 688 tuque
544 635 722 676 mirabile
756 635 844 675 fuit.
904 637 1034 676 Puero
1055 636 1282 685 dormienti,
1317 638 1382 677 cui
1414 637 1499 678 Ser.
1529 638 1669 678 Tullio

389 707 536 732 nomen
558 692 649 758 fuit,
681 703 800 747 caput
820 694 942 733 arfiffe
973 693 1108 733 ferunt
1132 695 1383 734 multorum
1374 708 1415 734 m
1436 695 1666 749 conspectu.

388 750 567 791 Plurimo
590 751 710 806 igitur
730 752 901 791 clamore
923 751 1014 790 inde
1036 752 1085 790 ad
1106 760 1226 791 tantae
1242 751 1299 791 rei
1318 751 1558 792 miraculum
1578 763 1667 793 orto

388 809 538 849 excitos
559 811 621 862 (1)
642 822 766 863 reges,
791 812 828 849 δι
846 823 971 862 quum
989 809 1151 862 quidam
1169 811 1230 862 (2)
1251 808 1507 849 familiarium
1522 824 1667 864 aquam

388 867 438 905 ad
460 866 785 920 restinguendum
807 865 941 914 ferret,
973 866 1021 905 ab
1041 865 1177 920 regina
1198 875 1423 906 retentum:
1454 867 1666 920 sedatoque

386 937 475 962 eam
497 925 690 974 tumultu,
712 923 861 963 moveri
877 923 1037 963 vetuiffe
1059 937 1229 976 puerum
1247 939 1258 970 3
1290 924 1419 963 donec
1441 923 1509 963 sua
1529 923 1667 977 sponte

386 981 642 1034 experrectus
673 981 776 1020 effet.
837 981 938 1019 Mox
960 995 1052 1020 eum
1075 980 1213 1020 somno
1237 983 1277 1020 ἅτ
1300 980 1501 1019 flammam
1523 981 1665 1021 abiiffe.

384 1038 424 1077 T
428 1053 496 1077 um
529 1038 703 1080 abduem
736 1038 777 1076 in
800 1037 992 1077 secretum
1019 1038 1104 1077 viro
1125 1038 1340 1091 Tanaquil,
1375 1039 1413 1076 V
1410 1039 1502 1077 iden'
1522 1048 1564 1078 tu
1576 1049 1668 1091 pue-

386 1111 470 1134 rum
490 1096 601 1147 hunc,
633 1096 776 1149 inquit,
807 1111 909 1148 quem
929 1105 1006 1135 tam
1037 1095 1168 1135 humili
1186 1096 1286 1135 cultu
1304 1095 1495 1135 educamus
1513 1099 1534 1134 ,Ρ
1569 1096 1668 1136 Scire

385 1155 446 1207 (3)
468 1155 562 1202 licet,
592 1153 688 1193 hunc
706 1154 825 1192 lumen
844 1153 1021 1206 quondam
1053 1154 1157 1192 rebus
1187 1153 1280 1207 nqstr
1281 1155 1314 1191 is
1338 1153 1455 1192 dubiis
1466 1153 1666 1209 ficturum,

379 1211 485 1264 prcrs
484 1211 651 1264 titumque
686 1226 749 1264 reg
751 1212 790 1249 iae
821 1211 970 1264 [fflic'iae.
1007 1211 1160 1263 proinde
1194 1212 1380 1250 matetiem
1416 1214 1455 1261 (4
1463 1214 1474 1265 )
1509 1213 1667 1265 ingentis

377 1267 522 1321 publice
535 1270 788 1322 privatimque
817 1269 966 1317 decoris,
996 1269 1092 1307 omni
1118 1268 1347 1324 indulgentia*
1373 1268 1493 1323 nqstrd
1521 1271 1667 1308 nutria-

384 1341 478 1365 mus.
538 1327 636 1365 Inde
658 1339 827 1379 puerum
848 1324 1019 1365 liberum
1040 1326 1130 1365 loco
1143 1335 1332 1388 ‘coeptum
1353 1325 1503 1374 haberi,
1534 1327 1666 1367 erudi-

383 1383 497 1436 rique
533 1383 699 1432 artibus,
745 1383 889 1435 quibus
925 1385 986 1436 (5)
1019 1382 1178 1450 ingenia
1217 1384 1266 1422 ad
1302 1397 1458 1437 magnae
1493 1382 1667 1424 fortunae

383 1442 539 1480 cultum
560 1440 796 1480 excitantur.
857 1439 1000 1481 Evenit
1018 1436 1150 1487 facile,
1181 1440 1289 1495 quod
1312 1440 1404 1480 Diis
1428 1440 1538 1480 cordi
1559 1442 1664 1480 effet.

381 1498 549 1550 Juvenis
570 1498 687 1537 evasit
707 1494 797 1536 vere
820 1496 964 1536 indolis
984 1496 1116 1550 regiae.
1148 1510 1236 1545 nec,
1268 1511 1395 1550 quum
1421 1508 1666 1550 quaereretur

383 1569 505 1610 gener
525 1555 761 1608 Tarquinio,
793 1554 1003 1607 quisquam
1022 1554 1220 1593 Romanae
1235 1554 1457 1609 juventutis
1479 1556 1558 1595 ulla
1582 1565 1665 1596 arte

380 1612 554 1652 conferri
575 1622 729 1665 potu1t:
761 1611 964 1664 filiamque
990 1611 1025 1651 ei
1057 1610 1167 1650 suam
1199 1625 1267 1650 rex
1301 1611 1522 1666 despondit.
1582 1614 1665 1655 Hic

381 1671 620 1723 quacunque
656 1671 705 1709 de
741 1668 856 1709 causa
895 1679 1029 1709 tantus
1060 1668 1116 1708 illi
1150 1667 1279 1709 honos
1313 1669 1472 1709 habitus
1503 1671 1664 1712 credere
1693 1714 1695 1716 ,

379 1727 582 1782 prohibet,
613 1726 719 1766 serva
751 1735 890 1765 natum
911 1740 1020 1774 eum,
1052 1740 1299 1779 parvumque
1335 1726 1463 1780 ipsum
1499 1727 1661 1769 serviffe.

380 1785 533 1825 Eorum
554 1785 680 1839 magis
702 1784 903 1824 sententiae
929 1784 1030 1833 sum,
1060 1783 1144 1835 qui,
1176 1783 1394 1824 Corniculo
1415 1794 1546 1837 capto,
1576 1785 1661 1826 Ser.

380 1843 521 1892 Tullii,
552 1842 621 1895 qui
649 1843 831 1896 princeps
863 1842 904 1880 in
940 1841 1005 1895 illa
1039 1840 1136 1880 urbe
1173 1839 1319 1892 fuerat,
1355 1842 1557 1896 gravidam
1577 1843 1664 1884 viro

378 1899 509 1947 occiso
531 1914 711 1950 uxorem,
742 1913 869 1954 quum
890 1899 991 1940 inter
1004 1898 1175 1953 reliquas
1192 1899 1365 1954 captivas
1381 1899 1540 1954 cognita
1556 1901 1663 1955 effet,

1610 1957 1663 2003 oh

373 2078 453 2120 giam
475 2074 691 2107 declivitatem
707 2081 809 2111 notat,
831 2073 883 2105 seu
900 2073 1142 2109 inclinationem
1162 2072 1250 2115 plani
1272 2072 1408 2115 cujusvis
1431 2074 1472 2105 ad
1489 2084 1663 2114 quemcuna

380 2132 442 2160 que
465 2121 626 2162 angulum.
671 2119 730 2156 Sic,
751 2122 806 2149 locu
791 2133 820 2149 us
847 2121 912 2149 d’icl
902 2122 945 2149 tvi
961 2120 1063 2162 fastigi
1064 2132 1077 2149 o
1104 2132 1240 2160 vergens;
1276 2120 1318 2156 ὃς,
1329 2122 1430 2160 jugum
1446 2121 1637 2163 leniorisstig
1638 2123 1663 2157 iq

368 2168 406 2209 s
410 2179 417 2195 ι
420 2179 495 2207 gens
542 2166 614 2196 Caes.
651 2164 736 2195 Hinc
753 2163 849 2194 etiam
865 2164 1001 2196 verbum
1006 2166 1048 2204 f
1031 2165 1080 2207 st
1077 2176 1170 2206 gare
1194 2166 1268 2195 collis
1284 2165 1424 2204 leniterf
1393 2163 1467 2206 ‘ss
1463 2170 1556 2205 gatus
1588 2165 1662 2196 Caes

377 2209 576 2247 Gronovius,
597 2210 658 2240 hoc
675 2209 762 2239 sensu
780 2207 906 2239 locum
898 2215 1138 2249 mterpretatus,
1153 2208 1276 2238 mavult
1293 2206 1394 2238 abesse
1407 2207 1662 2248 praepofitionem

376 2268 399 2285 e.
446 2253 592 2295 Suspicor
616 2262 722 2285 tamen
745 2252 874 2283 Livium
896 2252 1028 2284 voluiffe
1044 2253 1166 2283 cloacas
1189 2253 1304 2284 ductas
1320 2251 1379 2284 effe
1395 2262 1433 2282 ex
1455 2254 1564 2283 editiore
1579 2253 1664 2290 loco,

380 2300 464 2330 unde
480 2309 571 2339 aquae
587 2299 620 2329 in
644 2298 804 2329 convalles
820 2296 959 2328 defluere
976 2297 1128 2328 solebant.
1150 2299 1184 2327 Ε.
1231 2298 1284 2338 (4)
1307 2308 1325 2326 1.
1335 2308 1361 2327 e.
1384 2298 1505 2327 Aream
1520 2296 1661 2340 defignat

377 2344 418 2375 ad
447 2344 656 2374 fundamenta
677 2342 762 2379 aedis,
795 2341 981 2383 priusquam
1005 2341 1092 2372 locus
1109 2341 1143 2372 in
1168 2341 1267 2372 alium
1294 2341 1386 2372 usum
1408 2349 1662 2373 converteretur.

378 2389 517 2431 occupare
532 2387 649 2419 dicitur
665 2398 733 2419 rem
745 2394 800 2418 aut
812 2386 930 2425 locum,
952 2386 1006 2429 qui
1023 2395 1087 2431 prae
1102 2388 1166 2417 aliis
1183 2387 1224 2418 ad
1247 2385 1338 2417 usum
1354 2385 1493 2427 aliquem
1509 2386 1603 2428 capit»
1627 2389 1661 2418 E.

422 2479 457 2509 C.
475 2487 526 2518 39.
548 2476 604 2518 (1)
628 2478 747 2518 Regem
773 2486 809 2507 ac
821 2475 970 2518 reginam.
1016 2475 1065 2507 Sic
1079 2475 1187 2517 saepius
1200 2488 1271 2517 reges
1288 2473 1424 2517 AEgypti
1440 2482 1535 2507 vocat
1546 2474 1660 2508 Livius

375 2523 582 2554 Ptolemaeum
598 2523 629 2552 ἃ
649 2522 861 2562 Cleopatram.
908 2522 960 2562 (2)
985 2522 1151 2551 Familiares
1177 2521 1307 2560 antique
1336 2530 1396 2561 pro
1412 2521 1545 2560 famulis.
1589 2522 1660 2553 Sen.

374 2568 434 2609 Ep.
450 2575 501 2605 47.
517 2566 673 2608 [Majores
685 2565 796 2608 nostri]
812 2569 897 2596 domin
890 2579 951 2601 z‚um
969 2567 1190 2607 patremfamili
1190 2578 1211 2595 α·
1226 2572 1295 2607 appe
1283 2567 1458 2595 ellaverunt:
1471 2567 1583 2606 firvos,
1593 2568 1665 2606 quod

374 2614 484 2642 adhuc
473 2625 501 2641 ιη
513 2614 603 2642 mimis
618 2614 652 2641 du
655 2618 712 2647 rat,
722 2613 897 2651 familiares.
928 2611 983 2651 (3)
1006 2611 1053 2640 Ex
1069 2610 1130 2640 hoc
1148 2609 1295 2651 prodigio
1312 2608 1437 2641 scillcet.
1481 2609 1535 2650 (4)
1559 2609 1657 2640 Hunc

374 2667 523 2697 puerum,
544 2667 561 2687 e
587 2667 652 2696 quo
679 2666 830 2696 magnum
856 2654 1018 2685 oriturum
1043 2654 1086 2685 est
1112 2655 1208 2685 decus
1234 2655 1265 2684 δε
1282 2652 1467 2694 reipublicae
1493 2654 1524 2683 &
1545 2653 1655 2684 domui

374 2701 498 2750 nostrae.
540 2701 595 2743 (5)
619 2701 767 2744 Qarum
783 2710 844 2742 ope
856 2699 979 2732 indoles
999 2698 1142 2743 ingenita
1164 2698 1322 2734 excitatur
1338 2698 1379 2735 ad
1394 2708 1541 2740 magnam
1552 2699 1656 2730 sortu-

1582 2752 1656 2774 nam
