<?xml version="1.0" encoding="UTF-8"?>
<!DOCTYPE html PUBLIC "-//W3C//DTD XHTML 1.0 Transitional//EN"
    "http://www.w3.org/TR/xhtml1/DTD/xhtml1-transitional.dtd">
<html xmlns="http://www.w3.org/1999/xhtml" xml:lang="en" lang="en">
 <head>
  <title>
</title>
<meta http-equiv="Content-Type" content="text/html;charset=utf-8" />
  <meta name='ocr-system' content='tesseract 3.04.00' />
  <meta name='ocr-capabilities' content='ocr_page ocr_carea ocr_par ocr_line ocrx_word'/>
</head>
<body>
  <div class='ocr_page' id='page_1' title='image "./historiaeromanae01livyuoft_0149.png"; bbox 0 0 1832 3137; ppageno 0'>
   <div class='ocr_carea' id='block_1_1' title="bbox 0 1819 10 2576">
    <p class='ocr_par' dir='ltr' id='par_1_1' title="bbox 0 1819 10 2576">
     <span class='ocr_line' id='line_1_1' title="bbox 0 1819 10 2576; baseline 0 0"><span class='ocrx_word' id='word_1_1' title='bbox 0 1819 10 2576; x_wconf 95' lang='lat' dir='ltr'> </span> 
     </span>
    </p>
   </div>
   <div class='ocr_carea' id='block_1_2' title="bbox 5 1945 13 2576">
    <p class='ocr_par' dir='ltr' id='par_1_2' title="bbox 5 1945 13 2576">
     <span class='ocr_line' id='line_1_2' title="bbox 5 1945 13 2576; baseline 0 0"><span class='ocrx_word' id='word_1_2' title='bbox 5 1945 13 2576; x_wconf 95' lang='lat' dir='ltr'> </span> 
     </span>
    </p>
   </div>
   <div class='ocr_carea' id='block_1_3' title="bbox 365 287 1640 359">
    <p class='ocr_par' dir='ltr' id='par_1_3' title="bbox 365 287 1640 359">
     <span class='ocr_line' id='line_1_3' title="bbox 365 287 1640 359; baseline 0.011 -29"><span class='ocrx_word' id='word_1_3' title='bbox 365 287 1219 339; x_wconf 81' lang='lat' dir='ltr'>LIBER11.CAP.XXX1.</span> <span class='ocrx_word' id='word_1_4' title='bbox 1567 317 1640 359; x_wconf 85' lang='lat'>123</span> 
     </span>
    </p>
   </div>
   <div class='ocr_carea' id='block_1_4' title="bbox 139 398 1648 2294">
    <p class='ocr_par' dir='ltr' id='par_1_4' title="bbox 139 398 1648 2235">
     <span class='ocr_line' id='line_1_4' title="bbox 146 398 1633 461; baseline 0.005 -21"><span class='ocrx_word' id='word_1_5' title='bbox 146 398 378 440; x_wconf 76' lang='lat' dir='ltr'>invaserant.</span> <span class='ocrx_word' id='word_1_6' title='bbox 411 408 586 440; x_wconf 84' lang='lat' dir='ltr'>oratores</span> <span class='ocrx_word' id='word_1_7' title='bbox 607 401 845 442; x_wconf 87' lang='lat' dir='ltr'>Latinorum</span> <span class='ocrx_word' id='word_1_8' title='bbox 866 419 887 443; x_wconf 87' lang='lat' dir='ltr'>a</span> <span class='ocrx_word' id='word_1_9' title='bbox 908 405 1043 445; x_wconf 85' lang='lat' dir='ltr'>senatu</span> <span class='ocrx_word' id='word_1_10' title='bbox 1065 408 1265 461; x_wconf 80' lang='lat' dir='ltr'>petebant,</span> <span class='ocrx_word' id='word_1_11' title='bbox 1296 418 1340 450; x_wconf 86' lang='lat' dir='ltr'>ut</span> <span class='ocrx_word' id='word_1_12' title='bbox 1362 418 1428 450; x_wconf 83' lang='lat' dir='ltr'>aut</span> <span class='ocrx_word' id='word_1_13' title='bbox 1447 414 1554 445; x_wconf 68' lang='lat' dir='ltr'>Bellum</span> <span class='ocrx_word' id='word_1_14' title='bbox 1573 430 1633 447; x_wconf 71' lang='lat' dir='ltr'>cum</span> 
     </span>
     <span class='ocr_line' id='line_1_5' title="bbox 140 457 1648 513; baseline 0.007 -17"><span class='ocrx_word' id='word_1_15' title='bbox 140 458 352 497; x_wconf 86' lang='lat' dir='ltr'><strong>-mitterent</strong></span> <span class='ocrx_word' id='word_1_16' title='bbox 373 457 601 506; x_wconf 69' lang='lat' dir='ltr'>subsidium,</span> <span class='ocrx_word' id='word_1_17' title='bbox 627 469 695 497; x_wconf 84' lang='lat' dir='ltr'>aut</span> <span class='ocrx_word' id='word_1_18' title='bbox 715 459 752 499; x_wconf 92' lang='lat' dir='ltr'>se</span> <span class='ocrx_word' id='word_1_19' title='bbox 774 461 875 513; x_wconf 84' lang='lat' dir='ltr'>ipsos</span> <span class='ocrx_word' id='word_1_20' title='bbox 892 465 1134 504; x_wconf 88' lang='lat' dir='ltr'>tuendorum</span> <span class='ocrx_word' id='word_1_21' title='bbox 1154 465 1295 506; x_wconf 86' lang='lat' dir='ltr'>finium</span> <span class='ocrx_word' id='word_1_22' title='bbox 1312 469 1427 508; x_wconf 60' lang='lat' dir='ltr'>caus&amp;</span> <span class='ocrx_word' id='word_1_23' title='bbox 1448 461 1565 512; x_wconf 47' lang='lat' dir='ltr'>AEqffl‘ss</span> <span class='ocrx_word' id='word_1_24' title='bbox 1586 464 1648 491; x_wconf 59' lang='lat'>1¹³·</span> 
     </span>
     <span class='ocr_line' id='line_1_6' title="bbox 145 512 1562 579; baseline 0.008 -25"><span class='ocrx_word' id='word_1_25' title='bbox 145 529 287 568; x_wconf 86' lang='lat' dir='ltr'>capere</span> <span class='ocrx_word' id='word_1_26' title='bbox 309 528 418 553; x_wconf 88' lang='lat' dir='ltr'>arma</span> <span class='ocrx_word' id='word_1_27' title='bbox 439 515 619 554; x_wconf 78' lang='lat' dir='ltr'>sinerent.</span> <span class='ocrx_word' id='word_1_28' title='bbox 669 516 819 557; x_wconf 89' lang='lat' dir='ltr'>Tutius</span> <span class='ocrx_word' id='word_1_29' title='bbox 835 519 961 558; x_wconf 87' lang='lat' dir='ltr'>visum</span> <span class='ocrx_word' id='word_1_30' title='bbox 980 521 1050 570; x_wconf 91' lang='lat' dir='ltr'>est,</span> <span class='ocrx_word' id='word_1_31' title='bbox 1078 523 1237 563; x_wconf 86' lang='lat' dir='ltr'>defendi</span> <span class='ocrx_word' id='word_1_32' title='bbox 1260 525 1429 565; x_wconf 86' lang='lat' dir='ltr'>inermes</span> <span class='ocrx_word' id='word_1_33' title='bbox 1446 512 1562 579; x_wconf 46' lang='lat' dir='ltr'>{Jffism</span> 
     </span>
     <span class='ocr_line' id='line_1_7' title="bbox 146 572 1430 625; baseline 0.01 -16"><span class='ocrx_word' id='word_1_34' title='bbox 146 572 326 620; x_wconf 86' lang='lat' dir='ltr'>Latinos,</span> <span class='ocrx_word' id='word_1_35' title='bbox 367 573 490 625; x_wconf 78' lang='lat' dir='ltr'>quam</span> <span class='ocrx_word' id='word_1_36' title='bbox 527 573 607 625; x_wconf 84' lang='lat' dir='ltr'>pati</span> <span class='ocrx_word' id='word_1_37' title='bbox 640 574 855 614; x_wconf 65' lang='lat' dir='ltr'>retractare</span> <span class='ocrx_word' id='word_1_38' title='bbox 888 591 1008 616; x_wconf 85' lang='lat' dir='ltr'>arma.</span> <span class='ocrx_word' id='word_1_39' title='bbox 1074 580 1262 620; x_wconf 83' lang='lat' dir='ltr'>Vetufius</span> <span class='ocrx_word' id='word_1_40' title='bbox 1293 582 1430 621; x_wconf 81' lang='lat' dir='ltr'>consul</span> 
     </span>
     <span class='ocr_line' id='line_1_8' title="bbox 147 628 1430 692; baseline 0.009 -26"><span class='ocrx_word' id='word_1_41' title='bbox 147 630 281 668; x_wconf 84' lang='lat' dir='ltr'>miffus</span> <span class='ocrx_word' id='word_1_42' title='bbox 313 628 382 668; x_wconf 90' lang='lat' dir='ltr'>est.</span> <span class='ocrx_word' id='word_1_43' title='bbox 418 629 449 668; x_wconf 84' lang='lat' dir='ltr'>is</span> <span class='ocrx_word' id='word_1_44' title='bbox 483 628 574 669; x_wconf 87' lang='lat' dir='ltr'>finis</span> <span class='ocrx_word' id='word_1_45' title='bbox 609 632 932 684; x_wconf 85' lang='lat' dir='ltr'>populationibus</span> <span class='ocrx_word' id='word_1_46' title='bbox 963 634 1052 674; x_wconf 84' lang='lat' dir='ltr'>suit.</span> <span class='ocrx_word' id='word_1_47' title='bbox 1119 638 1272 677; x_wconf 86' lang='lat' dir='ltr'>Ceffere</span> <span class='ocrx_word' id='word_1_48' title='bbox 1306 640 1430 692; x_wconf 83' lang='lat' dir='ltr'>AEqui</span> 
     </span>
     <span class='ocr_line' id='line_1_9' title="bbox 144 686 1626 751; baseline 0.009 -27"><span class='ocrx_word' id='word_1_49' title='bbox 144 686 320 739; x_wconf 84' lang='lat' dir='ltr'>campis:</span> <span class='ocrx_word' id='word_1_50' title='bbox 358 687 528 739; x_wconf 90' lang='lat' dir='ltr'>locoque</span> <span class='ocrx_word' id='word_1_51' title='bbox 560 688 702 742; x_wconf 87' lang='lat' dir='ltr'>magis,</span> <span class='ocrx_word' id='word_1_52' title='bbox 734 688 856 742; x_wconf 66' lang='lat' dir='ltr'>quam</span> <span class='ocrx_word' id='word_1_53' title='bbox 887 692 1025 741; x_wconf 86' lang='lat' dir='ltr'>armis,</span> <span class='ocrx_word' id='word_1_54' title='bbox 1056 692 1161 743; x_wconf 87' lang='lat' dir='ltr'>freti,</span> <span class='ocrx_word' id='word_1_55' title='bbox 1198 695 1360 735; x_wconf 82' lang='lat' dir='ltr'>summis</span> <span class='ocrx_word' id='word_1_56' title='bbox 1395 697 1430 736; x_wconf 88' lang='lat' dir='ltr'>se</span> <span class='ocrx_word' id='word_1_57' title='bbox 1450 719 1626 751; x_wconf 61' lang='lat' dir='ltr'>Bellumcum</span> 
     </span>
     <span class='ocr_line' id='line_1_10' title="bbox 141 744 1562 803; baseline 0.008 -22"><span class='ocrx_word' id='word_1_58' title='bbox 141 744 249 797; x_wconf 85' lang='lat' dir='ltr'>jugis</span> <span class='ocrx_word' id='word_1_59' title='bbox 285 744 485 782; x_wconf 89' lang='lat' dir='ltr'>montium</span> <span class='ocrx_word' id='word_1_60' title='bbox 522 744 765 785; x_wconf 82' lang='lat' dir='ltr'>tutabantur.</span> <span class='ocrx_word' id='word_1_61' title='bbox 842 744 958 787; x_wconf 77' lang='lat' dir='ltr'>Alter</span> <span class='ocrx_word' id='word_1_62' title='bbox 993 750 1145 799; x_wconf 89' lang='lat' dir='ltr'>consul,</span> <span class='ocrx_word' id='word_1_63' title='bbox 1190 752 1229 790; x_wconf 92' lang='lat' dir='ltr'>in</span> <span class='ocrx_word' id='word_1_64' title='bbox 1265 753 1431 793; x_wconf 65' lang='lat' dir='ltr'>Volscos</span> <span class='ocrx_word' id='word_1_65' title='bbox 1454 765 1562 803; x_wconf 56' lang='grc' dir='ltr'>νομὴ,</span> 
     </span>
     <span class='ocr_line' id='line_1_11' title="bbox 146 800 1432 864; baseline 0.008 -25"><span class='ocrx_word' id='word_1_66' title='bbox 146 800 368 852; x_wconf 70' lang='grc' dir='ltr'>Ρτοὶεᾶυε,</span> <span class='ocrx_word' id='word_1_67' title='bbox 410 815 460 841; x_wconf 93' lang='lat' dir='ltr'>ne</span> <span class='ocrx_word' id='word_1_68' title='bbox 496 804 556 856; x_wconf 88' lang='lat'>(8)</span> <span class='ocrx_word' id='word_1_69' title='bbox 591 805 631 843; x_wconf 70' lang='grc' dir='ltr'>δε</span> <span class='ocrx_word' id='word_1_70' title='bbox 662 803 742 856; x_wconf 91' lang='lat' dir='ltr'>ipse</span> <span class='ocrx_word' id='word_1_71' title='bbox 774 813 919 844; x_wconf 86' lang='lat' dir='ltr'>tereret</span> <span class='ocrx_word' id='word_1_72' title='bbox 940 815 1112 859; x_wconf 85' lang='lat' dir='ltr'>tempus,</span> <span class='ocrx_word' id='word_1_73' title='bbox 1143 809 1339 849; x_wconf 71' lang='lat' dir='ltr'>vastandis</span> <span class='ocrx_word' id='word_1_74' title='bbox 1372 814 1432 864; x_wconf 80' lang='lat'>(9)</span> 
     </span>
     <span class='ocr_line' id='line_1_12' title="bbox 143 855 1434 917; baseline 0.009 -22"><span class='ocrx_word' id='word_1_75' title='bbox 143 855 317 900; x_wconf 72' lang='lat' dir='ltr'>maxime</span> <span class='ocrx_word' id='word_1_76' title='bbox 340 859 442 912; x_wconf 76' lang='lat' dir='ltr'>agris</span> <span class='ocrx_word' id='word_1_77' title='bbox 470 858 624 899; x_wconf 87' lang='lat' dir='ltr'>hostem</span> <span class='ocrx_word' id='word_1_78' title='bbox 646 862 696 901; x_wconf 91' lang='lat' dir='ltr'>ad</span> <span class='ocrx_word' id='word_1_79' title='bbox 717 861 958 902; x_wconf 87' lang='lat' dir='ltr'>conferenda</span> <span class='ocrx_word' id='word_1_80' title='bbox 987 863 1152 917; x_wconf 71' lang='lat' dir='ltr'>propius</span> <span class='ocrx_word' id='word_1_81' title='bbox 1173 867 1296 905; x_wconf 82' lang='lat' dir='ltr'>castra</span> <span class='ocrx_word' id='word_1_82' title='bbox 1318 861 1434 906; x_wconf 81' lang='lat' dir='ltr'>dinii-</span> 
     </span>
     <span class='ocr_line' id='line_1_13' title="bbox 140 917 1433 977; baseline 0.008 -24"><span class='ocrx_word' id='word_1_83' title='bbox 140 917 398 968; x_wconf 82' lang='lat' dir='ltr'>candumque</span> <span class='ocrx_word' id='word_1_84' title='bbox 415 917 498 956; x_wconf 85' lang='lat' dir='ltr'>acie</span> <span class='ocrx_word' id='word_1_85' title='bbox 519 917 676 957; x_wconf 86' lang='lat' dir='ltr'>excivit.</span> <span class='ocrx_word' id='word_1_86' title='bbox 728 919 872 959; x_wconf 87' lang='lat' dir='ltr'>Medio</span> <span class='ocrx_word' id='word_1_87' title='bbox 894 920 995 959; x_wconf 85' lang='lat' dir='ltr'>inter</span> <span class='ocrx_word' id='word_1_88' title='bbox 1016 922 1139 961; x_wconf 88' lang='lat' dir='ltr'>castra</span> <span class='ocrx_word' id='word_1_89' title='bbox 1161 937 1317 977; x_wconf 84' lang='lat' dir='ltr'>campo,</span> <span class='ocrx_word' id='word_1_90' title='bbox 1343 935 1433 964; x_wconf 82' lang='lat' dir='ltr'>ante</span> 
     </span>
     <span class='ocr_line' id='line_1_14' title="bbox 145 972 1434 1031; baseline 0.009 -21"><span class='ocrx_word' id='word_1_91' title='bbox 145 972 260 1011; x_wconf 87' lang='lat' dir='ltr'>suum</span> <span class='ocrx_word' id='word_1_92' title='bbox 282 973 446 1026; x_wconf 89' lang='lat' dir='ltr'>quisque</span> <span class='ocrx_word' id='word_1_93' title='bbox 478 975 641 1023; x_wconf 87' lang='lat' dir='ltr'>vallum,</span> <span class='ocrx_word' id='word_1_94' title='bbox 673 976 824 1016; x_wconf 85' lang='lat' dir='ltr'>infestis</span> <span class='ocrx_word' id='word_1_95' title='bbox 847 978 961 1031; x_wconf 82' lang='lat' dir='ltr'>signis</span> <span class='ocrx_word' id='word_1_96' title='bbox 995 980 1216 1020; x_wconf 84' lang='lat' dir='ltr'>constitere.</span> <span class='ocrx_word' id='word_1_97' title='bbox 1254 982 1434 1021; x_wconf 87' lang='lat' dir='ltr'>multitu-</span> 
     </span>
     <span class='ocr_line' id='line_1_15' title="bbox 143 1030 1434 1089; baseline 0.007 -21"><span class='ocrx_word' id='word_1_98' title='bbox 143 1030 235 1070; x_wconf 85' lang='lat' dir='ltr'><strong>dine</strong></span> <span class='ocrx_word' id='word_1_99' title='bbox 258 1030 507 1083; x_wconf 61' lang='lat' dir='ltr'>aliquantUm</span> <span class='ocrx_word' id='word_1_100' title='bbox 528 1032 665 1073; x_wconf 87' lang='lat' dir='ltr'>Volsci</span> <span class='ocrx_word' id='word_1_101' title='bbox 683 1033 930 1087; x_wconf 82' lang='lat' dir='ltr'>superabant.</span> <span class='ocrx_word' id='word_1_102' title='bbox 982 1036 1121 1089; x_wconf 90' lang='lat' dir='ltr'>Itaque</span> <span class='ocrx_word' id='word_1_103' title='bbox 1142 1038 1250 1078; x_wconf 82' lang='lat' dir='ltr'>effufi</span> <span class='ocrx_word' id='word_1_104' title='bbox 1276 1042 1315 1079; x_wconf 67' lang='grc' dir='ltr'>δε</span> <span class='ocrx_word' id='word_1_105' title='bbox 1338 1054 1434 1079; x_wconf 88' lang='lat' dir='ltr'>con-</span> 
     </span>
     <span class='ocr_line' id='line_1_16' title="bbox 143 1088 1433 1148; baseline 0.009 -23"><span class='ocrx_word' id='word_1_106' title='bbox 143 1088 328 1141; x_wconf 80' lang='lat' dir='ltr'>temptim</span> <span class='ocrx_word' id='word_1_107' title='bbox 351 1103 528 1143; x_wconf 85' lang='lat' dir='ltr'>pugnam</span> <span class='ocrx_word' id='word_1_108' title='bbox 550 1090 686 1130; x_wconf 90' lang='lat' dir='ltr'>iniere.</span> <span class='ocrx_word' id='word_1_109' title='bbox 738 1091 887 1131; x_wconf 91' lang='lat' dir='ltr'>Consul</span> <span class='ocrx_word' id='word_1_110' title='bbox 909 1093 1119 1134; x_wconf 88' lang='lat' dir='ltr'>Romanus</span> <span class='ocrx_word' id='word_1_111' title='bbox 1140 1109 1212 1135; x_wconf 89' lang='lat' dir='ltr'>nec</span> <span class='ocrx_word' id='word_1_112' title='bbox 1235 1097 1433 1148; x_wconf 83' lang='lat' dir='ltr'>promovit</span> 
     </span>
     <span class='ocr_line' id='line_1_17' title="bbox 144 1145 1432 1205; baseline 0.008 -22"><span class='ocrx_word' id='word_1_113' title='bbox 144 1145 286 1194; x_wconf 84' lang='lat' dir='ltr'>aciem,</span> <span class='ocrx_word' id='word_1_114' title='bbox 319 1148 631 1189; x_wconf 81' lang='lat' dir='ltr'>necclamorem</span> <span class='ocrx_word' id='word_1_115' title='bbox 652 1149 763 1188; x_wconf 83' lang='lat' dir='ltr'>reddi</span> <span class='ocrx_word' id='word_1_116' title='bbox 785 1150 928 1202; x_wconf 83' lang='lat' dir='ltr'>paffus,</span> <span class='ocrx_word' id='word_1_117' title='bbox 959 1150 1099 1191; x_wconf 81' lang='lat' dir='ltr'>defixis</span> <span class='ocrx_word' id='word_1_118' title='bbox 1121 1153 1209 1205; x_wconf 86' lang='lat' dir='ltr'>pilis</span> <span class='ocrx_word' id='word_1_119' title='bbox 1226 1154 1324 1192; x_wconf 83' lang='lat' dir='ltr'>stare</span> <span class='ocrx_word' id='word_1_120' title='bbox 1343 1154 1432 1193; x_wconf 84' lang='lat' dir='ltr'>suos</span> 
     </span>
     <span class='ocr_line' id='line_1_18' title="bbox 139 1202 1431 1264; baseline 0.007 -23"><span class='ocrx_word' id='word_1_121' title='bbox 139 1202 274 1259; x_wconf 72' lang='lat' dir='ltr'>jussit:</span> <span class='ocrx_word' id='word_1_122' title='bbox 317 1203 384 1247; x_wconf 86' lang='lat' dir='ltr'>ubi</span> <span class='ocrx_word' id='word_1_123' title='bbox 414 1206 463 1243; x_wconf 83' lang='lat' dir='ltr'>ad</span> <span class='ocrx_word' id='word_1_124' title='bbox 494 1219 660 1244; x_wconf 86' lang='lat' dir='ltr'>manum</span> <span class='ocrx_word' id='word_1_125' title='bbox 681 1206 841 1246; x_wconf 78' lang='lat' dir='ltr'>venisset</span> <span class='ocrx_word' id='word_1_126' title='bbox 873 1207 1009 1256; x_wconf 86' lang='lat' dir='ltr'>hostis,</span> <span class='ocrx_word' id='word_1_127' title='bbox 1041 1219 1128 1248; x_wconf 89' lang='lat' dir='ltr'>tum</span> <span class='ocrx_word' id='word_1_128' title='bbox 1162 1213 1249 1264; x_wconf 88' lang='lat'>(10)</span> <span class='ocrx_word' id='word_1_129' title='bbox 1275 1221 1431 1251; x_wconf 76' lang='lat' dir='ltr'>coortos</span> 
     </span>
     <span class='ocr_line' id='line_1_19' title="bbox 144 1260 1431 1317; baseline 0.007 -19"><span class='ocrx_word' id='word_1_130' title='bbox 144 1260 227 1299; x_wconf 67' lang='lat' dir='ltr'>tota</span> <span class='ocrx_word' id='word_1_131' title='bbox 262 1260 300 1299; x_wconf 90' lang='lat' dir='ltr'>vi</span> <span class='ocrx_word' id='word_1_132' title='bbox 336 1262 476 1315; x_wconf 82' lang='lat' dir='ltr'>gladiis</span> <span class='ocrx_word' id='word_1_133' title='bbox 512 1276 597 1302; x_wconf 89' lang='lat' dir='ltr'>rem</span> <span class='ocrx_word' id='word_1_134' title='bbox 630 1277 779 1317; x_wconf 86' lang='lat' dir='ltr'>gerere.</span> <span class='ocrx_word' id='word_1_135' title='bbox 845 1265 997 1314; x_wconf 90' lang='lat' dir='ltr'>Volsci,</span> <span class='ocrx_word' id='word_1_136' title='bbox 1033 1267 1149 1306; x_wconf 89' lang='lat' dir='ltr'>cursu</span> <span class='ocrx_word' id='word_1_137' title='bbox 1186 1270 1224 1307; x_wconf 65' lang='grc' dir='ltr'><strong>ἃ</strong></span> <span class='ocrx_word' id='word_1_138' title='bbox 1258 1269 1431 1307; x_wconf 86' lang='lat' dir='ltr'>clamore</span> 
     </span>
     <span class='ocr_line' id='line_1_20' title="bbox 141 1317 1432 1374; baseline 0.006 -18"><span class='ocrx_word' id='word_1_139' title='bbox 141 1317 241 1366; x_wconf 82' lang='lat' dir='ltr'>feffi,</span> <span class='ocrx_word' id='word_1_140' title='bbox 273 1333 399 1371; x_wconf 89' lang='lat' dir='ltr'>quum</span> <span class='ocrx_word' id='word_1_141' title='bbox 422 1319 459 1358; x_wconf 89' lang='lat' dir='ltr'>se</span> <span class='ocrx_word' id='word_1_142' title='bbox 491 1321 600 1361; x_wconf 89' lang='lat' dir='ltr'>velut</span> <span class='ocrx_word' id='word_1_143' title='bbox 622 1320 869 1374; x_wconf 83' lang='lat' dir='ltr'>stupentibus</span> <span class='ocrx_word' id='word_1_144' title='bbox 895 1333 1005 1361; x_wconf 90' lang='lat' dir='ltr'>metu</span> <span class='ocrx_word' id='word_1_145' title='bbox 1037 1323 1250 1363; x_wconf 73' lang='lat' dir='ltr'>intulissent</span> <span class='ocrx_word' id='word_1_146' title='bbox 1279 1325 1432 1364; x_wconf 84' lang='lat' dir='ltr'>Roma-</span> 
     </span>
     <span class='ocr_line' id='line_1_21' title="bbox 143 1376 1430 1430; baseline 0.005 -16"><span class='ocrx_word' id='word_1_147' title='bbox 143 1376 223 1425; x_wconf 81' lang='lat' dir='ltr'>nis,</span> <span class='ocrx_word' id='word_1_148' title='bbox 255 1376 465 1429; x_wconf 86' lang='lat' dir='ltr'>postquam</span> <span class='ocrx_word' id='word_1_149' title='bbox 500 1377 792 1430; x_wconf 87' lang='lat' dir='ltr'>impreffionem</span> <span class='ocrx_word' id='word_1_150' title='bbox 815 1379 964 1418; x_wconf 86' lang='lat' dir='ltr'>sensere</span> <span class='ocrx_word' id='word_1_151' title='bbox 992 1394 1039 1418; x_wconf 86' lang='lat' dir='ltr'>ex</span> <span class='ocrx_word' id='word_1_152' title='bbox 1074 1381 1233 1420; x_wconf 88' lang='lat' dir='ltr'>adverso</span> <span class='ocrx_word' id='word_1_153' title='bbox 1265 1381 1430 1430; x_wconf 41' lang='lat' dir='ltr'>faciam,</span> 
     </span>
     <span class='ocr_line' id='line_1_22' title="bbox 145 1435 1432 1490; baseline 0.004 -18"><span class='ocrx_word' id='word_1_154' title='bbox 145 1435 187 1472; x_wconf 72' lang='grc' dir='ltr'>δι-</span> <span class='ocrx_word' id='word_1_155' title='bbox 210 1443 300 1471; x_wconf 85' lang='lat' dir='ltr'>ante</span> <span class='ocrx_word' id='word_1_156' title='bbox 316 1435 454 1473; x_wconf 87' lang='lat' dir='ltr'>oculos</span> <span class='ocrx_word' id='word_1_157' title='bbox 475 1435 622 1474; x_wconf 85' lang='lat' dir='ltr'>micare</span> <span class='ocrx_word' id='word_1_158' title='bbox 643 1436 811 1489; x_wconf 77' lang='lat' dir='ltr'>gladios,</span> <span class='ocrx_word' id='word_1_159' title='bbox 839 1435 946 1475; x_wconf 87' lang='lat' dir='ltr'>haud</span> <span class='ocrx_word' id='word_1_160' title='bbox 964 1436 1075 1476; x_wconf 83' lang='lat' dir='ltr'>secus</span> <span class='ocrx_word' id='word_1_161' title='bbox 1092 1440 1213 1490; x_wconf 70' lang='lat' dir='ltr'>quam</span> <span class='ocrx_word' id='word_1_162' title='bbox 1236 1439 1259 1476; x_wconf 86' lang='lat' dir='ltr'>fi</span> <span class='ocrx_word' id='word_1_163' title='bbox 1282 1439 1321 1477; x_wconf 89' lang='lat' dir='ltr'>in</span> <span class='ocrx_word' id='word_1_164' title='bbox 1344 1439 1432 1478; x_wconf 79' lang='lat' dir='ltr'>insi-</span> 
     </span>
     <span class='ocr_line' id='line_1_23' title="bbox 142 1490 1431 1549; baseline 0.004 -20"><span class='ocrx_word' id='word_1_165' title='bbox 142 1490 228 1530; x_wconf 82' lang='lat' dir='ltr'>dias</span> <span class='ocrx_word' id='word_1_166' title='bbox 250 1490 484 1539; x_wconf 71' lang='lat' dir='ltr'>incidissent,</span> <span class='ocrx_word' id='word_1_167' title='bbox 515 1491 662 1531; x_wconf 88' lang='lat' dir='ltr'>turbati</span> <span class='ocrx_word' id='word_1_168' title='bbox 695 1502 854 1532; x_wconf 90' lang='lat' dir='ltr'>vertunt</span> <span class='ocrx_word' id='word_1_169' title='bbox 886 1503 1020 1547; x_wconf 87' lang='lat' dir='ltr'>terga;</span> <span class='ocrx_word' id='word_1_170' title='bbox 1061 1498 1101 1535; x_wconf 84' lang='lat'>&amp;</span> <span class='ocrx_word' id='word_1_171' title='bbox 1129 1509 1179 1534; x_wconf 88' lang='lat' dir='ltr'>ne</span> <span class='ocrx_word' id='word_1_172' title='bbox 1213 1497 1261 1534; x_wconf 84' lang='lat' dir='ltr'>ad</span> <span class='ocrx_word' id='word_1_173' title='bbox 1294 1495 1431 1549; x_wconf 80' lang='lat' dir='ltr'>fugam</span> 
     </span>
     <span class='ocr_line' id='line_1_24' title="bbox 143 1547 1430 1605; baseline 0.005 -20"><span class='ocrx_word' id='word_1_174' title='bbox 143 1547 308 1599; x_wconf 89' lang='lat' dir='ltr'>quidem</span> <span class='ocrx_word' id='word_1_175' title='bbox 330 1547 419 1588; x_wconf 87' lang='lat' dir='ltr'>satis</span> <span class='ocrx_word' id='word_1_176' title='bbox 447 1549 593 1587; x_wconf 87' lang='lat' dir='ltr'>virium</span> <span class='ocrx_word' id='word_1_177' title='bbox 614 1549 707 1599; x_wconf 86' lang='lat' dir='ltr'>fuit,</span> <span class='ocrx_word' id='word_1_178' title='bbox 739 1550 831 1602; x_wconf 80' lang='lat' dir='ltr'>quia</span> <span class='ocrx_word' id='word_1_179' title='bbox 853 1550 970 1589; x_wconf 88' lang='lat' dir='ltr'>cursu</span> <span class='ocrx_word' id='word_1_180' title='bbox 1002 1551 1041 1589; x_wconf 88' lang='lat' dir='ltr'>in</span> <span class='ocrx_word' id='word_1_181' title='bbox 1072 1553 1261 1605; x_wconf 76' lang='lat' dir='ltr'>proelium</span> <span class='ocrx_word' id='word_1_182' title='bbox 1293 1553 1430 1592; x_wconf 83' lang='lat' dir='ltr'>ierant.</span> 
     </span>
     <span class='ocr_line' id='line_1_25' title="bbox 145 1604 1433 1660; baseline 0.004 -17"><span class='ocrx_word' id='word_1_183' title='bbox 145 1604 322 1643; x_wconf 89' lang='lat' dir='ltr'>Romani</span> <span class='ocrx_word' id='word_1_184' title='bbox 355 1607 508 1654; x_wconf 76' lang='lat' dir='ltr'>contra,</span> <span class='ocrx_word' id='word_1_185' title='bbox 544 1606 636 1658; x_wconf 90' lang='lat' dir='ltr'>quia</span> <span class='ocrx_word' id='word_1_186' title='bbox 669 1607 865 1659; x_wconf 87' lang='lat' dir='ltr'>principio</span> <span class='ocrx_word' id='word_1_187' title='bbox 898 1622 1043 1660; x_wconf 77' lang='lat' dir='ltr'>pugnae</span> <span class='ocrx_word' id='word_1_188' title='bbox 1076 1609 1200 1660; x_wconf 88' lang='lat' dir='ltr'>quieti</span> <span class='ocrx_word' id='word_1_189' title='bbox 1232 1609 1433 1659; x_wconf 87' lang='lat' dir='ltr'>steterant,</span> 
     </span>
     <span class='ocr_line' id='line_1_26' title="bbox 143 1661 1433 1719; baseline 0.004 -19"><span class='ocrx_word' id='word_1_190' title='bbox 143 1661 322 1715; x_wconf 84' lang='lat' dir='ltr'>vigentes</span> <span class='ocrx_word' id='word_1_191' title='bbox 344 1663 593 1715; x_wconf 79' lang='lat' dir='ltr'>corporibus,</span> <span class='ocrx_word' id='word_1_192' title='bbox 625 1662 740 1703; x_wconf 74' lang='lat' dir='ltr'>facile</span> <span class='ocrx_word' id='word_1_193' title='bbox 762 1665 893 1717; x_wconf 87' lang='lat' dir='ltr'>adepti</span> <span class='ocrx_word' id='word_1_194' title='bbox 913 1664 1042 1712; x_wconf 76' lang='lat' dir='ltr'>fessos,</span> <span class='ocrx_word' id='word_1_195' title='bbox 1077 1668 1113 1704; x_wconf 69' lang='lat'>8&lt;</span> <span class='ocrx_word' id='word_1_196' title='bbox 1137 1666 1259 1705; x_wconf 87' lang='lat' dir='ltr'>castra</span> <span class='ocrx_word' id='word_1_197' title='bbox 1282 1667 1433 1719; x_wconf 84' lang='lat' dir='ltr'>impetu</span> 
     </span>
     <span class='ocr_line' id='line_1_27' title="bbox 143 1720 1433 1776; baseline 0.003 -19"><span class='ocrx_word' id='word_1_198' title='bbox 143 1728 352 1771; x_wconf 87' lang='lat' dir='ltr'>ceperunt,</span> <span class='ocrx_word' id='word_1_199' title='bbox 390 1723 445 1769; x_wconf 67' lang='grc' dir='ltr'>δε,</span> <span class='ocrx_word' id='word_1_200' title='bbox 481 1720 616 1760; x_wconf 85' lang='lat' dir='ltr'>castris</span> <span class='ocrx_word' id='word_1_201' title='bbox 643 1735 809 1760; x_wconf 83' lang='lat' dir='ltr'>exutum</span> <span class='ocrx_word' id='word_1_202' title='bbox 840 1721 994 1761; x_wconf 88' lang='lat' dir='ltr'>hostem</span> <span class='ocrx_word' id='word_1_203' title='bbox 1023 1723 1196 1762; x_wconf 78' lang='lat' dir='ltr'>Velitras</span> <span class='ocrx_word' id='word_1_204' title='bbox 1225 1723 1433 1776; x_wconf 74' lang='lat' dir='ltr'>persecuti,</span> 
     </span>
     <span class='ocr_line' id='line_1_28' title="bbox 144 1777 1434 1833; baseline 0.004 -19"><span class='ocrx_word' id='word_1_205' title='bbox 144 1790 226 1816; x_wconf 88' lang='lat' dir='ltr'>uno</span> <span class='ocrx_word' id='word_1_206' title='bbox 248 1777 406 1830; x_wconf 81' lang='lat' dir='ltr'>agmine</span> <span class='ocrx_word' id='word_1_207' title='bbox 425 1777 597 1817; x_wconf 61' lang='lat' dir='ltr'>victores</span> <span class='ocrx_word' id='word_1_208' title='bbox 619 1792 712 1817; x_wconf 90' lang='lat' dir='ltr'>cum</span> <span class='ocrx_word' id='word_1_209' title='bbox 733 1778 850 1818; x_wconf 64' lang='lat' dir='ltr'>victis</span> <span class='ocrx_word' id='word_1_210' title='bbox 879 1779 919 1817; x_wconf 85' lang='lat' dir='ltr'>in</span> <span class='ocrx_word' id='word_1_211' title='bbox 941 1779 1081 1821; x_wconf 88' lang='lat' dir='ltr'>urbem</span> <span class='ocrx_word' id='word_1_212' title='bbox 1108 1780 1296 1833; x_wconf 89' lang='lat' dir='ltr'>irrupere.</span> <span class='ocrx_word' id='word_1_213' title='bbox 1330 1781 1434 1833; x_wconf 89' lang='lat' dir='ltr'>plus-</span> 
     </span>
     <span class='ocr_line' id='line_1_29' title="bbox 145 1834 1433 1891; baseline 0.003 -18"><span class='ocrx_word' id='word_1_214' title='bbox 145 1848 222 1885; x_wconf 90' lang='lat' dir='ltr'>que</span> <span class='ocrx_word' id='word_1_215' title='bbox 260 1834 313 1873; x_wconf 92' lang='lat' dir='ltr'>ibi</span> <span class='ocrx_word' id='word_1_216' title='bbox 350 1834 565 1887; x_wconf 82' lang='lat' dir='ltr'>sanguinis,</span> <span class='ocrx_word' id='word_1_217' title='bbox 608 1835 833 1888; x_wconf 72' lang='lat' dir='ltr'>promiscua</span> <span class='ocrx_word' id='word_1_218' title='bbox 863 1837 1045 1875; x_wconf 88' lang='lat' dir='ltr'>omnium</span> <span class='ocrx_word' id='word_1_219' title='bbox 1082 1851 1273 1891; x_wconf 85' lang='lat' dir='ltr'>generum</span> <span class='ocrx_word' id='word_1_220' title='bbox 1310 1840 1433 1886; x_wconf 81' lang='lat' dir='ltr'>caede,</span> 
     </span>
     <span class='ocr_line' id='line_1_30' title="bbox 144 1891 1435 1948; baseline 0.005 -19"><span class='ocrx_word' id='word_1_221' title='bbox 144 1892 267 1943; x_wconf 74' lang='lat' dir='ltr'>quam</span> <span class='ocrx_word' id='word_1_222' title='bbox 300 1891 341 1930; x_wconf 91' lang='lat' dir='ltr'>in</span> <span class='ocrx_word' id='word_1_223' title='bbox 363 1893 445 1945; x_wconf 75' lang='lat' dir='ltr'>ipsa</span> <span class='ocrx_word' id='word_1_224' title='bbox 467 1892 738 1941; x_wconf 83' lang='lat' dir='ltr'>dimicatione,</span> <span class='ocrx_word' id='word_1_225' title='bbox 768 1896 857 1948; x_wconf 88' lang='lat'>(11)</span> <span class='ocrx_word' id='word_1_226' title='bbox 889 1893 1058 1934; x_wconf 62' lang='lat' dir='ltr'>factum.</span> <span class='ocrx_word' id='word_1_227' title='bbox 1091 1895 1226 1948; x_wconf 85' lang='lat' dir='ltr'>paucis</span> <span class='ocrx_word' id='word_1_228' title='bbox 1249 1896 1338 1934; x_wconf 81' lang='lat' dir='ltr'>data</span> <span class='ocrx_word' id='word_1_229' title='bbox 1369 1909 1435 1934; x_wconf 88' lang='lat' dir='ltr'>ve-</span> 
     </span>
     <span class='ocr_line' id='line_1_31' title="bbox 144 1949 1077 2002; baseline 0.003 -15"><span class='ocrx_word' id='word_1_230' title='bbox 144 1949 226 1999; x_wconf 87' lang='lat' dir='ltr'>nia,</span> <span class='ocrx_word' id='word_1_231' title='bbox 258 1949 326 2002; x_wconf 91' lang='lat' dir='ltr'>qui</span> <span class='ocrx_word' id='word_1_232' title='bbox 348 1949 519 1991; x_wconf 84' lang='lat' dir='ltr'>inermes</span> <span class='ocrx_word' id='word_1_233' title='bbox 542 1950 581 1988; x_wconf 92' lang='lat' dir='ltr'>in</span> <span class='ocrx_word' id='word_1_234' title='bbox 604 1951 848 1990; x_wconf 88' lang='lat' dir='ltr'>deditionem</span> <span class='ocrx_word' id='word_1_235' title='bbox 869 1962 1077 1990; x_wconf 90' lang='lat' dir='ltr'>venerunt.</span> 
     </span>
     <span class='ocr_line' id='line_1_32' title="bbox 143 2006 1631 2062; baseline 0.003 -17"><span class='ocrx_word' id='word_1_236' title='bbox 143 2038 145 2040; x_wconf 87' lang='lat'>.</span> <span class='ocrx_word' id='word_1_237' title='bbox 202 2006 358 2046; x_wconf 72' lang='lat' dir='ltr'>XXXI.</span> <span class='ocrx_word' id='word_1_238' title='bbox 401 2007 516 2046; x_wconf 89' lang='lat' dir='ltr'>Dum</span> <span class='ocrx_word' id='word_1_239' title='bbox 538 2006 623 2047; x_wconf 85' lang='lat' dir='ltr'>haec</span> <span class='ocrx_word' id='word_1_240' title='bbox 655 2008 695 2046; x_wconf 90' lang='lat' dir='ltr'>in</span> <span class='ocrx_word' id='word_1_241' title='bbox 715 2008 873 2048; x_wconf 85' lang='lat' dir='ltr'>Volscis</span> <span class='ocrx_word' id='word_1_242' title='bbox 893 2018 1100 2062; x_wconf 84' lang='lat' dir='ltr'>geruntur,</span> <span class='ocrx_word' id='word_1_243' title='bbox 1132 2009 1303 2049; x_wconf 63' lang='lat' dir='ltr'>dictator</span> <span class='ocrx_word' id='word_1_244' title='bbox 1324 2009 1436 2050; x_wconf 75' lang='lat' dir='ltr'>Sabi.</span> <span class='ocrx_word' id='word_1_245' title='bbox 1454 2016 1631 2046; x_wconf 67' lang='lat' dir='ltr'>Bellumcum</span> 
     </span>
     <span class='ocr_line' id='line_1_33' title="bbox 144 2062 1571 2121; baseline 0.004 -19"><span class='ocrx_word' id='word_1_246' title='bbox 144 2078 233 2112; x_wconf 87' lang='lat' dir='ltr'>nos,</span> <span class='ocrx_word' id='word_1_247' title='bbox 266 2064 333 2103; x_wconf 90' lang='lat' dir='ltr'>ubi</span> <span class='ocrx_word' id='word_1_248' title='bbox 355 2062 471 2118; x_wconf 74' lang='lat' dir='ltr'>longe</span> <span class='ocrx_word' id='word_1_249' title='bbox 504 2065 722 2118; x_wconf 87' lang='lat' dir='ltr'>plurimum</span> <span class='ocrx_word' id='word_1_250' title='bbox 748 2065 841 2104; x_wconf 89' lang='lat' dir='ltr'>belli</span> <span class='ocrx_word' id='word_1_251' title='bbox 869 2064 1016 2117; x_wconf 87' lang='lat' dir='ltr'>fuerat,</span> <span class='ocrx_word' id='word_1_252' title='bbox 1048 2066 1196 2118; x_wconf 86' lang='lat' dir='ltr'>fundit,</span> <span class='ocrx_word' id='word_1_253' title='bbox 1228 2067 1435 2121; x_wconf 83' lang='lat' dir='ltr'>fugatque,</span> <span class='ocrx_word' id='word_1_254' title='bbox 1455 2062 1571 2091; x_wconf 64' lang='lat' dir='ltr'>Sabini..</span> 
     </span>
     <span class='ocr_line' id='line_1_34' title="bbox 146 2122 1437 2175; baseline 0.004 -16"><span class='ocrx_word' id='word_1_255' title='bbox 146 2122 336 2174; x_wconf 83' lang='lat' dir='ltr'>exuitque</span> <span class='ocrx_word' id='word_1_256' title='bbox 370 2122 517 2162; x_wconf 87' lang='lat' dir='ltr'>castris.</span> <span class='ocrx_word' id='word_1_257' title='bbox 578 2122 770 2175; x_wconf 87' lang='lat' dir='ltr'>Equitatu</span> <span class='ocrx_word' id='word_1_258' title='bbox 801 2123 970 2162; x_wconf 83' lang='lat' dir='ltr'>immisso</span> <span class='ocrx_word' id='word_1_259' title='bbox 1005 2124 1177 2163; x_wconf 83' lang='lat' dir='ltr'>mediam</span> <span class='ocrx_word' id='word_1_260' title='bbox 1212 2124 1437 2165; x_wconf 79' lang='lat' dir='ltr'>turbaverat</span> 
     </span>
     <span class='ocr_line' id='line_1_35' title="bbox 145 2178 1435 2235; baseline 0 -14"><span class='ocrx_word' id='word_1_261' title='bbox 145 2178 321 2228; x_wconf 83' lang='lat' dir='ltr'>hostium</span> <span class='ocrx_word' id='word_1_262' title='bbox 342 2180 486 2230; x_wconf 86' lang='lat' dir='ltr'>aciem,</span> <span class='ocrx_word' id='word_1_263' title='bbox 519 2179 597 2233; x_wconf 65' lang='lat' dir='ltr'>quii</span> <span class='ocrx_word' id='word_1_264' title='bbox 620 2183 696 2235; x_wconf 83' lang='lat'>(1),</span> <span class='ocrx_word' id='word_1_265' title='bbox 725 2182 823 2220; x_wconf 90' lang='lat' dir='ltr'>dum</span> <span class='ocrx_word' id='word_1_266' title='bbox 845 2180 882 2220; x_wconf 91' lang='lat' dir='ltr'>se</span> <span class='ocrx_word' id='word_1_267' title='bbox 914 2195 1063 2222; x_wconf 86' lang='lat' dir='ltr'>cornua</span> <span class='ocrx_word' id='word_1_268' title='bbox 1094 2179 1212 2221; x_wconf 69' lang='lat' dir='ltr'>latius</span> <span class='ocrx_word' id='word_1_269' title='bbox 1241 2182 1435 2235; x_wconf 83' lang='lat' dir='ltr'>pandunt,</span> 
     </span>
    </p>

    <p class='ocr_par' dir='ltr' id='par_1_5' title="bbox 1291 2254 1433 2294">
     <span class='ocr_line' id='line_1_36' title="bbox 1291 2254 1433 2294; baseline 0.014 -17"><span class='ocrx_word' id='word_1_270' title='bbox 1291 2254 1433 2294; x_wconf 83' lang='lat' dir='ltr'>parum</span> 
     </span>
    </p>
   </div>
   <div class='ocr_carea' id='block_1_5' title="bbox 146 2355 1439 2832">
    <p class='ocr_par' dir='ltr' id='par_1_6' title="bbox 146 2355 1439 2666">
     <span class='ocr_line' id='line_1_37' title="bbox 147 2355 1436 2400; baseline -0.001 -13"><span class='ocrx_word' id='word_1_271' title='bbox 147 2365 220 2387; x_wconf 72' lang='lat' dir='ltr'>tres.</span> <span class='ocrx_word' id='word_1_272' title='bbox 265 2356 320 2397; x_wconf 86' lang='lat'>(8)</span> <span class='ocrx_word' id='word_1_273' title='bbox 337 2356 618 2399; x_wconf 84' lang='lat' dir='ltr'>Qemadmodum</span> <span class='ocrx_word' id='word_1_274' title='bbox 634 2366 749 2398; x_wconf 84' lang='lat' dir='ltr'>nempe</span> <span class='ocrx_word' id='word_1_275' title='bbox 765 2357 894 2399; x_wconf 84' lang='lat' dir='ltr'>collega.</span> <span class='ocrx_word' id='word_1_276' title='bbox 941 2358 994 2399; x_wconf 91' lang='lat'>(9)</span> <span class='ocrx_word' id='word_1_277' title='bbox 1013 2358 1156 2400; x_wconf 64' lang='lat' dir='ltr'>Wgstam&#39;is</span> <span class='ocrx_word' id='word_1_278' title='bbox 1172 2359 1259 2399; x_wconf 71' lang='lat' dir='ltr'>agris,</span> <span class='ocrx_word' id='word_1_279' title='bbox 1279 2355 1436 2397; x_wconf 80' lang='lat' dir='ltr'>eleganter</span> 
     </span>
     <span class='ocr_line' id='line_1_38' title="bbox 146 2401 1436 2444; baseline 0 -14"><span class='ocrx_word' id='word_1_280' title='bbox 146 2412 208 2441; x_wconf 80' lang='lat' dir='ltr'>pro</span> <span class='ocrx_word' id='word_1_281' title='bbox 232 2402 361 2444; x_wconf 68' lang='lat' dir='ltr'>vqstando</span> <span class='ocrx_word' id='word_1_282' title='bbox 386 2407 487 2442; x_wconf 64' lang='lat' dir='ltr'>agrosj</span> <span class='ocrx_word' id='word_1_283' title='bbox 520 2409 556 2434; x_wconf 79' lang='lat' dir='ltr'>ut</span> <span class='ocrx_word' id='word_1_284' title='bbox 580 2401 675 2443; x_wconf 55' lang='lat' dir='ltr'>su&#39;prz}⁴</span> <span class='ocrx_word' id='word_1_285' title='bbox 697 2402 719 2432; x_wconf 79' lang='grc' dir='ltr'>Ἰ.</span> <span class='ocrx_word' id='word_1_286' title='bbox 739 2412 765 2432; x_wconf 91' lang='grc' dir='ltr'>Ι.</span> <span class='ocrx_word' id='word_1_287' title='bbox 789 2413 813 2432; x_wconf 87' lang='lat' dir='ltr'>c.</span> <span class='ocrx_word' id='word_1_288' title='bbox 830 2413 881 2442; x_wconf 78' lang='lat'>53.</span> <span class='ocrx_word' id='word_1_289' title='bbox 904 2403 1067 2432; x_wconf 49' lang='lat' dir='ltr'>{li-vendendi?</span> <span class='ocrx_word' id='word_1_290' title='bbox 1084 2403 1189 2444; x_wconf 65' lang='lat' dir='ltr'>praedcf.</span> <span class='ocrx_word' id='word_1_291' title='bbox 1235 2403 1310 2441; x_wconf 92' lang='lat'>(10)</span> <span class='ocrx_word' id='word_1_292' title='bbox 1337 2402 1436 2431; x_wconf 47' lang='lat' dir='ltr'>Redi&amp;</span> 
     </span>
     <span class='ocr_line' id='line_1_39' title="bbox 147 2445 1437 2494; baseline 0.001 -19"><span class='ocrx_word' id='word_1_293' title='bbox 147 2453 276 2475; x_wconf 73' lang='lat' dir='ltr'>coortos</span> <span class='ocrx_word' id='word_1_294' title='bbox 303 2445 391 2481; x_wconf 87' lang='lat' dir='ltr'>dicit,</span> <span class='ocrx_word' id='word_1_295' title='bbox 414 2456 493 2485; x_wconf 89' lang='lat' dir='ltr'>quos</span> <span class='ocrx_word' id='word_1_296' title='bbox 510 2452 584 2476; x_wconf 81' lang='lat' dir='ltr'>ante</span> <span class='ocrx_word' id='word_1_297' title='bbox 600 2445 740 2487; x_wconf 73' lang='lat' dir='ltr'>pugnam</span> <span class='ocrx_word' id='word_1_298' title='bbox 756 2447 850 2488; x_wconf 67' lang='lat' dir='ltr'>dqfixis</span> <span class='ocrx_word' id='word_1_299' title='bbox 861 2449 930 2489; x_wconf 82' lang='lat' dir='ltr'>pilis</span> <span class='ocrx_word' id='word_1_300' title='bbox 941 2448 1041 2490; x_wconf 72' lang='lat' dir='ltr'>stetff:</span> <span class='ocrx_word' id='word_1_301' title='bbox 1057 2447 1188 2477; x_wconf 79' lang='lat' dir='ltr'>dixerat.</span> <span class='ocrx_word' id='word_1_302' title='bbox 1233 2445 1382 2475; x_wconf 76' lang='lat' dir='ltr'>Similiter</span> <span class='ocrx_word' id='word_1_303' title='bbox 1398 2446 1437 2494; x_wconf 78' lang='lat' dir='ltr'>de</span> 
     </span>
     <span class='ocr_line' id='line_1_40' title="bbox 148 2489 1438 2533; baseline 0.001 -14"><span class='ocrx_word' id='word_1_304' title='bbox 148 2489 267 2520; x_wconf 74' lang='lat' dir='ltr'>triariis</span> <span class='ocrx_word' id='word_1_305' title='bbox 284 2501 424 2531; x_wconf 81' lang='lat' dir='ltr'>pugnam</span> <span class='ocrx_word' id='word_1_306' title='bbox 441 2489 688 2531; x_wconf 79' lang='lat' dir='ltr'>inceptantibus,</span> <span class='ocrx_word' id='word_1_307' title='bbox 711 2491 821 2531; x_wconf 86' lang='lat' dir='ltr'>passim</span> <span class='ocrx_word' id='word_1_308' title='bbox 847 2492 979 2533; x_wconf 86' lang='lat' dir='ltr'>usurpat</span> <span class='ocrx_word' id='word_1_309' title='bbox 996 2491 1131 2522; x_wconf 88' lang='lat' dir='ltr'>verbum</span> <span class='ocrx_word' id='word_1_310' title='bbox 1156 2493 1306 2531; x_wconf 70' lang='lat' dir='ltr'>cmfirgere</span> <span class='ocrx_word' id='word_1_311' title='bbox 1322 2506 1327 2521; x_wconf 72' lang='lat'>2</span> <span class='ocrx_word' id='word_1_312' title='bbox 1363 2499 1438 2529; x_wconf 82' lang='lat' dir='ltr'>qula</span> 
     </span>
     <span class='ocr_line' id='line_1_41' title="bbox 148 2534 1437 2577; baseline -0.001 -13"><span class='ocrx_word' id='word_1_313' title='bbox 148 2534 267 2565; x_wconf 79' lang='lat' dir='ltr'>hostem</span> <span class='ocrx_word' id='word_1_314' title='bbox 284 2535 497 2575; x_wconf 63' lang='lat' dir='ltr'>expectabant</span> <span class='ocrx_word' id='word_1_315' title='bbox 509 2536 621 2577; x_wconf 71' lang='lat' dir='ltr'>sinssro</span> <span class='ocrx_word' id='word_1_316' title='bbox 642 2549 720 2565; x_wconf 77' lang='lat' dir='ltr'>crure</span> <span class='ocrx_word' id='word_1_317' title='bbox 739 2541 877 2577; x_wconf 59' lang='lat' dir='ltr'>porreflo,</span> <span class='ocrx_word' id='word_1_318' title='bbox 900 2544 935 2567; x_wconf 90' lang='lat' dir='ltr'>ut</span> <span class='ocrx_word' id='word_1_319' title='bbox 953 2536 1048 2566; x_wconf 76' lang='lat' dir='ltr'>fusius</span> <span class='ocrx_word' id='word_1_320' title='bbox 1073 2536 1243 2577; x_wconf 87' lang='lat' dir='ltr'>exponitur</span> <span class='ocrx_word' id='word_1_321' title='bbox 1265 2534 1348 2564; x_wconf 71' lang='lat' dir='ltr'>infra</span> <span class='ocrx_word' id='word_1_322' title='bbox 1374 2534 1392 2564; x_wconf 89' lang='lat' dir='ltr'>L</span> <span class='ocrx_word' id='word_1_323' title='bbox 1411 2534 1437 2565; x_wconf 88' lang='lat'>8.</span> 
     </span>
     <span class='ocr_line' id='line_1_42' title="bbox 149 2579 1436 2623; baseline -0.001 -15"><span class='ocrx_word' id='word_1_324' title='bbox 149 2589 174 2608; x_wconf 83' lang='lat' dir='ltr'>c.</span> <span class='ocrx_word' id='word_1_325' title='bbox 193 2579 222 2609; x_wconf 80' lang='grc'>3.</span> <span class='ocrx_word' id='word_1_326' title='bbox 270 2580 347 2619; x_wconf 88' lang='lat'><em>(11)</em></span> <span class='ocrx_word' id='word_1_327' title='bbox 373 2581 474 2609; x_wconf 68' lang='lat' dir='ltr'>Facere</span> <span class='ocrx_word' id='word_1_328' title='bbox 487 2581 657 2621; x_wconf 73' lang='lat' dir='ltr'>fimguincm,</span> <span class='ocrx_word' id='word_1_329' title='bbox 680 2591 750 2620; x_wconf 81' lang='lat' dir='ltr'>pro,</span> <span class='ocrx_word' id='word_1_330' title='bbox 766 2583 1062 2623; x_wconf 66' lang='lat' dir='ltr'>fimderesimguinem,</span> <span class='ocrx_word' id='word_1_331' title='bbox 1084 2580 1223 2611; x_wconf 79' lang='lat' dir='ltr'>occurrit</span> <span class='ocrx_word' id='word_1_332' title='bbox 1249 2579 1332 2609; x_wconf 60' lang='lat' dir='ltr'>infra</span> <span class='ocrx_word' id='word_1_333' title='bbox 1360 2579 1381 2608; x_wconf 90' lang='lat' dir='ltr'>l.</span> <span class='ocrx_word' id='word_1_334' title='bbox 1406 2589 1436 2618; x_wconf 93' lang='lat'>9.</span> 
     </span>
     <span class='ocr_line' id='line_1_43' title="bbox 149 2623 1439 2666; baseline -0.001 -13"><span class='ocrx_word' id='word_1_335' title='bbox 149 2634 175 2653; x_wconf 83' lang='lat' dir='ltr'>c.</span> <span class='ocrx_word' id='word_1_336' title='bbox 205 2633 253 2661; x_wconf 81' lang='lat'>13.</span> <span class='ocrx_word' id='word_1_337' title='bbox 288 2625 320 2653; x_wconf 87' lang='lat'>&amp;</span> <span class='ocrx_word' id='word_1_338' title='bbox 348 2623 366 2653; x_wconf 87' lang='lat' dir='ltr'>l.</span> <span class='ocrx_word' id='word_1_339' title='bbox 396 2633 448 2663; x_wconf 80' lang='lat'>35.</span> <span class='ocrx_word' id='word_1_340' title='bbox 485 2634 508 2654; x_wconf 88' lang='lat' dir='ltr'>c.</span> <span class='ocrx_word' id='word_1_341' title='bbox 537 2634 587 2662; x_wconf 76' lang='lat'>51.</span> <span class='ocrx_word' id='word_1_342' title='bbox 635 2624 785 2655; x_wconf 83' lang='lat' dir='ltr'>Similiter</span> <span class='ocrx_word' id='word_1_343' title='bbox 814 2625 940 2656; x_wconf 82' lang='lat' dir='ltr'>locutus</span> <span class='ocrx_word' id='word_1_344' title='bbox 966 2625 1008 2656; x_wconf 87' lang='lat' dir='ltr'>est</span> <span class='ocrx_word' id='word_1_345' title='bbox 1034 2625 1180 2660; x_wconf 68' lang='lat' dir='ltr'>Ovidius,</span> <span class='ocrx_word' id='word_1_346' title='bbox 1209 2626 1266 2666; x_wconf 84' lang='lat' dir='ltr'>Ep.</span> <span class='ocrx_word' id='word_1_347' title='bbox 1285 2633 1334 2661; x_wconf 83' lang='lat'>14.</span> <span class='ocrx_word' id='word_1_348' title='bbox 1363 2624 1439 2653; x_wconf 82' lang='lat' dir='ltr'>Her.</span> 
     </span>
    </p>

    <p class='ocr_par' dir='ltr' id='par_1_7' title="bbox 150 2668 1438 2832">
     <span class='ocr_line' id='line_1_44' title="bbox 150 2668 305 2699; baseline 0.019 -3"><span class='ocrx_word' id='word_1_349' title='bbox 150 2678 179 2697; x_wconf 82' lang='lat' dir='ltr'>v.</span> <span class='ocrx_word' id='word_1_350' title='bbox 205 2668 255 2699; x_wconf 84' lang='lat'>82.</span> <span class='ocrx_word' id='word_1_351' title='bbox 302 2698 305 2699; x_wconf 17' lang='grc' dir='ltr'><em>γ</em></span> 
     </span>
     <span class='ocr_line' id='line_1_45' title="bbox 196 2712 1437 2760; baseline -0.001 -18"><span class='ocrx_word' id='word_1_352' title='bbox 196 2714 233 2743; x_wconf 90' lang='lat' dir='ltr'>C.</span> <span class='ocrx_word' id='word_1_353' title='bbox 255 2722 303 2751; x_wconf 76' lang='lat'>31.</span> <span class='ocrx_word' id='word_1_354' title='bbox 335 2712 388 2753; x_wconf 83' lang='lat'>(1)</span> <span class='ocrx_word' id='word_1_355' title='bbox 408 2712 479 2756; x_wconf 70' lang='lat' dir='ltr'>in</span> <span class='ocrx_word' id='word_1_356' title='bbox 505 2720 598 2754; x_wconf 85' lang='lat' dir='ltr'>parte</span> <span class='ocrx_word' id='word_1_357' title='bbox 623 2712 724 2744; x_wconf 78' lang='lat' dir='ltr'>aciem</span> <span class='ocrx_word' id='word_1_358' title='bbox 752 2713 960 2745; x_wconf 80' lang='lat' dir='ltr'>infirmiorem</span> <span class='ocrx_word' id='word_1_359' title='bbox 989 2714 1194 2755; x_wconf 77' lang='lat' dir='ltr'>reliquerant,</span> <span class='ocrx_word' id='word_1_360' title='bbox 1216 2714 1292 2744; x_wconf 85' lang='lat' dir='ltr'>dum</span> <span class='ocrx_word' id='word_1_361' title='bbox 1319 2722 1437 2760; x_wconf 75' lang='lat' dir='ltr'>cornua</span> 
     </span>
     <span class='ocr_line' id='line_1_46' title="bbox 151 2755 1438 2800; baseline -0.002 -13"><span class='ocrx_word' id='word_1_362' title='bbox 151 2757 245 2788; x_wconf 61' lang='lat' dir='ltr'>huius</span> <span class='ocrx_word' id='word_1_363' title='bbox 262 2758 422 2799; x_wconf 84' lang='lat' dir='ltr'>pandunt.</span> <span class='ocrx_word' id='word_1_364' title='bbox 473 2758 642 2790; x_wconf 84' lang='lat' dir='ltr'>Gronovio</span> <span class='ocrx_word' id='word_1_365' title='bbox 662 2759 793 2799; x_wconf 80' lang='lat' dir='ltr'>aliisque</span> <span class='ocrx_word' id='word_1_366' title='bbox 809 2759 954 2800; x_wconf 82' lang='lat' dir='ltr'>displicet</span> <span class='ocrx_word' id='word_1_367' title='bbox 981 2759 1129 2800; x_wconf 82' lang='lat' dir='ltr'>repetitio</span> <span class='ocrx_word' id='word_1_368' title='bbox 1146 2758 1231 2789; x_wconf 78' lang='lat' dir='ltr'>vocis</span> <span class='ocrx_word' id='word_1_369' title='bbox 1247 2761 1327 2787; x_wconf 67' lang='lat' dir='ltr'>aciem</span> <span class='ocrx_word' id='word_1_370' title='bbox 1339 2771 1348 2787; x_wconf 93' lang='lat'>.·</span> <span class='ocrx_word' id='word_1_371' title='bbox 1382 2755 1438 2795; x_wconf 80' lang='lat' dir='ltr'>1gi-</span> 
     </span>
     <span class='ocr_line' id='line_1_47' title="bbox 1379 2807 1433 2832; baseline 0.019 -1"><span class='ocrx_word' id='word_1_372' title='bbox 1379 2807 1433 2832; x_wconf 68' lang='lat' dir='ltr'>tur</span> 
     </span>
    </p>
   </div>
  </div>
 </body>
</html>
