1853 3158
436 242 732 291 LIBER.
791 245 866 288 111.
927 245 1108 289 CAP.
1169 248 1283 289 XIV.
1637 253 1712 307 183

204 373 312 405 trum
343 364 570 418 pertineret,
602 365 663 416 (1)
694 360 882 401 ceffiffent
901 361 1126 415 poffessione
1148 363 1401 417 reipublicae3
1429 365 1494 419 ju-

205 423 350 471 niores,
382 423 442 476 (2)
472 421 511 459 id
534 420 706 459 maxime
728 420 837 472 quod
857 419 1037 460 Kaesonis
1066 421 1258 460 sodalium
1276 421 1366 470 fuit,
1399 437 1492 461 auxr

204 494 270 520 ere
305 480 381 519 iras
411 479 452 517 in
483 477 656 531 plebem,
687 491 768 516 non
801 476 1033 516 minuerunt
1065 478 1231 518 animos.
1265 478 1329 518 sed
1359 481 1419 533 (3)
1442 479 1494 518 ibi
1513 465 1650 550 {offizfm

1579 524 1634 541 oms
1651 518 1715 541 tem-

203 538 421 591 plurimum
452 534 682 589 profedfflm
715 534 788 584 est,
819 532 929 588 quod
946 536 1069 574 modo
1102 538 1278 588 quodam
1299 547 1495 590 tempera·
1507 564 1610 598 perata
1638 559 1716 586 comi,

202 609 293 635 vere
313 595 485 647 impetus
517 593 619 632 suos.
680 593 822 650 Qum
842 590 973 645 primo
1003 592 1088 645 post
1106 593 1286 633 Kaesonis
1316 595 1494 633 exsilium
1512 610 1569 634 tate
1574 605 1694 644 ferocia.

201 653 265 692 lex
282 660 414 705 coepta
435 650 530 690 ferri
551 650 621 699 est,
655 649 837 690 instruffi
859 649 1064 702 paratique
1084 664 1178 689 cum
1200 651 1352 705 ingenti
1374 652 1497 691 clien-

201 709 303 748 tium
315 708 492 749 exercitu
514 709 564 748 fic
577 707 773 757 tribunos,
804 706 872 746 ubi
893 707 1069 760 primum
1083 707 1376 748 summoventes
1397 724 1497 762 prae-

201 765 322 806 buere
339 765 515 816 causam·⁹
547 766 674 806 adorti
688 766 792 814 sunt,
825 768 885 819 (4)
918 774 962 817 ut
977 779 1098 804 nemo
1119 779 1223 804 unus
1244 766 1336 805 inde
1358 768 1497 819 praeci-

201 838 328 878 puum
362 824 579 877 quicquam
609 824 746 878 gloriae
777 824 944 862 domum
971 822 1180 862 invidiaeve
1206 822 1354 871 ferret3
1388 825 1495 864 mille

200 896 274 935 pro
310 895 390 921 uno
419 881 608 921 Kaesones
643 881 840 929 exstitisse,
874 880 1008 933 plebes
1040 889 1285 933 quereretur.
1347 881 1496 921 Mediis

199 939 356 987 diebus,
387 938 532 991 quibus
559 937 709 978 tribuni
731 939 779 978 de
801 940 888 992 lege
908 952 990 977 non
1016 947 1194 992 agerent,
1226 937 1326 976 nihil
1347 933 1507 977 eisdem*

199 996 276 1036 illis
302 996 496 1050 placidius
525 1005 594 1036 aut
623 996 798 1049 quietius
824 1005 921 1034 erat.
944 995 1118 1050 benigne
1134 995 1316 1045 salutare,
1348 996 1497 1048 alloqui

199 1053 326 1107 plebis
357 1053 558 1106 homines,
589 1055 756 1093 domum
777 1053 957 1102 invitare,
990 1056 1051 1107 (5)
1073 1054 1198 1092 adefl'e
1234 1053 1274 1091 in
1292 1053 1395 1101 foro,
1428 1054 1497 1092 tri-

200 1111 330 1151 bunos
352 1111 454 1164 ipsos
476 1122 605 1152 cetera
618 1112 700 1165 pati
720 1112 798 1150 fine
810 1111 1128 1164 interpellatione
1142 1111 1311 1150 concilia
1325 1108 1470 1150 habere
1488 1126 1496 1151 :

200 1182 409 1222 nunquam
426 1170 510 1218 ulli,
531 1183 661 1222 neque
677 1168 850 1222 publice,
871 1183 1002 1221 neque
1019 1168 1219 1223 privatim,
1252 1177 1384 1207 truces
1406 1169 1496 1217 effe,

199 1227 270 1265 nifi
298 1241 424 1279 quum
444 1228 492 1267 de
514 1228 601 1282 lege
625 1227 688 1281 agi
709 1236 891 1279 coeptum
911 1227 1016 1266 effet.
1079 1225 1189 1265 Alibi
1210 1226 1414 1279 popularis
1431 1228 1497 1281 ju-

199 1294 342 1324 ventus
363 1294 460 1324 erat.
492 1299 565 1324 nec
587 1294 717 1324 cetera
739 1283 862 1323 modo
884 1284 1035 1323 tribuni
1062 1284 1278 1335 tranquillo
1300 1285 1361 1337 (6)
1384 1297 1496 1337 pere-

199 1355 317 1395 gere3
351 1342 416 1381 sed
436 1342 578 1382 refetffi
600 1356 760 1395 quoque
782 1342 822 1380 in
843 1341 1117 1394 insequentem
1139 1355 1304 1379 annum.
1327 1354 1376 1380 ne
1398 1355 1495 1381 voce

201 1399 365 1451 quidem
385 1400 656 1448 incommoda,
688 1400 838 1438 nedum
856 1408 900 1438 ut
933 1399 1012 1438 ulla
1032 1399 1091 1438 vis
1128 1397 1256 1447 fieret,
1288 1399 1495 1451 paullatim

1206 1456 1495 1509 permulcendo

247 1566 282 1604 C.
301 1582 349 1610 14.
365 1573 420 1613 (1)
442 1575 474 1603 A
487 1572 621 1614 negotiis
635 1571 772 1614 publicis
789 1572 818 1603 se
835 1571 1047 1603 removissent.
1093 1571 1148 1613 (2)
1171 1573 1219 1603 Ita
1236 1571 1266 1602 se
1287 1571 1422 1602 maxime
1445 1583 1496 1614 ge-

202 1616 326 1653 rebant,
350 1625 385 1647 ut
403 1613 562 1647 sodalibus
590 1616 733 1647 Kaesonis
751 1627 808 1657 par
825 1617 897 1653 fuit,
919 1616 981 1646 viri
1009 1615 1206 1646 vehementis
1234 1623 1331 1657 atque
1348 1616 1495 1648 obstinati

197 1661 325 1703 ingenii.
373 1661 567 1692 Clariffimus
579 1669 685 1692 autem
704 1661 892 1692 Perizonius
905 1662 945 1692 ad
959 1661 1063 1691 Sanet.
1083 1657 1226 1691 Minerv.
1243 1661 1262 1690 l.
1281 1670 1312 1691 2.
1324 1672 1348 1691 c.
1367 1670 1394 1700 9.
1408 1661 1498 1702 ellip-

199 1706 246 1736 fin
262 1706 323 1736 hoc
339 1707 436 1736 modo
453 1706 598 1746 supplet3
621 1708 695 1747 idque
710 1707 830 1736 maxime³
845 1709 976 1747 negotium
990 1709 1147 1747 juniorum,
1170 1708 1238 1747 quod
1254 1708 1385 1747 negotium
1403 1710 1498 1746 jus-zio-

201 1764 262 1780 rum
278 1758 340 1781 erat
355 1754 485 1792 negotium
499 1752 637 1791 fidulium
653 1752 784 1791 Kaeſsmis.
800 1751 951 1781 laudatur
979 1750 1075 1780 etiam
1092 1761 1110 1780 a
1127 1751 1261 1781 Dukero
1279 1751 1319 1781 ad
1347 1750 1433 1781 hunc
1452 1751 1496 1781 lo-

199 1806 293 1833 cum3
316 1795 367 1826 cui
384 1795 669 1827 Drakenborchius
692 1807 822 1836 quoque
845 1796 876 1826 ὃς
900 1794 1083 1826 Crevierius
1100 1795 1194 1825 tacite
1215 1794 1361 1825 assentire
1386 1794 1496 1826 viden-

202 1848 275 1871 tur:
301 1844 399 1880 quam
425 1841 521 1877 reete,
545 1840 596 1871 alii
612 1840 765 1881 judicent.
812 1842 878 1881 Ego
895 1840 975 1870 nihil
994 1842 1061 1870 fere
1078 1839 1110 1869 in
1128 1839 1176 1871 his
1193 1839 1497 1881 subintelligendum

199 1884 353 1922 arbitror,
374 1884 431 1915 nisi
444 1885 580 1916 verbum
592 1887 717 1927 agebant,
740 1893 794 1916 aut
811 1885 890 1926 quid
908 1884 1012 1915 fimile.
1060 1887 1169 1915 Patres
1186 1884 1320 1925 perculsi
1337 1893 1440 1921 erant,
1465 1886 1497 1916 ὅ(

200 1929 337 1961 seniores
360 1932 493 1961 Pati-um
509 1930 642 1961 omnino
659 1930 810 1961 cess'erant
837 1929 1021 1971 possessione
1042 1929 1245 1969 reipublicaeg
1270 1933 1446 1970 atjuniares,
1469 1933 1500 1960 id

200 1975 319 2005 maxim?
334 1975 470 2016 agebant
493 1978 560 2015 quod
569 1977 635 2015 fuit
647 1977 782 2016 fidulium
799 1976 932 2015 Kaesonis‚
947 1974 968 2004 i.
988 1986 1012 2005 e.
1030 1975 1118 2014 quod
1133 1985 1246 2005 eorum
1260 1974 1403 2014 personis
1420 1985 1496 2005 con-

200 2019 297 2050 venit.
310 2022 344 2050 E.
386 2020 441 2061 (3)
453 2021 516 2050 Pro
533 2021 570 2049 ibi
588 2019 776 2051 Perizonius
793 2019 896 2051 censet
913 2019 1083 2060 legendum
1099 2032 1134 2049 eo.
1152 2022 1265 2050 contra
1283 2019 1494 2049 Drakenbor-

200 2063 289 2095 chius
307 2064 453 2095 observat
470 2065 558 2104 qubd
580 2068 598 2082 “
623 2064 703 2095 nihil
718 2064 836 2095 mutari
853 2075 934 2105 opus
960 2064 1020 2101 est3
1045 2063 1146 2104 potest
1173 2063 1257 2094 enim
1274 2066 1311 2093 ihi
1340 2063 1417 2104 poni
1435 2075 1495 2104 pro

199 2109 283 2139 tum.'’
330 2108 415 2139 Mihi
433 2120 562 2149 quoque
587 2108 667 2140 nihil
683 2110 876 2140 mutandum
891 2109 1021 2139 videtur
1036 2125 1041 2141 ;
1066 2109 1118 2139 sed
1144 2109 1271 2139 mallem
1288 2108 1495 2150 interpretari

200 2164 313 2184 vocem
329 2156 366 2184 ibi
382 2165 442 2194 pro
458 2157 485 2183 in
507 2167 545 2191 eo,
567 2165 682 2195 nempe
698 2155 766 2195 qubd
778 2162 963 2195 temperavere
981 2154 1039 2184 &o
1078 2153 1127 2183 Sic
1143 2154 1217 2184 Ter.
1243 2154 1336 2183 Adel.
1353 2163 1381 2191 5.
1399 2164 1427 2190 4.
1445 2163 1493 2193 13.

202 2200 284 2228 Duxi
299 2212 409 2229 uxorem
423 2213 433 2228 :
458 2212 537 2239 quam
554 2197 599 2229 ibi
616 2200 749 2240 mistriam
769 2202 837 2229 vidi.
870 2198 1019 2229 Similiter
1035 2197 1131 2228 etiam
1147 2200 1215 2228 alibi
1230 2209 1303 2228 mox
1321 2198 1496 2238 usurpatur

203 2253 263 2283 pro
279 2243 347 2273 aliis
359 2243 392 2274 in
404 2243 506 2274 rebus.
531 2245 567 2273 E.
617 2244 670 2285 (4)
694 2246 750 2281 Ut,
771 2243 898 2274 nemine
911 2243 956 2274 ita
971 2243 1056 2273 inter
1069 2251 1190 2273 ceteros
1204 2242 1356 2284 insignem
1373 2243 1402 2273 se
1415 2254 1496 2283 pree-

202 2287 298 2317 bente
311 2296 345 2318 ut
357 2299 469 2318 eorum
486 2289 550 2319 dux
566 2288 669 2319 videri
680 2288 792 2330 poffet‚
815 2299 924 2319 omnes
937 2289 1070 2319 domum
1084 2290 1241 2318 referrent
1255 2298 1366 2328 parem
1383 2288 1414 2316 S:
1427 2287 1496 2328 glo-

204 2331 258 2361 ria:
285 2333 371 2372 apud
399 2333 468 2363 suos
487 2334 516 2362 δε
535 2334 622 2374 apud
646 2333 771 2374 plebem
798 2333 927 2363 invidiae
955 2334 1096 2363 modum.
1144 2333 1195 2373 (5)
1222 2332 1260 2362 Iis
1277 2331 1497 2373 litigantibus;

203 2377 310 2407 causas
327 2388 438 2407 eorum
455 2377 607 2418 sucipere,
620 2386 674 2408 aut
688 2380 772 2409 certe
784 2377 978 2409 auetoritate
996 2379 1026 2407 δε
1040 2376 1151 2418 gratia,
1164 2385 1318 2417 tanquam
1335 2376 1497 2413 advocati,

201 2421 322 2463 juvare.
350 2421 404 2462 (6)
419 2422 611 2462 Tranquillum
628 2423 759 2463 proprie
777 2422 910 2464 ponitur
928 2433 988 2463 pro
1001 2423 1080 2452 coelo
1093 2422 1270 2463 tranquillo
1288 2423 1319 2451 &c
1338 2421 1400 2451 sine
1418 2428 1496 2451 tem-

203 2466 330 2507 pestate,
353 2476 418 2506 quo
429 2466 517 2496 sensu
528 2466 668 2497 occurrit
685 2467 769 2498 infra
785 2468 805 2497 l.
823 2466 873 2498 26.
890 2478 914 2497 ca
927 2477 978 2505 51.
996 2467 1025 2497 &
1042 2467 1062 2497 l.
1081 2477 1132 2506 31.
1148 2477 1172 2498 c.
1191 2476 1241 2506 23.
1258 2466 1376 2497 Eadem
1393 2466 1498 2496 fotmss

191 2513 299 2551 sereno,
322 2521 382 2552 pro
400 2510 477 2540 coelo
500 2511 619 2548 sereno,
641 2511 737 2542 Livio
759 2512 889 2552 aliisque
917 2511 950 2541 in
967 2512 1024 2542 usu
1046 2512 1107 2549 est3
1131 2511 1216 2542 infra
1238 2512 1257 2541 l.
1277 2522 1325 2551 31.
1354 2522 1379 2541 c.
1399 2520 1447 2541 12.
1465 2512 1497 2540 &

203 2557 223 2586 l.
237 2565 287 2594 37.
304 2567 328 2586 c.
347 2565 374 2593 3.
422 2554 507 2586 Hinc
530 2566 587 2596 per
608 2556 831 2596 metaphoram
847 2556 969 2587 locutio
985 2559 1179 2587 transfertur
1195 2557 1236 2587 ad
1253 2555 1496 2597 rempublicam,

204 2611 276 2642 quae
297 2602 449 2642 zranquilla
466 2599 525 2632 effe
536 2600 664 2639 dicitur,
685 2602 716 2632 ὃς
732 2600 854 2642 aliquid
877 2603 1027 2643 tranquillo
1043 2601 1123 2638 fieri,
1149 2601 1245 2634 nullis
1262 2600 1365 2632 turbis
1382 2600 1497 2675 autbse-

1321 2644 1434 2676 ditioni
1462 2654 1496 2675 us
