1853 3158
369 232 651 282 LIBER
710 232 785 279 111.
845 231 1026 281 CAP.
1087 239 1242 281 LVIII.

156 366 280 407 runt3
298 356 544 423 »donumque
559 353 613 395 ob
631 368 720 395 eam
741 353 833 408 Jovi
863 356 1019 408 optimo
1043 356 1220 396 maximo
1254 368 1446 396 coronam

158 429 321 457 auream
342 416 384 454 in
406 413 652 468 Capitolium
679 414 804 452 tulere
844 414 955 466 parvi
990 414 1197 468 ponderis,
1234 424 1353 468 prout
1383 429 1447 455 res

158 474 268 515 haud
286 472 485 528 opulentae
497 480 625 520 erant,
646 471 960 523 colebanturque
981 472 1195 527 religiones
1214 471 1277 525 pie}
1306 473 1448 526 magis,

158 547 283 586 quam
300 526 525 584 magnifice.
559 528 704 569 Iisdem
722 527 954 569 aurstoribus
968 530 1177 584 cognitum
1198 529 1269 578 est,
1289 530 1449 595 AEquos

160 588 406 641 Volscosque
426 587 580 627 summa
615 587 653 627 vi
685 586 838 627 bellum
873 600 1077 639 apparare.
1138 588 1279 640 Itaque
1311 588 1450 642 partiri

157 647 383 702 provincias
404 645 586 685 consules
602 644 706 700 juffi.
764 644 937 684 Horatio
957 644 1110 693 Sabini,
1129 645 1292 685 Valerio
1322 645 1451 698 AEqui

159 705 377 757 Volscique
397 716 578 743 evenere.
640 704 783 769 Qum
799 703 849 741 ad
869 716 915 741 ea
935 701 1039 742 bella
1075 702 1279 742 delectum
1309 703 1452 742 edixis-

160 763 260 812 sent,
282 762 417 802 favore
438 761 564 815 plebis
579 775 658 801 non
677 761 856 817 juniores
876 757 1015 809 modo,
1046 758 1111 799 sed
1133 760 1308 800 emeritis
1329 761 1451 800 etiam

160 820 380 875 stipendiis,
401 834 492 873 pars
513 834 658 874 magna
689 818 1025 868 voluntariorum,
1047 818 1097 857 ad
1126 817 1290 857 nomina
1321 819 1453 858 danda

161 876 306 933 praesto
328 877 454 917 fuere.
476 891 604 942 eoque
626 890 708 916 non
739 875 855 930 copia
875 874 1014 924 modo,
1052 875 1118 915 sed
1151 889 1296 930 genere
1332 875 1453 914 etiam

162 936 352 985 militurn,
369 935 564 975 veteranis
585 934 789 986 admixtis,
807 933 960 973 firmior
980 934 1178 973 exercitus
1201 932 1290 972 fuit.
1324 933 1455 973 Prius-

159 1008 285 1047 quam
306 996 366 1047 (4)
385 992 525 1033 urbem
546 993 850 1048 egrederentur,
866 993 972 1047 leges
987 991 1287 1040 decemvirales,
1309 990 1455 1044 quibus

161 1052 297 1091 tabulis
316 1051 496 1091 duodecim
517 1050 573 1090 est
595 1064 761 1101 nomen,
782 1050 823 1089 in
839 1064 892 1090 aes
908 1049 1050 1090 incisas
1065 1050 1105 1087 in
1128 1048 1288 1103 publico
1310 1063 1456 1103 propo-

162 1108 340 1149 suerunt.
398 1108 518 1158 Sunt,
540 1109 609 1162 qui
626 1109 732 1164 juffu
749 1107 1004 1147 tribunorum
1036 1107 1171 1147 aediles
1203 1106 1368 1147 functos
1408 1122 1455 1147 eo

163 1167 383 1207 ministerio
405 1166 590 1207 scribant.

222 1225 378 1266 LVIII.
430 1225 480 1266 C.
530 1224 740 1274 Claudius,
796 1223 898 1277 (qui,
934 1222 1097 1277 perosus
1138 1223 1454 1262 decemvirorum

164 1281 326 1335 scelera,
347 1285 384 1323 8c
401 1292 491 1323 ante
511 1297 654 1322 omnes
675 1282 807 1322 fratris
830 1281 901 1321 filii
943 1280 1135 1334 superbiae
1161 1280 1341 1330 infestus,
1375 1281 1458 1320 Re-

165 1340 325 1394 gsslum,
349 1344 409 1395 (Ι)
432 1341 641 1393 antiquam
662 1340 702 1379 in
730 1340 918 1393 patriam,
938 1338 975 1377 se
998 1340 1239 1391 contulerat)
1280 1338 1311 1377 is
1336 1353 1458 1392 mag-

166 1399 316 1452 nojarn
334 1408 448 1448 natu,
468 1412 595 1451 quum
620 1399 670 1437 ad
693 1397 868 1450 pericula
889 1398 976 1451 ejus
1006 1397 1255 1449 deprecanda
1288 1386 1458 1445 redisset,

168 1457 285 1510 cujus
298 1455 393 1495 vitia
411 1455 585 1510 fugerat,
599 1454 820 1494 sordidatus
835 1468 928 1493 cum
942 1453 1157 1507 gentilibus
1172 1453 1460 1506 clientibusque

168 1513 212 1551 in
225 1512 314 1552 foro
329 1513 537 1566 prensabat
552 1513 725 1567 singulos
739 1529 751 1560 ·‚
765 1511 997 1564 orabatque,
1012 1511 1073 1549 Ne
1092 1511 1254 1550 Claudia>
1264 1514 1367 1564 genti
1382 1527 1459 1550 eam

169 1571 324 1626 imfiam
337 1571 517 1610 maculam
537 1571 686 1619 vellent,
719 1579 760 1608 nt
793 1584 936 1608 carcere
974 1569 1026 1609 θ’
1062 1569 1220 1607 vinculis
1245 1569 1461 1608 viderentur

171 1629 302 1682 digni.
334 1630 476 1676 virum,
497 1627 659 1666 honorat
644 1626 705 1681 ff
702 1642 765 1665 mae
796 1628 969 1679 imaginis
995 1626 1181 1692 fittnram
1217 1627 1268 1665 ad
1296 1626 1461 1682 posteros,

169 1686 289 1739 legum
307 1686 457 1724 latorem
487 1685 770 1737 conditoremque
803 1684 965 1723 Romani
988 1698 1065 1737 sm
1066 1699 1114 1734 1³,
1138 1685 1267 1737 jaceie
1295 1686 1460 1723 vinctum

168 1752 269 1782 2nter
307 1758 390 1782 ure-5
410 1746 601 1782 UOHIIYNOS
612 1759 655 1782 ac
665 1743 834 1781 latrones
894 1741 1062 1780 AUCW'tCI‘
1063 1750 1122 1779 ent
1140 1743 1184 1780 ab
1209 1757 1270 1781 lfa
1305 1753 1380 1794 pa?
1383 1758 1462 1781 ΖΠΗ-

164 1811 235 1854 per
254 1801 305 1840 ad
322 1802 552 1854 cognitionem
573 1802 886 1854 cogitationemque
911 1800 1050 1837 animos
1064 1817 1076 1837 .·
1112 1798 1163 1840 &³
1188 1798 1309 1851 potitis
1348 1816 1463 1839 umam

170 1867 223 1898 tot
245 1859 414 1898 Claudiis
431 1859 702 1911 deprecantibus
733 1858 986 1905 condonarent,
1025 1857 1136 1910 quam
1169 1866 1319 1909 propter
1355 1860 1464 1897 unius

173 1917 293 1956 odium
315 1917 512 1956 multorum
527 1926 653 1968 preces
667 1917 964 1970 aspernarentur.
1027 1917 1089 1968 (2)
1108 1915 1150 1953 Se
1169 1931 1303 1968 qaoque
1333 1916 1373 1954 id
1400 1932 1465 1970 ge·-

174 1977 256 2014 neri
267 1991 310 2014 ac
323 1976 458 2014 nomini
471 1975 575 2025 dare,
593 1990 653 2013 nec
668 1989 748 2013 cum
762 1990 797 2012 eo
810 1975 847 2011 in
857 1974 1023 2026 gratiam
1038 1973 1174 2028 rediffl,
1188 1975 1293 2027 cujas
1308 1973 1425 2012 adver
1439 1991 1465 2012 (ε

161 2033 329 2088 fhrtunae
345 2033 435 2072 velit
441 2032 668 2087 succurficm.
733 2032 881 2070 Virtute
893 2031 1093 2069 libertatem
1108 2039 1356 2083 recuperatam
1377 2033 1437 2087 ff
1453 2050 1463 2070 .-

175 2091 365 2131 clementid
387 2090 608 2130 concordiam
637 2089 805 2129 ordinum
823 2089 992 2144 stabiliri
1023 2089 1125 2144 pff·
1187 2089 1324 2137 Erant,
1365 2104 1467 2141 quos

175 2158 354 2188 moveret
371 2148 438 2188 sua
455 2148 581 2203 magis
602 2148 764 2201 pietate,
805 2149 928 2200 quam
956 2147 1059 2201 ejus,
1096 2160 1167 2199 pro
1194 2161 1274 2199 quo
1310 2147 1466 2201 agebat,

177 2206 310 2246 causa.
351 2205 415 2245 sed
458 2206 684 2260 Virginius,
698 2206 763 2260 fici
786 2203 909 2258 potich
930 2213 970 2243 ut
1005 2205 1273 2258 mistrerentm-‚
1313 2204 1467 2252 orabat,

164 2263 326 2317 filiaeque
341 2282 353 2302 :
370 2279 431 2303 nec
445 2267 566 2318 gentis
589 2264 764 2312 Claudite,
787 2278 939 2317 regnam
961 2263 998 2300 in
1005 2263 1140 2314 plebem
1147 2264 1300 2316 sortita,
1305 2263 1375 2316 secl
1404 2265 1467 2315 (3)

178 2322 446 2377 necffzriorum
471 2322 520 2360 V
507 2338 649 2375 zrffmtae
673 2322 725 2362 «ἶς’
739 2322 855 2360 trium
874 2330 913 2359 ti
903 2321 1042 2358 ibmzm
1044 2335 1104 2358 am
1118 2331 1242 2373 preces
1262 2320 1464 2363 audirent,-

177 2395 256 2432 qm,
271 2379 322 2419 ad
338 2379 518 2418 auxilium
527 2380 640 2432 plebis
656 2381 785 2429 creati,
807 2378 990 2433 ipfiplebis
1006 2377 1126 2433 fidem
1149 2387 1257 2431 atque
1286 2379 1466 2416 auxilium

1218 2436 1465 2488 implorarent.

179 2561 212 2591 7.
231 2552 272 2583 ad
289 2563 313 2583 c.
331 2552 381 2583 61.
398 2553 416 2583 l.
432 2561 461 2585 2.
479 2552 583 2594 supra.
628 2553 682 2594 (4)
694 2553 840 2584 Verbum
861 2555 951 2595 egredi
963 2551 1125 2594 saepissime
1146 2562 1220 2583 cum
1250 2560 1367 2592 quarto
1395 2551 1467 2582 casu

181 2597 386 2630 construitur.
434 2598 507 2628 Pari
519 2598 617 2628 modo
628 2601 761 2635 exedere,
778 2598 908 2639 supral.
930 2607 962 2629 2.
974 2609 999 2628 c.
1018 2607 1070 2637 37.

227 2644 261 2673 C.
287 2643 339 2681 58.
368 2643 422 2683 (1)
439 2643 511 2673 Vid.
525 2643 621 2684 supra
637 2642 658 2673 l.
681 2653 707 2675 2.
727 2654 750 2673 c.
770 2642 818 2673 16.
864 2644 919 2684 (2)
943 2644 980 2673 Se
1000 2652 1130 2683 quoque
1158 2642 1219 2672 hoc
1243 2652 1335 2683 agere
1366 2641 1467 2683 gentis

184 2686 326 2719 Claudia:
340 2699 444 2725 causa,
460 2699 525 2718 non
535 2695 644 2720 autem
656 2687 752 2729 iphus
768 2687 880 2730 Appii.
904 2687 952 2718 Sic
967 2687 1032 2719 Cic.
1064 2691 1133 2718 Att.
1168 2697 1194 2717 1.
1217 2696 1245 2727 9.
1277 2688 1338 2716 dizo
1341 2700 1373 2716 rm

182 2735 322 2774 Pomp.1o‚
333 2733 351 2762 i
363 2744 387 2763 e
405 2735 529 2775 Pompeii
544 2733 773 2774 adusto-rem
818 2733 873 2773 (3)
890 2734 1012 2765 Eorum
1024 2732 1080 2773 qui
1098 2733 1128 2763 δι
1144 2731 1235 2773 Virgi
1226 2731 1296 2765 *niae
1308 2687 1465 2762 necessalrii

1366 2781 1466 2809 crant„

1581 254 1664 298 237
