1853 3158
161 280 244 324 230

166 567 233 599 Dan
240 569 325 597 wiri

166 615 283 643 navales
297 625 354 643 cr:-

165 662 218 689 ati.

170 798 311 830 ‘Tibicines
329 811 372 827 re-

167 846 294 884 flnqnunt
315 844 374 875 Ro-

168 902 252 920 ΓΞᾸΧΠ.

170 1324 358 1359 Revehuntur.

176 2084 231 2112 ΚΜ
244 2083 320 2124 gestae
337 2082 364 2111 in

176 2130 301 2159 Samnio.

843 268 895 309 T.
956 265 1215 309 LIVII

386 396 582 438 perquam
620 382 759 438 pauci&
797 383 986 438 suffragio
1023 384 1163 439 populi
1198 382 1351 424 relictis
1373 383 1487 435 locis,
1518 384 1692 426 dic'stato-

386 456 478 482 rum
497 443 534 481 8<
551 441 763 482 consulum
783 441 911 481 ferme
925 441 1085 482 fuerant
1098 442 1307 484 beneficia.
1330 443 1458 482 tulere
1472 456 1560 482 eam
1576 457 1691 498 roga-

388 500 542 540 tionem
565 499 717 539 tribuni
738 499 869 554 plebei
892 499 939 540 L.
968 501 1132 549 Atilius,
1164 500 1214 541 C.
1238 501 1437 541 Marcius.
1485 502 1693 549 Alterum,

390 566 435 598 ut
470 558 707 600 duumviros
743 558 903 598 navales
925 560 987 612 (4)
1008 558 1132 600 claffis
1165 560 1357 599 ornandae
1379 558 1693 613 reficiendaeque

390 615 512 656 causa
552 616 660 656 idem
694 617 871 671 populus
906 616 1080 671 juberet.
1110 618 1212 656 lator
1242 616 1366 672 hujus
1388 616 1583 670 plebisciti
1615 616 1695 657 fuit

391 674 458 715 M.
481 673 637 716 Decius
665 673 852 714 tribunus
873 674 1015 728 plebis.
1039 675 1230 729 Ejusdem
1253 675 1349 714 anni
1370 689 1455 714 rem
1472 674 1586 715 diem
1604 689 1694 729 par-

390 746 482 771 vam
511 732 776 798 praeterirem,
809 733 849 771 ni
885 733 934 771 ad
965 733 1221 797 religionem
1238 732 1318 771 visa
1351 733 1444 772 esset
1476 733 1691 787 pertinere.

389 790 614 840 Tibicines‚
646 791 741 844 quia
772 789 963 844 prohibiti
997 806 1019 830 a
1051 789 1245 844 proximis
1266 790 1498 831 censoribus
1520 801 1634 831 erant
1655 792 1695 830 in

391 849 476 889 aede
517 849 630 902 Jovis
665 848 785 897 vesci,
820 849 930 902 quod
967 849 1161 888 traditum
1198 849 1424 902 antiquitus
1457 858 1557 899 erat,
1589 864 1695 904 aegre

390 906 501 961 passi,
532 905 664 947 Tibur
708 921 791 946 uno
825 906 986 961 agmine
1018 906 1231 947 abierunt·
1282 905 1384 947 adeo
1417 916 1462 946 ut
1495 921 1617 947 nemo
1654 908 1697 947 in

392 964 491 1004 urbe
527 965 636 1013 esset,
669 965 738 1018 qui
775 964 980 1004 sacrificiis
1019 963 1271 1019 praecineret.
1334 965 1397 1019 (5)
1425 965 1525 1020 Ejus
1556 966 1613 1005 rei
1635 979 1699 1005 re-

391 1023 489 1077 ligio
529 1022 661 1062 tenuit
697 1021 910 1070 senatum3
953 1022 1185 1077 legatosque
1224 1022 1359 1062 Tibur
1397 1023 1608 1072 miserunt,
1652 1034 1699 1065 ut

390 1081 534 1119 darent
568 1093 750 1133 operam,
781 1088 827 1118 ut
860 1079 904 1118 hi
938 1079 1128 1122 homines
1154 1081 1355 1121 Romanis
1377 1081 1698 1122 restituerentur.

390 1137 618 1202 Tiburtini,
649 1133 824 1191 benigne
857 1136 1027 1193 polliciti
1058 1139 1136 1191 (6),
1167 1137 1348 1192 primum
1385 1140 1535 1181 accitos
1556 1154 1625 1181 eos
1658 1140 1701 1179 in

392 1196 549 1236 cuxiam
589 1195 740 1235 hortati
779 1194 887 1244 sunt,
921 1194 981 1234 uti
1016 1204 1313 1235 reverterentur
1354 1197 1557 1238 Romam:
1590 1197 1700 1251 post-

392 1266 517 1307 quam
539 1253 707 1307 perpelli
745 1252 983 1306 nequibant,
1015 1253 1195 1302 consilio,
1226 1253 1337 1293 haud
1373 1254 1613 1295 abhorrente
1650 1255 1701 1295 ab

393 1312 567 1367 ingeniis
603 1311 838 1363 hominum,
883 1325 952 1351 eos
990 1311 1294 1366 aggrediuntur.
1356 1312 1439 1352 Die
1478 1313 1579 1353 festo
1630 1314 1697 1353 alii

393 1371 493 1412 alios
531 1383 603 1424 per
643 1369 817 1424 speciem
840 1369 1173 1412 celebrandarum
1212 1379 1334 1409 cantu
1371 1371 1584 1427 epularum
1606 1386 1701 1413 cau-

394 1428 437 1470 sa
458 1431 519 1483 (7)
543 1428 730 1477 invitant,
767 1430 804 1467 Sc
827 1428 938 1477 vino,
971 1429 1088 1484 cujus
1110 1428 1274 1468 avidum
1300 1428 1430 1468 ferme
1465 1443 1594 1483 genus
1630 1430 1702 1478 est,

393 1496 582 1527 oneratos
604 1487 792 1541 sopiunt:
824 1496 945 1539 atque
967 1486 1022 1526 ita
1042 1487 1083 1526 in
1110 1486 1286 1540 plaustra
1315 1485 1456 1526 somno
1487 1492 1512 1540 †
1543 1487 1705 1528 vinetos

393 1545 635 1601 conjiciunt,
682 1560 728 1585 ac
769 1545 949 1584 Romam
991 1546 1219 1598 deportant.
1272 1558 1346 1585 nec
1384 1543 1498 1599 prius
1534 1545 1704 1597 sensere,

394 1603 535 1657 quam,
568 1603 755 1658 plaustris
788 1603 830 1642 in
853 1602 943 1643 foro
963 1603 1131 1652 relictis,
1160 1605 1302 1657 plenos
1329 1604 1505 1657 crapulae
1527 1618 1596 1644 eos
1633 1605 1703 1643 lux

395 1662 599 1716 oppressit.
660 1662 781 1701 Tunc
804 1661 1025 1702 concursus
1047 1661 1187 1716 populi
1209 1660 1359 1711 fadius,
1392 1662 1704 1715 impetratoque,

396 1732 441 1761 ut
463 1729 692 1771 manerent,
724 1721 881 1769 datum,
914 1729 958 1759 ut
980 1720 1163 1759 triduum
1185 1720 1402 1772 quotannis
1424 1721 1572 1770 ornati,
1608 1734 1703 1760 cum

395 1789 518 1820 cantu
540 1789 662 1833 atque
684 1777 775 1828 hac,
807 1791 898 1831 qute
920 1792 1030 1818 nunc
1053 1777 1241 1818 sollennis
1261 1777 1332 1826 est,
1364 1778 1525 1817 licentia
1546 1792 1617 1844 per
1637 1792 1706 1817 ur-

395 1836 490 1877 bem
508 1847 778 1892 vagarentur
809 1837 1132 1901 restitutumque.
1161 1836 1201 1874 in
1224 1837 1308 1875 aede
1339 1836 1524 1878 vescendi
1551 1838 1618 1892 jus
1642 1837 1704 1885 iis,

397 1897 468 1949 qui
509 1895 628 1937 sacris
650 1895 930 1949 praecinerent.
992 1894 1096 1936 Haec
1124 1894 1227 1934 inter
1261 1894 1438 1934 duorum
1475 1895 1703 1949 ingentium

398 1955 598 1995 bellorum
621 1968 761 1994 curam
783 1953 1039 2007 gerebantur.

457 2012 617 2056 XXXI.
654 2010 853 2052 Coniules
895 2012 1000 2051 inter
1039 2010 1077 2051 se
1117 2008 1344 2065 provincias
1382 2009 1547 2063 partiti;
1579 2011 1705 2063 Junio

397 2071 617 2118 Samnites,
650 2069 823 2109 AEmilio
856 2082 1010 2109 novum
1044 2068 1197 2108 bellum
1220 2070 1281 2122 (1)
1304 2065 1466 2107 Etruria
1499 2068 1600 2108 sorte
1635 2069 1708 2108 ob..

399 2129 521 2171 venit.
585 2128 636 2167 In
666 2127 835 2167 Samnio
868 2127 1072 2176 Cluviam,
1105 2128 1166 2181 (2)
1187 2126 1415 2180 praesidium
1450 2126 1705 2175 Romanum,

1612 2185 1707 2239 quia

401 2313 577 2338 moratum.
624 2303 681 2345 (4)
706 2303 786 2334 Haec
813 2301 919 2344 prima
943 2303 1099 2333 Romana:
1125 2300 1226 2333 elaffis
1256 2300 1379 2333 mentio
1396 2303 1484 2344 apud
1500 2300 1632 2333 Livium
1653 2313 1706 2333 oc-

402 2352 516 2383 currit.
566 2351 704 2381 Navalia
720 2351 813 2383 Rom
839 2355 1066 2379 memorantur
1093 2346 1231 2389 supra}
1252 2346 1279 2377 8.
1303 2356 1402 2384 c.14.
1448 2347 1541 2388 (5)i
1562 2359 1588 2378 e.
1604 2358 1639 2378 ea
1658 2359 1708 2380 res

403 2395 529 2428 senatui
547 2393 696 2436 religlonl
713 2394 787 2425 fuit.
837 2393 927 2430 Infra
950 2393 1164 2432 l.43.c.13.
1177 2395 1298 2434 quaedam
1316 2395 1413 2435 religio
1429 2400 1508 2422 tenet.
1556 2395 1602 2424 Ita
1617 2396 1708 2435 opinio

403 2450 474 2474 tenet
501 2439 641 2482 supral.
662 2450 689 2470 1.
713 2450 738 2470 c.
763 2438 814 2470 28.
842 2439 874 2469 3<
899 2446 994 2469 terror
1009 2446 1079 2469 tenet
1100 2437 1186 2476 1ᾙῖΓῇ
1211 2437 1230 2468 l.
1255 2447 1311 2469 10.
1333 2449 1362 2469 c.
1390 2437 1441 2470 26.
1489 2439 1595 2468 Gallici
1609 2441 1709 2468 tumul-

403 2487 447 2518 tus
470 2495 546 2528 praec
550 2490 628 2528 ipuus
654 2493 748 2516 terror
778 2486 922 2514 civitatem
949 2486 1043 2514 tenuit
1070 2482 1088 2514 i.
1105 2495 1132 2514 e.
1149 2481 1293 2514 Gallicus
1320 2483 1480 2515 tumultus
1507 2482 1632 2515 civitati
1646 2491 1709 2515 ter—

405 2532 473 2563 rori
486 2531 562 2562 fuit.
607 2529 662 2572 (6)
680 2530 806 2571 Nempe
817 2538 864 2571 op:
867 2543 936 2561 ram.
962 2530 1035 2560 Hoc
1052 2529 1152 2559 modo
1168 2530 1215 2559 bar.
1201 2532 1279 2570 tigne
1271 2528 1388 2570 ”apollic
1390 2531 1417 2558 ri
1428 2528 1606 2569 usurpatur
1618 2529 1705 2569 apud

405 2578 472 2608 Cic.
493 2578 512 2607 1.
534 2589 562 2614 4.
576 2577 617 2607 ad
630 2577 714 2606 Fam.
736 2577 794 2616 Ep.
815 2584 863 2614 13.
882 2575 913 2604 δε
932 2574 1017 2605 alibi.
1064 2575 1119 2615 (7)
1134 2574 1212 2604 Dcle
1236 2572 1384 2604 ultimam
1402 2584 1515 2604 vocem
1530 2573 1705 2613 cau13,quae

405 2623 501 2663 ‘piane
515 2622 616 2652 otiosa
629 2621 685 2653 est.
732 2622 779 2651 Ita
791 2622 970 2661 perspeciem
986 2621 1010 2649 hi
1020 2623 1094 2654 noris
1107 2620 1202 2660 supra
1221 2620 1240 2649 l.
1257 2629 1284 2649 1.
1297 2630 1322 2649 c.
1335 2628 1363 2658 3.
1382 2621 1561 2661 perjspect'cm
1573 2620 1707 2649 honorau-

403 2671 582 2708 daepareltis
599 2667 617 2696 l.
637 2666 664 2698 8.
678 2677 708 2696 C.
723 2675 774 2697 22.
795 2666 827 2695 δι’
844 2664 921 2696 alibi
938 2665 1028 2706 saepe.

452 2714 487 2743 C
502 2722 551 2751 31.
576 2714 631 2753 (1)
655 2711 705 2742 Sic
721 2710 807 2742 inira
825 2722 850 2741 c.
866 2720 916 2747 42
940 2724 986 2751 qm
980 2724 1024 2740 .m
1040 2711 1122 2740 coll:-
1139 2723 1209 2739 ‘zm
1217 2722 1260 2739 ‚um
1277 2709 1376 2739 be'lum
1403 2709 1539 2738 Sal1'2r5i
1532 2708 1647 2752 ihqsles
1664 2711 1708 2738 de

403 2770 464 2789 xrer
458 2765 585 2790 crentur.
618 2767 691 2798 quae
720 2767 778 2799 per
801 2759 818 2796 ,ὲ
842 2764 919 2799 appe
918 2757 1032 2788 itionem
1065 2757 1227 2797 eleganter
1253 2755 1419 2787 dicuntur.
1462 2754 1518 2796 (a)
1544 2755 1621 2797 ΡιΓ
1624 2754 1709 2783 isdum

1640 2797 1693 2836 hic
