1832 3137
372 303 1006 346 LIBER11.CAP.
1067 306 1118 346 X.
1557 319 1610 357 99

116 424 204 455 tum
233 415 437 469 repentino
459 415 611 467 impetu
632 415 876 467 Janiculum‚
907 426 1025 469 atque
1047 417 1138 456 inde
1163 417 1302 457 citatos
1323 417 1389 457 de-

116 488 275 512 currere
294 470 423 511 hostes
441 472 605 520 vidiffet,
627 473 900 525 trepidamque
922 474 1078 513 turbam
1102 474 1261 513 suorum
1283 489 1391 513 arma

116 530 348 582 ordinesque
387 529 627 581 relinquere,
661 529 942 582 reprehensans
974 532 1160 585 singulos,
1191 531 1392 579 obsistens,

116 586 388 638 obtestansque
416 585 553 625 Deum
588 589 625 626 &
658 586 870 625 hominum
896 587 1031 637 fidem,
1061 588 1299 636 testabatur3
1332 604 1392 626 ne·-

117 646 307 697 quicquam
327 644 369 682 de
383 652 455 682 erto
474 642 556 700 (1)
570 643 729 697 mestdiO
763 660 815 683 eos
820 644 969 698 fugere.
1033 646 1071 684 Si
1097 646 1287 699 trcngfitum
1309 645 1360 699 (2
1370 648 1393 701 )

110 709 253 754 pontem
270 717 293 738 a
309 709 406 753 tergo
426 701 654 755 reliqug'ffi’nt,
671 703 758 755 jam
782 702 869 754 plus
888 702 1032 756 hqstium
1054 705 1091 741 in
1113 703 1259 741 Palatio
1283 702 1393 753 Capi-

117 759 278 810 tolioque,
310 757 419 810 quhm
436 759 474 795 in
498 758 686 814 Janiculo,
703 758 803 813 fore.
865 759 992 812 Itaque
1013 775 1162 808 monere,
1187 760 1394 812 praedicere,

116 823 159 853 ut
171 823 313 867 pontem
320 815 445 870 ferro,
466 816 557 868 igni,
579 818 792 868 quacunque
810 817 851 854 vi
867 817 1012 871 pffnt,
1035 819 1316 869 interrumpunt.
1351 817 1395 855 Se

117 873 288 924 impetum
321 871 481 927 hqstium,
511 881 686 924 quantum
707 883 846 924 corpore
866 889 934 912 uno
961 875 1065 930 pefft
1085 874 1204 929 offfii,
1234 882 1396 925 exceptu-

118 945 216 968 rum.
275 929 401 968 Vadit
422 928 512 967 inde
533 929 573 967 in
604 929 778 981 primum
801 930 951 969 aditum
973 932 1128 984 pontis:
1160 930 1395 985 insignisque

115 986 221 1025 inter
246 985 456 1038 conspecta
492 985 719 1025 cedentium
741 988 803 1038 (3)
824 999 967 1039 pugnae
987 998 1112 1043 terga,
1142 988 1310 1028 obverfis
1331 1001 1398 1026 co-

118 1043 252 1082 minus
274 1044 323 1082 ad
344 1043 564 1082 ineundum
586 1043 775 1095 proelium
797 1043 930 1090 armis,
962 1042 1044 1095 ipso
1066 1047 1256 1085 miraculo
1279 1045 1399 1084 auda-

117 1100 189 1139 ciae
211 1099 474 1152 obstupefecit
495 1099 639 1138 hostes.
662 1100 762 1138 duos
784 1108 916 1137 tamen
931 1114 1024 1138 cum
1046 1113 1093 1138 eo
1106 1101 1234 1153 pudor
1254 1102 1399 1151 tenuit,

118 1157 188 1210 Sp.
210 1157 392 1196 Lartium
414 1171 458 1195 ac
471 1157 522 1194 T.
545 1156 821 1205 Herminium,
853 1155 990 1196 ambos
1007 1158 1131 1196 claros
1152 1171 1295 1210 genere
1318 1157 1401 1196 fac-

121 1214 259 1267 tisque.
321 1213 427 1253 Cum
441 1213 503 1253 his
519 1214 690 1267 primam
712 1214 877 1267 periculi
899 1215 1128 1266 procellam,
1153 1217 1191 1253 8<
1210 1215 1317 1267 quod
1339 1224 1401 1252 tu-

119 1271 464 1310 multuofiffimum
497 1285 642 1325 pugnae
672 1280 772 1320 erat,
803 1285 1015 1324 parumper
1037 1271 1228 1310 sustinuit.
1259 1271 1402 1310 deinde

119 1343 188 1369 eos
211 1342 370 1381 quoque
393 1328 511 1381 ipsos,
542 1329 684 1383 exigua
704 1337 813 1381 parte
842 1328 973 1380 pontis
1001 1329 1153 1376 relietfi,
1185 1328 1404 1367 revocanti-

119 1385 194 1426 bus
216 1386 284 1439 qui
305 1385 591 1433 rescindebant,
621 1386 761 1425 cedere
790 1385 828 1423 in
858 1394 990 1423 tutum
1016 1385 1159 1438 co'e'git.
1221 1385 1403 1424 Circum-

122 1442 253 1483 ferens
275 1443 366 1481 inde
395 1452 526 1482 truces
553 1443 761 1482 minaciter
790 1443 927 1481 oculos
949 1443 997 1481 ad
1018 1456 1200 1495 proceres
1220 1442 1405 1482 Etrusco-

122 1514 230 1550 rum,
262 1514 368 1538 nunc
404 1500 574 1553 fingulos
609 1513 838 1553 provocare,
870 1513 976 1538 nunc
1012 1499 1214 1551 increpare
1250 1513 1404 1547 omnes,

126 1558 287 1596 Servitia
308 1572 433 1610 regum
441 1558 692 1610 superborum,
701 1557 779 1610 fine
798 1557 974 1595 libertatis
994 1558 1226 1605 immemores,
1248 1557 1403 1594 alienam
1512 1556 1535 1603 †

122 1624 364 1668 oppugnatum
380 1616 516 1652 venire.
577 1613 768 1653 Cun&ati
790 1613 1034 1665 aliquamdiu
1052 1613 1154 1661 sunt,
1186 1615 1282 1652 dum
1304 1613 1404 1652 alius

122 1672 263 1722 alium,
286 1680 330 1710 ut
349 1670 537 1724 proelium
552 1671 728 1723 incipiat,
750 1670 1094 1723 circumspefi'tant.
1116 1671 1246 1723 pudor
1262 1670 1404 1709 deinde

108 1729 341 1769 ,commovit
361 1728 503 1778 aciem,
539 1730 593 1776 ἃ,
625 1728 797 1767 clamore
819 1727 984 1775 sublato,
1017 1727 1193 1780 undique
1214 1728 1255 1766 in
1278 1741 1404 1766 unum

121 1786 275 1826 hostem
311 1786 389 1825 tela
422 1785 654 1840 conjiciunt.
716 1785 822 1842 Qae
843 1799 969 1837 quum
1001 1785 1041 1823 in
1062 1784 1221 1839 objecto
1257 1785 1405 1824 cuneta

125 1844 235 1884 scuto
256 1843 461 1891 haefiffent,
492 1856 621 1895 neque
644 1843 707 1882 ille
731 1843 863 1882 minus
896 1841 1113 1882 obstinatus
1136 1842 1286 1896 ingenti
1307 1855 1407 1894 pon-

125 1911 208 1940 tem
230 1900 426 1940 obtineret
452 1901 592 1954 gradu,
619 1901 703 1954 jam
736 1900 886 1953 impetu
920 1899 1164 1940 conabantur
1197 1900 1406 1938 detrudere

124 1959 255 1998 virum
271 1975 282 2007 ;
315 1972 440 2011 quum
454 1959 565 1996 simul
583 1957 715 2011 fragor
731 1957 837 2010 rupti
855 1958 1002 2010 pontis,
1024 1957 1136 1996 simul
1157 1958 1306 1996 clamor
1322 1956 1408 1994 Ro-

126 2029 354 2064 manorum,
385 2015 584 2055 alacritate
613 2014 781 2068 perfe&i
803 2015 932 2068 operis
963 2014 1151 2062 sublatus,
1182 2027 1324 2067 pavore
1346 2013 1408 2051 su-

127 2073 212 2113 bito
234 2073 429 2126 impetum
446 2072 639 2112 sustinuit.
699 2073 809 2112 Tum
831 2073 992 2121 Cocles,
1025 2072 1193 2110 Tiberine
1214 2073 1274 2124 (4)
1288 2079 1411 2122 pater,

131 2131 278 2183 inquit,
308 2139 342 2169 te
363 2131 491 2185 stmee
517 2142 659 2183 precor,
687 2130 757 2169 haec
776 2145 882 2169 arma
907 2131 957 2170 &T
973 2130 1069 2168 hunc
1097 2129 1243 2168 militem
1257 2130 1410 2180 propitio

117 2189 279 2243 flumine
312 2190 477 2240 accipias.
538 2188 598 2227 Ita
628 2188 677 2227 s1c
698 2190 759 2242 (5)
780 2196 955 2227 armatus
976 2187 1016 2226 in
1031 2186 1211 2226 Tiberim
1228 2185 1381 2224 defiluit
1400 2200 1409 2223 ε

132 2245 344 2297 multisque
360 2244 743 2298 superincidentibus
764 2245 851 2284 telis
873 2244 1083 2284 incolumis
1100 2244 1148 2282 ad
1170 2243 1258 2282 suos
1279 2252 1409 2281 trana-

133 2302 204 2351 vit,
235 2316 319 2341 rem
338 2302 453 2342 ausus
483 2304 572 2356 plus
593 2302 710 2342 famae
740 2302 964 2341 habituram
995 2302 1043 2340 ad
1064 2300 1256 2354 posteros,
1287 2298 1409 2352 quam

136 2359 242 2399 fidei.
306 2359 432 2398 Grata
467 2374 559 2414 erga
594 2369 745 2400 tantam
765 2360 952 2399 virtutem
988 2359 1123 2399 civitas
1150 2357 1226 2396 fuit
1244 2373 1253 2397 :
1284 2357 1411 2395 statua

1284 2415 1343 2467 (6)
1369 2414 1409 2451 in

1 2470 6 2560 i
183 2535 220 2564 C.
242 2542 292 2563 10.
311 2533 363 2573 (1)
380 2534 512 2564 Deserto
523 2534 679 2576 janiculo,
695 2534 748 2565 ubi
766 2533 901 2575 praefidii
913 2531 1004 2564 causa
1015 2531 1174 2563 constituti
1186 2533 1322 2562 fuerant.
1358 2528 1413 2569 (2)

3 2567 8 2617 l
138 2579 283 2613 Pontem,
309 2578 473 2618 postquam
485 2590 559 2609 eum
573 2578 630 2620 ipsi
643 2578 838 2610 transiiffent.
854 2576 905 2616 sle,
927 2579 1013 2620 Alpes
1029 2578 1157 2619 trmfitae.
1173 2577 1191 2606 1.
1211 2585 1258 2607 21.
1277 2586 1304 2605 c.
1321 2583 1370 2612 43-
1383 2574 1413 2602 ὃῑ

6 2623 10 2671 3
137 2624 249 2665 trmfito
264 2636 347 2653 amne.
364 2623 384 2653 l.
400 2633 448 2661 23.
461 2634 485 2653 c.
498 2624 546 2654 28.
593 2625 646 2664 (3)
669 2623 842 2654 Mallemus
859 2634 931 2654 cum
945 2622 1121 2657 Gronovio,
1132 2620 1232 2663 pugm‘z'.
1277 2619 1329 2660 (4)
1348 2619 1415 2648 Nu·

8 2665 13 2699 l
139 2677 213 2697 men
234 2667 362 2698 invocat
379 2668 490 2698 Fluvii.
511 2667 574 2698 vid.
586 2668 673 2710 Virg.
688 2670 761 2698 AEn.
780 2668 809 2699 8.
830 2678 879 2706 31.
924 2668 978 2708 (5)
1001 2667 1086 2697 Sicut
1100 2673 1165 2696 crat
1188 2672 1334 2696 armatus.
1359 2661 1416 2702 [Si-

9 2716 14 2746 t
141 2711 207 2741 mili
229 2713 325 2743 modo
349 2713 422 2747 §vass
447 2713 618 2754 usurpatur
631 2714 716 2755 apud
729 2715 866 2744 Graecos.
881 2712 944 2743 vid.
961 2714 1078 2752 Evang.
1095 2711 1150 2742 sec.
1166 2710 1238 2753 Joh.
1257 2720 1282 2740 c.
1299 2718 1327 2743 4.
1343 2717 1371 2735 v.
1390 2706 1416 2734 6.

15 2782 17 2784 ·
780 2757 812 2787 H
838 2767 855 2788 2
1302 2753 1331 2781 3<
1351 2761 1416 2790 quae

8 2867 17 2886 ,8
