1853 3158
334 252 619 301 LIBER
679 253 755 300 111.
814 250 999 300 CAP.
1060 254 1235 301 LXXII.

143 373 378 428 cionalifi’ni,
408 373 646 428 qfflgnaturos
658 381 839 426 putarent
844 373 1032 427 finitimos
1049 374 1231 427 populos?
1264 374 1326 426 (6)
1350 372 1440 412 Cla-

146 446 231 470 rum
248 430 416 487 hdcfore
435 431 592 483 imagine
610 431 796 483 Scaptium
812 448 824 468 :
849 432 1023 483 populum
1040 432 1253 471 Romanum
1274 430 1441 483 quadru-

138 488 297 540 platoris
325 491 382 540 (7)
409 487 460 528 Εἴ
491 488 739 539 interceptoris
770 487 848 526 litis
881 488 1004 525 alienae
1032 489 1222 541 personam
1259 488 1439 526 laturum.

145 560 251 598 quem
278 546 371 582 enim
391 543 453 582 hoc
472 545 635 595 privatae
656 545 710 582 rei
731 543 1045 598 judicemftciffi’,
1078 543 1200 598 utfibi
1221 546 1282 596 (8)
1303 552 1444 582 contro-

145 601 333 655 ·verfiqfizm
367 600 597 653 anudicaret
631 603 745 639 rem?
779 600 966 651 Scaptium
990 601 1103 653 ipsum
1135 601 1177 638 id
1195 601 1353 653 quidem,
1384 598 1446 653 effi

138 658 354 712 praemortui
359 659 446 711 jam
466 656 524 710 fit
550 657 718 710 pudoris,
753 672 821 696 non
839 657 1057 711 faffz‘urum.
1118 656 1221 696 Haec
1244 656 1444 708 consules,

144 714 232 755 haec
252 714 391 754 Patres
409 713 694 753 vociferantur.
717 713 783 753 sed
805 714 895 766 plus
924 713 1122 766 cupiditas
1146 717 1187 754 δε
1210 713 1353 753 aut‘J’oer
1374 727 1444 752 cu-

145 771 321 825 piditatis
361 771 546 824 Scaptius
584 772 700 810 valet.
763 771 933 810 Vocatae
973 770 1102 810 tribus
1144 770 1444 824 judicaverunt,

146 842 288 883 agrum
320 827 528 880 publicum
556 828 695 880 populi
717 826 895 866 Romani
917 827 1006 866 effe.
1066 826 1157 866 Nec
1179 826 1369 866 abnuitur
1391 827 1445 865 ita

144 884 276 935 fuiffe,
309 886 334 924 fi
370 886 419 924 ad
454 883 611 938 judices
633 884 730 923 alios
767 883 870 922 itum
902 882 1031 923 foret:
1062 897 1172 922 nunc
1207 882 1316 922 haud
1354 882 1445 922 sant}

146 943 365 995 quicquam
387 943 449 994 (9)
469 941 576 980 bono
610 940 738 980 causae
758 941 911 979 levatur
941 942 1115 980 dedecus
1147 940 1303 995 judicii.
1325 939 1445 992 idque

144 1013 229 1038 non
267 998 444 1037 Aricinis
482 996 819 1049 Ardeatibusque,
851 1011 975 1049 quam
1011 996 1197 1037 Patribus
1232 996 1448 1044 Romanis,

146 1054 298 1095 foedius
330 1063 449 1106 atque
482 1054 663 1093 acerbius
695 1053 836 1093 visum.
899 1054 1124 1106 Reliquum
1146 1053 1240 1094 anni
1261 1053 1446 1106 quietum

146 1111 196 1153 ab
218 1110 380 1152 urbanis
402 1110 577 1151 motibus
600 1114 641 1152 ἃ
657 1110 706 1151 ab
727 1110 902 1151 externis
924 1111 1079 1150 mansit.

146 1226 215 1259 dies
231 1226 265 1258 in
283 1227 493 1260 concionibus
510 1228 713 1259 consumere:
741 1230 829 1269 quod
843 1236 910 1259 erat
934 1227 1026 1258 otiofi
1041 1225 1193 1264 hominis,
1216 1226 1248 1257 ὅτ
1275 1234 1449 1268 propterea

147 1271 271 1313 probro
297 1273 435 1304 dabatur
452 1274 539 1313 apud
556 1276 727 1303 Romanos.
775 1273 844 1304 Cic.
868 1274 887 1302 l.
909 1283 921 1303 1
958 1274 998 1303 ad
1022 1276 1092 1303 Att.
1121 1274 1178 1312 Ep.
1195 1271 1247 1303 16.
1283 1274 1450 1301 Concionalis

148 1318 244 1347 hirudo
261 1320 367 1347 cerarii.
414 1316 469 1358 (6)
494 1317 564 1347 Hac
581 1317 708 1347 afflone
734 1317 892 1348 celebrem
910 1317 1074 1357 Scaptium
1090 1319 1170 1353 fore,
1194 1318 1225 1345 ὅτ
1243 1326 1280 1346 ex
1302 1315 1452 1356 ignobili-

148 1367 225 1397 tate,
248 1360 311 1400 quil
324 1362 429 1392 adhuc
443 1363 592 1398 latuerat,
614 1361 832 1392 emersurum:
859 1369 891 1392 at
905 1362 1063 1402 populum
1081 1363 1265 1390 Romanum
1282 1362 1351 1390 fore
1369 1359 1451 1389 infa-

148 1414 246 1435 mem.
264 1405 319 1445 (7)
332 1408 571 1448 Quadruplatores
585 1413 676 1436 erant
687 1406 845 1436 delatores
863 1406 1034 1435 criminum
1049 1405 1254 1445 publicorum
1268 1417 1272 1432 :
1292 1404 1325 1433 in
1340 1404 1402 1443 quii
1416 1414 1451 1434 re

150 1456 301 1488 quartam
314 1456 439 1489 partem
452 1460 489 1480 ex
500 1451 727 1480 damnatorum
743 1449 847 1486 bonis,
863 1460 942 1489 quos
956 1450 1148 1485 detulerant,
1164 1448 1452 1488 consequebantur„

150 1493 207 1533 (8)
231 1494 304 1522 Vox
321 1492 482 1523 rarissima.
529 1493 666 1533 Aliquot
683 1494 807 1524 codices
824 1494 944 1524 habent
957 1495 1164 1533 ‹ontroversam
1211 1493 1266 1533 (9)
1290 1491 1380 1523 Nihil
1393 1492 1452 1521 mi-

151 1537 266 1567 nuitur
282 1537 420 1568 dedecus
446 1536 556 1578 judicii
583 1537 729 1568 bonitate
754 1538 862 1568 causae.
879 1538 928 1568 Sic
947 1538 1011 1568 Cic.
1028 1537 1061 1567 in
1079 1539 1182 1567 Bruto
1205 1548 1230 1566 c.
1251 1546 1302 1575 34.
1323 1538 1453 1566 naturale

149 1583 281 1621 quodiam
292 1582 395 1623 stirpis
421 1583 514 1611 bonum
541 1584 634 1622 degent
637 1582 739 1623 raviffi’
754 1585 824 1611 vitio
840 1585 900 1622 dms)
892 1590 1000 1611 ravatae
1014 1595 1033 1611 v
1036 1584 1087 1611 olu
1086 1585 1162 1611 ztatis
1151 1595 1172 1610 s.
1186 1582 1216 1610 &c
1234 1581 1257 1611 l.
1275 1590 1308 1618 5.
1321 1581 1451 1610 Tuscul.

151 1635 178 1654 c.
201 1633 251 1663 23.
269 1627 373 1656 Porro
397 1627 503 1661 lemare,
526 1635 586 1666 pro
608 1625 765 1662 minuere,
786 1626 927 1656 occurrit
954 1625 1038 1655 infra
1067 1626 1085 1655 1.
1110 1635 1143 1661 4.
1170 1633 1244 1662 c.7,
1270 1634 1320 1662 17,
1346 1625 1376 1654 δε
1399 1634 1452 1662 43.

152 1669 289 1745 &deleva
293 1682 322 1699 re
346 1669 459 1702 eodem
485 1669 573 1702 sensu
599 1669 782 1712 saepiffime3
806 1671 895 1711 quod
922 1670 1019 1701 etiam
1042 1668 1094 1700 luc
1121 1671 1299 1711 praeferunt
1326 1668 1451 1709 aliquot

152 1721 191 1743 ςο
215 1723 276 1745 ιςεε
1038 1731 1041 1733 -

1134 2675 1464 2721 EPITOME

1580 272 1658 314 253
