1832 3137
405 307 692 353 LIBER
752 309 805 349 ΙΙ.
867 309 1054 352 CAP.
1114 311 1250 353 XXII.
1630 327 1707 367 113

189 424 308 481 lignis
328 425 394 465 hic
414 437 544 464 annus
564 422 622 462 est
654 423 805 462 nuncio
832 423 1046 477 Tarquinii
1079 426 1233 466 mortis.
1295 426 1492 468 Mortuus
1513 433 1570 463 Mo
1557 446 1600 463 ors
1620 433 1696 464 ‘Tar-

188 484 247 523 est
270 482 428 530 Cumis,
460 479 543 533 quo
565 479 603 519 se
620 480 708 533 post
738 479 888 520 fractas
915 496 1011 534 opes
1032 481 1273 523 Latinorum
1302 486 1351 523 ad
1384 485 1495 525 Aris-
1510 491 1607 520 quma.

189 540 399 579 todemum
421 547 639 592 tyrannum
656 538 894 576 contulerat.
956 538 1016 577 Eo
1033 540 1182 579 nuncio
1199 540 1324 580 eretffi
1341 542 1495 591 Patres,

189 595 324 635 ereE‘ta
340 594 488 648 plebes.
521 593 587 633 sed
609 593 796 633 Patribus
816 593 937 633 nimis
962 597 1021 649 (5)
1043 597 1243 637 luxuriosa
1264 612 1310 636 ea
1331 597 1408 638 fuit
1428 600 1497 639 lae-

189 652 300 692 titia:
331 610 452 704 pplebi,
478 650 551 690 cui
572 651 622 689 ad
644 663 734 689 eam
755 651 864 689 diem
882 650 1037 691 summa
1053 666 1128 705 ope
1146 653 1378 694 inservitum
1395 666 1497 707 erat,

188 708 347 764 injuriae
369 723 391 747 a
412 706 656 761 primoribus
678 706 765 746 fieri
798 720 972 760 coepere.
1033 709 1187 748 Eodem
1224 725 1329 750 anno
1359 712 1499 766 Signia

189 765 363 813 colonia,
380 779 503 817 quam
520 777 590 803 rex
605 763 855 816 Tarquinius
873 764 1107 814 deduxerat,
1125 766 1306 819 suppleto
1328 782 1499 807 numero

190 823 448 871 colonorum,
479 821 627 860 iterum
649 819 826 860 dedue‘ca
860 821 930 860 est.
993 821 1141 862 Romae
1175 823 1301 863 tribus
1332 827 1393 878 (6)
1420 839 1501 864 una

192 881 232 919 δε
255 879 398 933 viginti
418 877 552 918 factae.
615 876 743 917 AEdes
765 878 966 918 Mercurii
997 881 1059 933 (7)
1091 879 1271 920 dedicata
1292 880 1347 920 est
1370 881 1501 921 idibus

192 935 332 976 Maiis.

247 991 385 1032 XXII.
419 992 530 1032 Cum
550 989 796 1031 Volscorum
817 1001 953 1046 gente,
970 991 1117 1033 Latino
1137 993 1258 1044 bello,
1276 1009 1407 1048 neque
1425 1009 1501 1049 pax
1521 1008 1560 1037 Β
1563 1008 1618 1037 'lm
1603 1019 1696 1037 mm»

190 1063 323 1102 neque
343 1049 497 1088 bellum
525 1047 669 1087 suerat.
704 1062 798 1087 nam
834 1052 871 1089 δε
896 1050 1035 1090 Volsci
1056 1062 1385 1104 comparaverant
1407 1067 1503 1092 aux·
1523 1055 1564 1085 V0
1566 1054 1623 1093 ἶβίν·

191 1107 275 1156 ilia,
307 1120 399 1159 quae
433 1106 641 1144 mitterent
659 1105 832 1154 Latinis,
863 1106 905 1144 ni
938 1116 1185 1146 maturatum
1218 1108 1265 1148 ab
1306 1109 1503 1149 di&atore

192 1163 385 1203 Romano
418 1164 536 1202 esset:
569 1164 610 1202 &
647 1163 865 1202 maturavit
903 1163 1132 1212 Romanus,
1164 1179 1214 1204 ne
1246 1167 1391 1218 proelio
1422 1180 1503 1206 uno

190 1234 288 1260 cum
310 1219 458 1259 Latino
481 1219 713 1271 Volscoque
736 1220 1010 1259 contenderet.
1072 1219 1164 1261 Hac
1185 1223 1243 1261 ira
1263 1223 1445 1262 consules
1462 1223 1502 1262 in

195 1277 392 1317 Volscum
413 1290 557 1331 agrum
585 1276 763 1329 legiones
785 1277 950 1315 duxere.
1014 1277 1202 1329 Volscos,
1234 1280 1384 1318 confilii
1415 1294 1503 1332 poc-

193 1347 289 1374 nam
331 1348 413 1373 non
451 1342 693 1380 metuentes,
725 1334 964 1386 necopinata
1004 1347 1066 1373 res
1107 1336 1290 1387 perculit.
1355 1337 1504 1375 Anno-2

193 1405 287 1430 rum
309 1391 586 1438 immemores,
608 1389 760 1429 obfides
778 1390 875 1430 dant
895 1400 1096 1430 trecentos
1113 1392 1342 1445 principum
1359 1406 1380 1431 a
1398 1392 1505 1433 Cora

192 1457 317 1512 atque
339 1446 522 1488 Pometia
542 1446 701 1486 liberos.
725 1446 779 1484 ita
802 1447 880 1485 fine
897 1447 1115 1486 certamine
1132 1448 1224 1487 inde
1242 1448 1428 1489 abduCtae
1449 1451 1506 1489 le-

194 1505 347 1558 giones.
412 1505 501 1543 Nec
523 1504 578 1542 ita
598 1500 730 1541 multo
745 1501 834 1555 post
849 1503 1005 1543 Volscis
1023 1504 1160 1544 levatis
1182 1515 1294 1544 metu
1312 1506 1428 1545 suum
1445 1520 1508 1545 re-

195 1562 300 1601 diit'
292 1561 524 1615 mgenium:
556 1559 691 1599 rursus
713 1560 920 1599 occultum
949 1570 1090 1612 parant
1117 1560 1285 1610 bellum,
1317 1563 1510 1602 Hernicis

194 1619 240 1658 in
272 1618 503 1657 societatem
537 1630 743 1655 armorum
778 1617 996 1669 affumptis.
1057 1617 1232 1672 Legatos
1263 1633 1425 1672 quoque
1458 1621 1503 1657 ad

197 1675 494 1714 sollicitandum
526 1673 692 1712 Latium
719 1673 856 1725 paffim
889 1673 1111 1712 dimittunt.
1175 1674 1256 1714 Sed
1288 1689 1425 1715 recens
1458 1678 1504 1714 ad

198 1732 408 1785 Regillum
430 1731 564 1769 lacum
593 1739 757 1782 accepta
789 1730 920 1769 clades
949 1733 1011 1783 (1)
1031 1730 1216 1780 Latmos,
1247 1731 1304 1771 ira
1334 1733 1509 1785 odioque

198 1789 286 1842 ejus
309 1789 544 1840 quicunque
566 1800 677 1826 arma
706 1785 905 1836 suaderet,
938 1801 988 1826 ne
1017 1787 1065 1826 ab
1087 1788 1226 1842 legatis
1244 1788 1407 1841 quidem
1425 1790 1509 1828 vio—

199 1845 329 1885 landis
350 1844 552 1884 abstinuit.
617 1843 941 1896 Comprehensos
960 1843 1129 1884 Volscos
1147 1845 1325 1884 Romam
1345 1847 1507 1885 duxere.

200 1901 262 1941 Ibi
285 1902 420 1940 traditi
442 1900 672 1941 consulibus
692 1916 703 1947 ;
736 1900 1042 1952 indicatumque
1063 1901 1137 1952 est,
1167 1902 1337 1942 Volscos
1359 1903 1509 1941 Herni-

201 1958 348 2011 cosque
377 1972 516 2011 parare
541 1957 693 1996 bellum
717 1957 928 1997 Romanis.
984 1957 1128 1997 Relata
1159 1972 1201 1998 re
1235 1960 1281 1998 ad
1313 1959 1509 2005 senatum,

201 2014 302 2055 adeo
324 2015 403 2054 fuit
424 2024 585 2079 gratum
613 2013 809 2067 patribus,
842 2024 886 2053 ut
924 2018 965 2054 ὅτ
1001 2015 1253 2067 captivorum
1285 2015 1349 2054 sex
1386 2017 1506 2055 millia

200 2072 358 2112 Latinis
390 2072 654 2118 remitterent,
690 2073 726 2110 ὃ(
752 2072 800 2109 de
830 2071 1002 2122 foedere,
1033 2073 1142 2124 quod
1164 2087 1287 2125 prope
1311 2073 1351 2111 in
1371 2087 1512 2126 perpe-

202 2138 322 2169 tuum
344 2138 537 2183 negatum
559 2128 708 2177 fuerat,
741 2141 826 2166 rem
855 2129 905 2167 ad
940 2142 1066 2167 novos
1096 2130 1350 2183 magistratus
1372 2130 1511 2183 iejice-

202 2196 304 2226 rent.
368 2186 586 2225 Enimvero
607 2194 695 2224 tum
720 2185 853 2223 Latini
881 2186 1055 2238 gaudere
1084 2184 1209 2234 faeno,
1242 2187 1350 2238 pacis
1372 2186 1511 2225 auCIO-

201 2258 265 2283 res
286 2243 327 2281 in
349 2243 502 2296 ingenti
524 2243 649 2296 gloria
671 2242 758 2281 effe.
824 2241 1029 2281 Coronam
1065 2256 1226 2282 auream
1248 2243 1337 2294 Jovi
1359 2244 1512 2282 donum

205 2301 247 2340 in
268 2300 517 2354 Capitolium
542 2299 721 2339 mittunt.
745 2312 840 2338 cum
862 2299 1001 2353 legatis
1022 2300 1225 2353 donoque,
1256 2300 1325 2352 qui
1342 2302 1404 2352 (2)
1421 2314 1516 2351 cap··

1339 2366 1513 2395 tivorum

209 2472 269 2503 effe
286 2472 442 2509 consuleS,
465 2472 584 2513 quibus
602 2473 736 2513 quinam
760 2470 960 2503 successerint
984 2472 1110 2503 definiri
1128 2483 1193 2503 non
1211 2472 1313 2513 possit.
1358 2472 1414 2511 (5)
1438 2473 1513 2502 Non

210 2517 283 2548 satis
301 2518 476 2547 moderata.
521 2517 577 2557 (6)
600 2516 735 2553 Addita,
759 2525 793 2548 ut
811 2517 951 2552 videtur,
977 2516 1065 2548 tribu
1085 2517 1229 2548 Claudiai.
1248 2517 1311 2547 vid.
1329 2525 1395 2546 not.
1417 2526 1444 2547 2.
1473 2518 1511 2545 ad

210 2573 237 2592 c,
253 2561 302 2592 16.
320 2560 428 2601 supra.
474 2562 529 2601 (7)
553 2561 629 2592 Vid.
648 2561 733 2592 infra
750 2572 778 2592 c.
799 2571 849 2600 27.

259 2624 298 2654 C
326 2632 376 2654 22.
401 2622 456 2663 (1)
473 2623 502 2652 h.
520 2634 550 2652 e.
575 2623 674 2653 cladis
698 2624 853 2654 memoria
874 2622 979 2654 effecit
997 2631 1032 2654 ut
1051 2634 1092 2654 ne
1108 2624 1148 2654 ab
1174 2623 1282 2664 legatis
1299 2622 1429 2662 quidem
1449 2621 1513 2651 vio-

210 2667 315 2698 landis
328 2667 521 2697 abstinerent
539 2667 660 2698 Latini.
707 2670 754 2698 Eo
772 2668 860 2698 sensu
877 2669 976 2709 alstine
1021 2670 1097 2709 aiulq
1099 2682 1138 2697 m
1156 2668 1252 2698 Livio
1269 2670 1326 2697 fem
1330 2679 1376 2707 Χιη
1384 2678 1417 2695 n
1455 2676 1500 2694 nr

210 2710 1012 2754 ffeaeztalstetficnrdlAc5918c
1042 2690 1501 2750 24140214(2‚A51)('²1

210 2759 253 2797 lg
254 2759 308 2785 atis
325 2769 359 2786 ve
369 2759 460 2786 zitnm
444 2770 487 2797 ag(
484 2769 516 2785 -ιιι
534 2759 595 2786 ιηἰῐ,
610 2759 666 2797 ugk!
660 2759 868 2796 ſs...xv1„²0,
891 2767 1007 2798 nemp(
1031 2768 1075 2787 ew
1072 2757 1149 2798 >rivi
1174 2770 1217 2795 qn:
1237 2757 1334 2796 ναξ-,17]
1351 2758 1422 2792 ,sle
1430 2760 1464 2781 κί’
1482 2767 1514 2781 «τ’

258 2802 326 2831 Τω
326 2811 351 2830 1.
372 2802 393 2830 Ι.
892 2802 900 2828 l
