1853 3158
377 284 655 330 LIBER
715 283 1053 324 VILCAP.
1113 284 1167 324 V.
1582 293 1628 336 73

192 407 243 446 V.
277 403 479 446 Omnium
502 398 636 454 potius
666 399 728 439 his
754 399 1112 447 criminationibus,
1144 397 1266 452 quam
1298 396 1415 451 ipsius
1435 405 1504 435 Filii
1520 406 1574 445 ejus

130 464 303 519 juvenis,
334 462 506 501 irritatus
545 458 601 497 est
642 458 820 497 animus:
853 458 949 510 quin
990 455 1144 506 contra,
1177 457 1213 495 se
1255 469 1414 509 quoque
1429 454 1529 493 pietas.

136 522 287 575 parenti
308 518 461 560 causam
479 516 635 554 invidiae
652 525 770 567 atque
792 515 1006 554 criminum
1027 516 1119 564 effe,
1151 528 1253 568 aegre
1275 514 1418 567 pallus,

136 584 197 632 (ut
217 591 354 618 omnes
372 575 443 615 Dii
457 572 718 625 hominesque
735 571 891 620 scirent,
923 573 960 611 se
978 573 1130 625 parenti
1147 586 1265 624 opem
1283 572 1418 619 latam,

136 635 257 690 quam
276 632 446 674 inimicis
465 632 566 685 ejus,
597 631 731 683 malle)
753 629 858 682 capit
878 630 1100 677 confilium,
1130 630 1239 669 rudis
1255 629 1420 682 quidem

134 705 254 747 atque
275 690 434 745 agrestis
455 688 592 738 animi,
625 690 663 727 &
685 700 917 740 quanquam
947 700 1027 724 non
1050 689 1110 739 (1)
1130 687 1254 726 civilis
1285 699 1420 725 exem-

136 752 205 805 pli,
225 760 358 789 tamen
371 748 516 801 pietate
536 745 746 785 laudabile.
780 744 1042 783 Inscientibus
1064 743 1237 793 cunCffls,
1255 746 1316 796 (2)
1336 743 1421 783 cul-

135 820 197 848 tro
225 806 466 852 succinerus,
499 817 614 842 mane
648 803 690 841 in
723 801 877 850 urbem,
909 811 1027 854 atque
1059 816 1079 839 a
1111 801 1222 857 porta
1254 802 1419 839 domum

135 863 345 905 confestim
374 864 422 902 ad
452 862 513 901 M.
543 860 815 913 Pomponium
837 858 1043 898 tribunum
1065 858 1215 912 pergit:
1242 858 1420 912 janitori,

135 934 219 975 opus
249 923 309 977 ff
326 919 401 974 fibi
430 920 567 959 domino
585 920 662 972 ejus
692 925 861 956 convento
892 917 1075 969 extemplo,
1107 918 1180 956 a'it.
1215 916 1422 962 nunciaret,

139 981 187 1019 T.
218 979 414 1019 Manlium
446 977 498 1016 L.
519 975 650 1030 filium
685 976 757 1030 ff.
817 975 918 1013 Mox
954 973 1223 1022 introdu&us‚
1256 972 1422 1026 (ete-nim

137 1038 333 1092 percitum
354 1036 410 1074 ira
432 1035 472 1073 in
494 1044 646 1086 patrem
662 1032 746 1085 spes
769 1042 852 1071 erat
873 1041 941 1070 aut
957 1031 1133 1071 criminis
1149 1031 1298 1083 aliquid
1315 1029 1423 1077 novi,

136 1105 205 1135 aut
224 1093 373 1134 consilii
393 1093 442 1131 ad
464 1105 547 1130 rem
569 1091 779 1145 agendam,
811 1089 984 1142 deferre)
1004 1089 1125 1128 salute
1147 1089 1309 1141 accepta
1335 1088 1425 1126 red-

137 1153 313 1205 ditaque,
345 1151 405 1206 ff'
437 1152 505 1198 a'l't,
537 1164 612 1202 quae
641 1163 722 1187 cum
756 1163 790 1186 eo
822 1163 930 1200 agere
960 1147 1115 1185 arbitris
1148 1147 1292 1185 remotis
1322 1146 1422 1184 velit.

137 1211 282 1250 Procul
313 1209 405 1247 inde
437 1206 624 1246 omnibus
658 1205 764 1244 abire
793 1204 919 1259 juffis,
950 1205 1126 1243 cultrum
1161 1203 1339 1258 stringit:
1369 1205 1426 1251 &,

139 1269 253 1322 super
273 1267 423 1306 Icelum
442 1265 546 1304 stans
564 1263 669 1302 ferro
693 1263 861 1310 intento,
883 1262 969 1312 nifi,
991 1264 1050 1316 (3)
1072 1262 1112 1300 in
1126 1276 1215 1314 quae
1237 1261 1315 1314 ipse
1332 1274 1428 1300 con-

140 1326 298 1379 cepifl'et
326 1323 462 1373 verba,
489 1323 657 1376 juraret,
675 1320 718 1374 st'
729 1321 854 1371 patris
882 1321 959 1373 ejus
990 1319 1181 1374 acczgsandi
1209 1320 1319 1358 caud
1348 1333 1429 1357 con-

138 1386 263 1423 cilium
288 1382 401 1434 plebis
430 1394 617 1432 nunquam
644 1377 873 1427 habiturum,
904 1377 941 1416 se
964 1390 1056 1416 eum
1079 1378 1279 1430 extemplo
1301 1385 1429 1415 trans-

140 1442 318 1483 fixurum
340 1438 526 1477 minatur.
586 1435 759 1474 Pavidus
788 1434 971 1474 tribunus
1006 1435 1168 1488 (quippe
1189 1434 1257 1487 qui
1277 1434 1430 1473 ferrum

141 1508 233 1538 ante
261 1497 398 1536 oculos
429 1495 591 1543 micare,
622 1492 658 1532 se
693 1492 836 1543 solum,
867 1493 1085 1540 inermem3
1118 1493 1231 1531 illum
1252 1491 1432 1545 praevali-

142 1557 241 1596 dum
268 1556 472 1609 juvenem,
519 1553 576 1600 &,
622 1552 730 1603 quod
764 1549 872 1590 haud
906 1547 1041 1589 minus
1075 1550 1299 1588 timendum
1332 1558 1430 1596 erat,

142 1612 281 1653 stolide
318 1610 494 1650 ferocem
533 1607 681 1647 viribus
722 1607 798 1647 suis
835 1610 1030 1661 cerneret)
1064 1608 1233 1661 adjurat,
1265 1607 1306 1645 in
1340 1620 1431 1659 quae

141 1670 308 1710 ada&us
328 1668 384 1707 est
405 1666 550 1713 verba3
586 1668 622 1705 8<
646 1679 726 1717 prae
748 1665 784 1703 se
802 1665 945 1703 deinde
962 1665 1067 1713 tulit,
1099 1665 1144 1703 eii
1160 1664 1197 1703 vi
1220 1663 1432 1704 subaCtum

142 1728 179 1769 se
201 1728 360 1778 incepto
391 1723 587 1764 destitiffe.
646 1722 735 1761 Nec
770 1722 948 1775 perinde,
980 1731 1024 1760 ut
1057 1722 1251 1761 maluiffet
1281 1720 1432 1775 plebes,

143 1786 212 1825 s1bi
228 1782 401 1836 suffragii
422 1781 576 1821 ferendi
597 1781 645 1819 de
666 1789 746 1818 tam
768 1779 919 1818 crudeli
938 1782 977 1819 δε
992 1778 1159 1832 superbo
1179 1793 1247 1818 reo
1264 1778 1435 1833 potesta-

141 1853 224 1883 tem
264 1840 376 1887 fieri3
409 1839 462 1878 ita
499 1852 602 1893 aegre
637 1836 777 1876 habuit
818 1839 895 1890 (4),
928 1836 1056 1875 filium
1090 1836 1129 1876 id
1163 1851 1236 1890 pro
1270 1845 1433 1890 parente

145 1900 296 1941 ausum.
328 1911 455 1950 eoque
495 1896 534 1935 id
571 1895 809 1934 laudabilius
844 1904 943 1943 erat,
986 1891 1096 1947 qubd
1128 1895 1308 1933 animum
1347 1895 1435 1948 ejus

146 1968 253 1999 tanta
289 1955 481 1996 acerbitas
512 1953 638 2007 patria
674 1952 772 1991 nihil
801 1967 822 1991 a
850 1952 996 2005 pietate
1027 1952 1232 1991 avertisset.
1294 1952 1435 2004 Itaque

144 2030 226 2056 >non
249 2014 349 2068 patri
372 2011 494 2051 mode
521 2011 673 2050 rcmiffa
705 2009 831 2050 causae
862 2010 988 2049 difflo
1016 2009 1087 2057 est,
1120 2009 1184 2048 sed
1214 2009 1282 2062 ipfi
1315 2009 1436 2048 etiam

146 2070 382 2114 adolescenti
404 2084 449 2109 ea
468 2084 530 2109 res
549 2068 692 2107 honori
713 2067 802 2109 fuit.
839 2070 879 2108 δι
902 2081 1028 2120 quum
1050 2081 1098 2106 eo
1127 2081 1231 2106 anno
1257 2065 1436 2120 primum

142 2130 362 2188 placuisset,
393 2127 574 2168 tribunos
590 2126 763 2165 militum
787 2129 845 2181 (5)
867 2126 916 2164 ad
938 2124 1114 2180 legiones
1129 2124 1315 2180 suffragio
1333 2124 1437 2174 fieri,

1325 2185 1438 2236 (nam

197 2307 232 2337 C.
248 2314 277 2343 5.
300 2304 352 2344 (1)
377 2299 592 2338 Abhorrcntis
618 2301 658 2333 ab
681 2299 717 2331 iis
734 2289 866 2343 leffibus,
887 2300 1005 2342 quibus
1021 2299 1122 2332 civilis
1139 2299 1269 2331 societas
1294 2298 1438 2330 contine-

151 2359 214 2381 tur.
262 2350 315 2391 (2)
340 2350 385 2378 Ita
394 2350 636 2388 flacilzfitcsserro
653 2346 736 2382 ,infra
754 2347 772 2375 l.
790 2355 840 2383 40.
857 2357 882 2376 c.
902 2355 929 2384 7.
946 2349 1040 2388 gladio
1055 2348 1193 2376 adct'nffius
1216 2346 1234 2375 l.
1254 2355 1309 2382 40.
1335 2355 1361 2375 ΕΔ
1383 2353 1437 2383 13.

151 2399 206 2435 (3)
231 2395 320 2424 Ordo
337 2393 388 2428 est,
411 2393 578 2434 nyijuraret
595 2395 623 2423 in
639 2392 735 2426 verba,
760 2404 817 2431 quae
833 2392 887 2432 ips}³
902 2392 1059 2433 coneepiſj'et.
1105 2392 1152 2421 lta
1175 2401 1250 2422 mox
1270 2389 1367 2426 inl-rii,
1388 2391 1438 2418 ad-

142 2445 228 2481 jurat
245 2443 270 2468 in
285 2450 342 2479 qnae
357 2440 468 2466 adaHus
485 2437 518 2479 fst
532 2437 627 2465 verba.
646 2435 743 2476 supr&
758 2435 776 2465 l.
796 2445 822 2473 3.
845 2447 870 2465 c.
897 2445 949 2466 20.
972 2449 1050 2476 quum
1067 2448 1153 2465 omues
1169 2438 1197 2464 in
1220 2436 1439 2476 verbajurczve-

153 2493 219 2515 rmt.
250 2485 279 2512 δὲ
297 2481 372 2516 alibi
390 2482 481 2521 saepe.
526 2481 580 2519 (4)
606 2480 655 2510 Sic
665 2483 788 2521 gravius
804 2493 875 2520 aequo
892 2481 989 2509 hahere
1006 2481 1076 2511 Sall.
1092 2480 1125 2510 in
1144 2481 1216 2511 Cat.
1234 2489 1321 2518 051.
1368 2478 1440 2509 Ple·

153 2531 207 2559 bes
230 2539 294 2558 non
312 2537 393 2568 aegre
414 2525 487 2556 tulit
505 2525 605 2554 filium
628 2535 688 2565 pro
708 2531 841 2565 parente
855 2524 914 2554 hoc
937 2525 1067 2561 ausum3
1091 2524 1163 2563 licet
1180 2523 1359 2554 maluissent
1376 2523 1438 2555 &c-

143 2576 208 2615 (j)
232 2575 278 2604 lta
292 2572 358 2603 Cic.
373 2571 406 2601 {ss
423 2571 529 2600 Somn.
544 2569 625 2610 Scip.
647 2568 679 2599 in
698 2568 832 2610 princip.
879 2570 975 2612 va
992 2572 1020 2598 in
1037 2572 1170 2610 Africum
1187 2569 1312 2611 venffm
1331 2591 1338 2598 .
1358 2591 1365 2598 .
1381 2591 1388 2598 .
1404 2571 1442 2598 ad

151 2627 281 2659 quartam
294 2619 419 2658 legionem
434 2616 559 2644 tribunus
576 2616 701 2643 militum.
750 2614 870 2643 ‘Tribuni
886 2616 1002 2643 militum
1025 2617 1064 2644 ad
1076 2617 1186 2655 legiones
1215 2614 1287 2644 sunt
1316 2612 1439 2644 tribuni

144 2664 292 2693 'militum
310 2659 484 2701 legionarii,
508 2666 543 2688 ut
565 2658 798 2699 distinguantur
815 2669 832 2687 a
850 2657 988 2688 tribunis
1004 2658 1144 2689 militum
1160 2657 1319 2688 consulari
1335 2657 1441 2699 potes-

156 2716 219 2738 tate
237 2717 340 2747 nuper
362 2704 534 2745 abrogatis.
582 2705 627 2733 Ita
644 2706 742 2732 milites
759 2705 796 2731 ad
808 2715 904 2738 naves,
926 2702 997 2732 sunt
1015 2703 1153 2735 navales.
1179 2701 1334 2739 classiarii,
1355 2701 1442 2732 inssi

155 2754 173 2782 l.
194 2762 245 2785 22.
264 2765 291 2784 c.
318 2760 365 2792 19.
415 2752 471 2780 Sex
489 2756 596 2780 autem
612 2748 646 2778 in
670 2757 858 2788 unaquaque
884 2747 1006 2789 legione
1031 2747 1157 2779 tribuni
1176 2746 1316 2778 militum
1339 2753 1442 2782 erant,

1354 2799 1440 2830 nque
