1832 3137
360 243 641 285 LIBER
702 242 754 282 IL
815 245 994 289 CAP.
1056 249 1211 291 XXIII.

156 355 264 410 tigiis
293 355 513 395 verberum.
576 355 643 394 Ad
664 355 749 395 haec
783 357 861 397 visa
897 360 1110 414 auditaque
1132 364 1282 403 clamor
1303 364 1442 419 ingens

155 414 294 453 oritur.
354 413 450 451 Non
476 413 560 466 jam
583 411 671 452 foro
703 413 740 452 se
762 417 957 456 tumultus
979 419 1173 470 continet,
1205 420 1269 460 sed
1305 423 1442 475 passim

157 479 282 509 totam
310 469 448 509 urbem
474 470 664 522 pervadit.
725 471 845 510 Nexu
868 475 927 526 (5)
950 475 1074 515 vineti
1097 476 1291 531 solutique
1309 479 1345 518 se
1368 494 1443 518 un-

155 528 275 580 dique
292 527 331 565 in
354 526 558 580 publicum
573 528 813 581 proripiunt,
836 529 1048 583 implorant
1065 534 1287 591 Qiritium
1306 536 1439 576 fidem.

154 584 279 624 Nullo
308 586 396 624 loco
417 584 522 624 deest
550 584 750 625 seditionis
784 587 1031 628 voluntarius
1053 593 1112 645 (6)
1136 606 1281 632 comes.
1306 595 1441 634 multis

152 641 287 694 paflim
323 641 548 696 agminibus
582 656 651 695 per
685 657 825 683 omnes
858 645 940 684 vias
976 657 1069 685 cum
1101 649 1272 689 clamore
1305 651 1344 689 in
1382 652 1442 691 fo-

153 713 244 738 rum
277 700 462 739 curritur.
523 700 677 754 Magno
707 715 801 740 cum
833 702 1011 754 periculo
1038 704 1121 752 suo,
1153 707 1221 757 qui
1244 706 1345 747 forte
1366 709 1441 747 Pa-

152 766 260 796 trum
294 757 335 796 in
366 757 453 796 foro
474 767 601 806 erant,
632 757 672 795 in
694 772 782 797 eam
804 759 963 798 turbam
985 761 1222 802 inciderunt.
1246 778 1319 804 nec
1341 778 1441 804 tem-

151 824 334 866 peratum
371 814 554 854 manibus
587 814 704 863 foret,
748 816 789 855 ni
824 831 991 870 propere
1032 819 1229 870 consules,
1272 821 1317 860 P.
1351 823 1441 862 Ser-

151 871 267 911 vilius
306 875 346 913 &
381 873 460 926 Ap.
497 872 705 921 Claudius,
741 875 790 913 ad
827 875 1170 928 comprimendam
1208 877 1441 919 seditionem

150 928 456 969 intervenissent.
531 930 579 968 In
613 944 680 970 eos
711 932 927 972 multitudo
963 933 1085 982 versa,
1127 934 1322 975 ostentare
1357 938 1443 976 vin-

150 987 240 1026 cula
276 987 343 1027 sua
379 987 755 1041 deformitatemque
792 990 921 1029 aliam.
968 991 1085 1031 ⁴Haec
1118 991 1154 1030 se
1188 993 1351 1032 meritos
1383 995 1442 1033 di-

148 1057 257 1094 cere,
302 1044 586 1099 exprobrantes
627 1045 737 1085 suam
771 1047 937 1100 quisque
974 1049 1074 1087 alius
1113 1049 1204 1088 alibi
1245 1050 1440 1091 militiam.

148 1100 352 1142 Postulare
389 1100 519 1142 multo
551 1103 759 1143 minaciter
794 1106 937 1159 magis,
970 1104 1092 1158 quam
1123 1107 1365 1160 suppliciter,
1397 1120 1442 1148 ut

148 1158 328 1199 senatum
360 1171 571 1201 vocarent:
603 1161 836 1216 curiamque
867 1163 951 1216 ipfi,
983 1162 1109 1203 futuri
1140 1165 1275 1204 arbitri
1304 1167 1441 1206 mode-

147 1218 373 1271 ratoresque
407 1218 555 1272 publici
593 1219 757 1269 eonfilii,
795 1220 1098 1261 circumfistunt.
1150 1223 1270 1262 Pauci
1303 1224 1441 1263 admo-

147 1275 245 1313 dum
281 1275 465 1327 Patrum‚
500 1291 600 1330 quos
637 1276 747 1316 casus
783 1277 997 1328 obtulerat,
1030 1280 1225 1319 contracti
1262 1281 1310 1319 ad
1345 1296 1441 1320 con-

148 1331 272 1372 sules:
304 1343 456 1374 ceteros
477 1345 607 1374 metus
637 1348 717 1374 non
739 1334 848 1374 curia
867 1333 1008 1386 modo,
1041 1336 1105 1376 sed
1127 1337 1245 1376 etiam
1268 1337 1356 1377 foro
1379 1353 1440 1378 ar-

147 1390 272 1429 cebat.
294 1405 367 1430 nec
389 1392 451 1445 agi
471 1392 687 1444 quicquam
709 1407 778 1445 per
801 1395 858 1446 (7)
881 1393 1193 1446 infrequentiam
1214 1405 1368 1448 poterat
1383 1396 1440 1436 se-

147 1447 278 1488 natus.
318 1449 429 1487 Tum
445 1446 541 1488 vero
559 1450 666 1488 eludi
681 1460 800 1502 atque
822 1453 882 1504 (8)
904 1450 1057 1490 extrahi
1074 1452 1110 1491 se
1128 1452 1345 1492 multitudo
1362 1468 1437 1506 pu-

146 1514 255 1553 tare3
291 1509 346 1554 δε,
376 1506 543 1545 Patrum
566 1507 634 1559 qui
661 1507 846 1556 abessent,
879 1522 960 1547 non
981 1508 1086 1557 casu,
1118 1523 1199 1548 non
1221 1520 1347 1558 metu,
1369 1511 1435 1551 sed

146 1562 412 1616 impediendae
433 1564 489 1602 rei
511 1565 629 1603 causa
665 1564 803 1613 abeffe,
836 1567 875 1605 &
909 1565 1090 1605 consules
1112 1566 1214 1619 ipsos
1246 1568 1436 1621 tergiver-

146 1619 243 1669 sari3
275 1635 348 1660 nec
381 1618 500 1660 dubie
523 1621 694 1660 ludibrio
730 1622 804 1661 effe
832 1622 1008 1661 miserias
1039 1623 1138 1663 suas.
1199 1625 1289 1676 Jam
1312 1640 1435 1678 prope

144 1687 242 1728 erat,
272 1688 316 1716 ut
341 1692 390 1717 ne
418 1678 627 1718 consulum
650 1679 813 1731 quidem
839 1680 1022 1734 majestas
1044 1685 1247 1720 coerceret
1267 1683 1343 1721 iras
1363 1682 1436 1722 ho-

142 1735 311 1774 minum.
344 1746 486 1788 quum,
518 1736 672 1784 incerti,
704 1737 914 1785 morando,
946 1752 995 1776 an
1016 1738 1227 1788 veniendo,
1249 1740 1339 1792 plus
1367 1755 1436 1793 pe-

138 1793 256 1832 riculi
278 1792 572 1841 contraherent,
594 1795 756 1833 tandem
771 1793 811 1832 in
826 1794 1005 1833 senatum
1025 1796 1215 1836 veniunt:
1247 1796 1434 1850 frequen-

141 1850 251 1903 tique
285 1852 447 1890 tandem
470 1851 593 1900 curia,
625 1866 706 1890 non
742 1849 866 1891 modo
889 1855 949 1905 (9›
973 1852 1075 1892 inter
1096 1854 1250 1905 Patres,
1283 1854 1349 1894 sed
1383 1870 1434 1895 ne

141 1908 440 1948 interconsules
462 1909 625 1961 quidem
648 1908 766 1962 ipsos,
799 1909 888 1949 satis
923 1910 1196 1950 conveniebat.
1258 1912 1433 1965 Appius,

140 1965 387 2005 vehementis
421 1966 570 2020 ingenii
606 1967 679 2014 vir,
711 1967 879 2019 imperio
902 1967 1096 2006 consulari
1128 1983 1213 2008 rem
1236 1970 1433 2023 agendam

139 2022 347 2063 censebat:
379 2038 459 2063 uno
481 2034 549 2063 aut
578 2025 701 2063 altero
723 2033 894 2077 arrepto,
927 2025 1133 2077 quieturos
1150 2027 1260 2066 alios.
1301 2027 1434 2066 Servi-

139 2080 231 2127 lius,
275 2081 429 2120 lenibus
465 2082 650 2122 remediis
684 2082 826 2134 aptior,
869 2083 1088 2123 concitatos
1124 2084 1278 2123 animos
1308 2084 1432 2136 fleffi,

137 2140 262 2191 quam
291 2138 436 2194 frangi,
468 2139 631 2192 putabat
653 2153 779 2193 quum
801 2139 941 2191 tutius,
972 2150 1059 2181 tum
1082 2140 1252 2191 facilius,
1284 2142 1372 2181 effe.

140 2255 259 2287 Usuras
284 2256 349 2287 tabi
367 2265 543 2298 comparat,
566 2259 655 2298 quod
681 2258 822 2289 similiter
850 2266 996 2299 utraeque
1028 2259 1216 2300 proserpant
1235 2259 1265 2289 Sc
1284 2259 1429 2301 proxima

138 2300 279 2331 iraham.
318 2302 374 2341 (5)
397 2304 483 2332 Nesca
499 2305 587 2333 vinHi
606 2303 676 2334 sunt
694 2303 715 2333 ii
744 2303 799 2344 qui
826 2311 895 2334 tum
921 2304 993 2334 nexi
1019 2312 1130 2334 erant:
1156 2318 1226 2334 nexu
1242 2306 1340 2344 soluti,
1363 2305 1430 2344 qui,

135 2355 238 2385 quum
256 2345 331 2375 olim
349 2342 478 2386 quidem
494 2346 527 2377 in
544 2347 673 2378 vincula
690 2348 756 2379 dati
774 2347 914 2385 fument,
937 2348 1086 2379 dissoluto
1103 2360 1164 2379 aere
1182 2349 1285 2379 alieno
1302 2349 1429 2380 liberati

138 2391 274 2420 fuerant.
322 2393 419 2421 Nexus
433 2392 474 2422 est
486 2402 584 2432 genus
597 2392 800 2434 obligationis
813 2393 923 2429 civilis,
939 2394 1003 2433 qu&
1019 2404 1136 2434 corpus
1149 2393 1244 2424 etiam
1261 2401 1296 2424 ut
1314 2394 1428 2434 pignus

136 2430 283 2465 afficitur.
328 2436 382 2475 (6)
408 2436 472 2479 Qi
496 2437 584 2467 nulla
613 2437 729 2478 injuri‘a*⁴
752 2437 816 2478 ipse
844 2438 998 2468 lacessitus
1021 2438 1072 2468 est.
1122 2437 1171 2468 Sic
1189 2438 1253 2469 Cic.
1270 2448 1330 2479 pio
1347 2440 1428 2469 Sext.

136 2481 478 2523 'V'oluntarz'osjbrtiſjz'mis
488 2489 568 2522 atque
578 2486 685 2523 optimis
699 2484 802 2512 civibus
814 2486 964 2523 periculum
978 2485 1075 2513 moliri.
1093 2484 1126 2512 E.
1149 2484 1204 2523 (7)
1229 2485 1272 2513 Ut
1290 2483 1427 2513 senatus-

133 2525 317 2555 consultum
330 2524 388 2554 rite
402 2525 502 2562 fieret,
518 2534 640 2557 certum
658 2527 819 2567 quendam
836 2527 1018 2558 senatorum
1031 2538 1200 2558 numerum
1214 2526 1314 2557 adeffe
1331 2538 1426 2568 opor-

134 2570 232 2599 tebat.
276 2569 331 2609 (8)
354 2572 391 2600 Se
408 2569 518 2600 diferri
536 2571 597 2601 sive
614 2570 646 2601 in
663 2571 750 2602 aliud
766 2579 891 2612 tempus
905 2572 1000 2613 rejici.
1046 2572 1165 2613 Saepius
1185 2579 1291 2602 autem
1308 2571 1426 2602 dicitur

133 2621 233 2655 tempus
245 2616 368 2651 eac-trahi,
383 2622 437 2645 aut
455 2629 497 2645 res
517 2618 640 2652 extrahi,
662 2620 759 2656 quam
769 2619 894 2658 persona.
940 2620 985 2647 At
1009 2617 1099 2647 limili
1116 2617 1212 2646 modo
1226 2616 1356 2657 usurpat
1373 2616 1427 2645 Li-

134 2658 205 2688 vius
227 2658 361 2690 verbum
377 2662 489 2700 diftrri,
512 2660 597 2693 infra
620 2661 638 2691 l.
657 2661 706 2693 26.
732 2672 756 2691 c.
773 2671 825 2699 51.
842 2662 873 2692 ἅτ
890 2661 975 2693 alibi.
999 2664 1033 2692 E.
1079 2662 1134 2704 (9)
1157 2660 1231 2691 Vid.
1251 2669 1315 2691 not.
1336 2671 1359 2690 1.
1386 2658 1425 2690 ad

133 2712 159 2732 t.
178 2713 227 2740 47.
245 2704 262 2734 l.
284 2713 308 2734 1.
336 2704 440 2745 supra.

763 2749 781 2787 1
816 2762 835 2789 2
1128 2746 1283 2790 XXIV.
1316 2748 1423 2787 Inter
