1853 3158
131 266 211 306 204

129 372 169 402 U.
182 381 206 401 c.
222 380 293 409 301.

128 418 168 446 A.
183 418 217 447 C.
231 427 269 454 45
278 426 290 446 1
300 438 306 444 .

128 463 166 492 P.
175 459 332 497 Curiatio,

127 508 198 536 Sex.
209 505 330 548 Qinc-

126 550 197 582 tilio
215 550 295 583 Coff.

124 845 169 875 U.
184 854 212 875 e.
228 852 304 883 302.

124 892 170 921 A.
194 891 232 920 C.
250 898 327 927 450.

126 936 166 965 C.
191 936 305 964 lvlene·

121 979 190 1019 pin,
207 981 243 1010 P.
255 979 320 1012 Sel?-

126 1023 172 1055 zio
187 1023 271 1056 Coff.

126 1473 246 1502 Decrmv
250 1474 259 1502 i
262 1474 290 1502 ri

124 1520 221 1548 creati.

813 252 1183 296 T.L1v·11

349 377 542 421 perpetuo
578 367 730 408 silentio
766 368 1046 410 tribunorum:
1088 370 1198 424 quod
1228 369 1365 425 primo
1402 370 1642 424 legatorum,

349 426 417 478 qui
441 425 622 466 Athenas
644 427 787 477 ierant,
822 427 1037 481 legumque
1064 428 1368 484 ‘peregrinarum
1399 427 1642 482 exspeetatio

348 483 543 536 praebuit3
588 485 682 523 dein
716 485 797 523 duo
834 485 947 524 fimul
983 487 1086 526 ma‘la
1121 486 1298 541 ingentia
1328 495 1479 534 exorta,
1516 485 1643 527 fame·

347 540 667 594 pestilentiaque,
698 541 809 582 foeda
829 542 1002 593 homini,
1033 543 1142 584 foeda
1163 543 1310 597 pecori.
1373 543 1527 583 Vastati
1558 544 1642 599 agri

347 598 464 638 sunt:
508 598 601 639 urbs
631 599 788 640 assiduis
818 600 1007 641 exhausta
1028 601 1264 650 funeribus;
1296 602 1434 641 multae
1457 604 1497 642 &
1526 602 1643 641 clarae

346 656 536 710 lugubres
571 660 631 712 (1)
663 659 819 699 domus.
881 659 1046 699 Flamen
1068 660 1290 717 Qirinalis
1309 659 1395 700 Ser.
1429 659 1643 699 Cornel'ms

346 726 557 764 mortuus3
594 730 721 770 augur
755 715 802 756 C.
824 717 1020 757 Horatius
1043 717 1262 757 Pulvillus:
1298 717 1338 756 in
1361 717 1476 772 cujus
1507 718 1642 757 locum

346 771 393 811 C.
418 772 635 813 Veturium
668 787 715 814 eo
748 788 799 818 cu
830 772 950 824 idius,
984 774 1078 830 quia
1112 776 1324 817 damnatus
1345 789 1367 813 a
1397 774 1511 829 plebe
1543 784 1645 825 erat,

346 844 517 884 augures
552 832 695 885 legere.
761 789 953 872 Nssrtuus
989 831 1127 872 consul
1163 832 1428 889 Qine'tilius,
1471 842 1645 885 quatuor

344 888 495 927 >tribuni
516 889 654 945 plebis.
707 889 929 944 Multiplici
947 891 1058 929 clade
1080 889 1257 930 foedatus
1279 904 1420 930 annus.
1453 889 1501 929 ab
1531 889 1644 929 hoste

347 946 476 985 otium
498 946 588 986 fuit.
621 947 713 986 inde
735 946 916 987 consules
938 948 985 988 C.
1009 948 1245 996 Menenius,
1281 948 1327 987 P.
1350 947 1500 988 Sestius
1523 948 1645 1001 Capi-

347 1004 509 1044 tolinus.
570 1003 716 1057 Neque
752 1018 800 1044 eo
835 1019 942 1045 anno
978 1005 1195 1059 quicquam
1233 1004 1326 1045 belli
1361 1005 1517 1045 externi
1553 1005 1645 1046 fuit.

347 1061 456 1101 domi
479 1070 613 1104 motus
634 1061 725 1102 orti.
783 1062 874 1114 Jam
896 1063 1096 1103 redierant
1117 1063 1236 1117 legati
1262 1076 1355 1102 curn
1378 1062 1526 1103 Atticis
1547 1063 1645 1117 legi-

345 1118 433 1159 hus.
466 1133 514 1158 eo
535 1117 729 1158 intentius
751 1119 949 1161 instabant
974 1120 1140 1169 tribuni,
1172 1130 1216 1159 ut
1237 1121 1400 1165 tandem
1422 1119 1647 1160 scribenda-

345 1190 438 1216 rum
465 1177 600 1230 legum
621 1176 781 1216 initium
804 1176 930 1221 fieret.
991 1178 1128 1218 Placet
1144 1177 1268 1217 creari
1290 1178 1539 1219 decemviros
1566 1178 1647 1217 fine

346 1234 648 1287 provocatione,
682 1237 723 1275 &
745 1248 796 1274 ne
817 1235 908 1287 quis
929 1249 977 1275 eo
1006 1249 1114 1276 anno
1136 1235 1237 1275 alius
1258 1235 1512 1290 magistratus
1537 1235 1645 1274 effet.

346 1291 731 1332 Admiscerenturne
767 1292 926 1346 plebeii,
969 1294 1235 1333 controversia
1270 1293 1518 1346 aliquamdiu
1554 1291 1645 1332 fuit.

342 1348 550 1403 postremo
584 1348 811 1390 concessum
832 1350 1034 1401 Patribus,
1065 1352 1190 1391 modo
1212 1365 1262 1390 ne
1289 1353 1348 1405 (2)
1380 1352 1443 1390 lex
1465 1350 1577 1396 Icilia
1598 1351 1647 1391 de

347 1407 572 1458 Aventino,
605 1408 772 1461 aliaeque
796 1410 856 1462 (3)
877 1408 1037 1448 sacratce
1058 1410 1166 1463 leges
1187 1408 1488 1463 abrogarentur.

404 1465 606 1508 XXXIII.
652 1466 775 1506 Anno
792 1468 1069 1506 trecentesimo
1092 1468 1216 1507 altero
1250 1468 1325 1520 (1),
1345 1465 1468 1519 quam
1486 1466 1648 1506 condita

347 1524 484 1567 Roma
505 1534 605 1573 erat,
638 1524 784 1565 iterum
806 1534 986 1565 mutatur
1001 1524 1133 1565 forma
1150 1523 1334 1573 civitatis,
1357 1523 1405 1564 ab
1422 1523 1651 1565 consulibus

344 1582 395 1621 ad
412 1582 674 1630 decemviros,
697 1583 1041 1635 quemadmodum
1059 1582 1107 1622 ab
1124 1582 1286 1637 regibus
1300 1581 1391 1622 ante
1405 1583 1455 1622 ad
1467 1581 1651 1622 consules

346 1649 522 1688 venerat,
545 1639 730 1679 transsato
751 1640 934 1693 imperio.
979 1640 1126 1680 Minus
1147 1640 1324 1695 insignis,
1347 1639 1441 1693 quia
1458 1654 1540 1679 non
1561 1640 1651 1679 diu-.-

344 1707 480 1745 turna,
503 1697 673 1736 mutatio
691 1696 782 1736 fuit.
813 1698 902 1737 laeta
924 1698 1033 1740 enim
1062 1698 1256 1752 principia
1277 1696 1532 1752 magistratus
1563 1698 1650 1753 ejus

348 1755 469 1795 nimis
483 1755 732 1795 luxuriavere
751 1758 825 1809 (2).
847 1770 894 1795 eo
912 1754 1032 1796 citius
1046 1756 1150 1810 lapsa
1167 1770 1229 1795 res
1246 1755 1320 1806 est,
1339 1755 1653 1809 repetitumque,

346 1812 506 1859 duobus
538 1813 596 1853 uti
625 1814 882 1853 mandaretur
914 1813 1123 1859 consulum
1157 1828 1307 1853 nomen
1338 1813 1648 1868 imperiumque.

347 1871 582 1911 Decemviri
604 1870 725 1910 creati
750 1872 829 1925 Ap.
848 1871 1059 1923 Claudius,
1089 1872 1141 1911 T.
1162 1872 1389 1920 Genucius,
1419 1871 1465 1911 P.
1483 1870 1650 1921 Sestius,

347 1929 398 1969 L.
418 1929 626 1975 Veturius,
649 1928 696 1969 C.
711 1929 860 1981 Julius,
885 1930 936 1970 A.
952 1930 1147 1979 Manlius,
1168 1929 1486 1983 Ser.Sulpicius,
1508 1930 1552 1969 P.
1568 1928 1652 1970 Cu..

348 1986 503 2034 liutius,
523 1987 576 2025 T.
592 1987 814 2038 Romilius,
841 1987 910 2041 Sp.
925 1987 1166 2028 Postumius.
1199 1988 1371 2028 Claudio
1388 1989 1427 2027 &
1446 1986 1650 2036 Genucio,

350 2045 444 2097 quia
471 2044 662 2098 designati
694 2044 875 2085 consules
909 2046 950 2084 in
971 2060 1065 2084 eum
1098 2060 1249 2087 annum
1262 2045 1443 2094 fuerant,
1473 2058 1547 2099 pro
1578 2044 1652 2090 hoff

350 2116 448 2141 nor-e
481 2102 611 2141 honos
648 2102 852 2142 redditus:
890 2106 930 2143 &
962 2103 1090 2144 Sestio
1125 2104 1236 2143 alteri
1265 2103 1477 2144 consulum
1505 2102 1651 2156 prioris

349 2160 460 2208 anni,
498 2158 609 2212 quod
639 2174 728 2199 eam
762 2174 846 2199 rem
867 2162 1019 2215 collega
1050 2162 1175 2201 invito
1198 2162 1246 2200 ad
1277 2161 1415 2201 Patres
1447 2161 1650 2201 retulerat.

349 2217 430 2260 His
452 2217 623 2271 proximi
643 2217 769 2257 habiti
800 2219 919 2273 legati
940 2228 1034 2267 tres,
1067 2219 1135 2272 qui
1159 2218 1341 2260 Athenas
1362 2219 1501 2257 ierant.
1536 2218 1652 2268 simul

352 2285 396 2315 ut
419 2290 490 2328 pro
511 2276 708 2329 legatione
727 2286 808 2315 tarn
826 2277 1045 2331 longinqua
1062 2277 1227 2330 praemio
1244 2278 1336 2316 esset
1355 2276 1505 2316 honos:
1537 2276 1652 2319 simul

347 2334 500 2387 peritos
522 2335 658 2387 legum
679 2334 981 2387 peregrinarum
1004 2336 1052 2374 ad
1075 2335 1283 2374 condenda
1314 2348 1416 2374 nova
1441 2335 1532 2390 jura
1564 2333 1652 2377 usui

351 2391 438 2433 fore
475 2390 702 2431 credebant.
766 2391 1010 2446 Supplex-ere
1047 2393 1167 2432 ceteri
1198 2406 1427 2432 numerum.
1493 2392 1652 2436 Graves

351 2464 514 2503 quoque
536 2458 650 2499 aetate
667 2449 818 2489 eleetos
840 2450 1054 2490 novistimis
1077 2450 1271 2505 suffragiis
1293 2449 1446 2500 ferunt,
1477 2464 1558 2503 quo
1575 2449 1651 2495 mi÷

1602 2505 1616 2518 χ

1568 2522 1646 2547 nus

398 2624 434 2655 C.
453 2633 503 2662 32.
536 2624 592 2664 (Ι)
613 2626 646 2654 In
664 2624 765 2660 luein,
791 2624 832 2655 ob
858 2624 988 2657 suorum
1006 2633 1134 2657 mortes.
1166 2625 1221 2668 (2)
1236 2626 1285 2656 De
1301 2624 1366 2666 qua
1381 2623 1444 2655 vid.
1461 2634 1530 2666 cap.
1553 2634 1649 2666 praec.

348 2669 408 2709 ¹(3)
424 2670 473 2699 De
490 2668 607 2709 quibus
625 2669 686 2699 vid.
704 2677 770 2699 not.
787 2680 815 2708 4.
832 2671 872 2700 ad
890 2681 914 2701 c.
936 2680 986 2710 33.
1013 2672 1031 2701 1.
1054 2681 1080 2702 2.

399 2732 435 2761 C.
456 2741 506 2770 33.
532 2732 587 2771 (1)
604 2731 713 2762 Potius
731 2732 951 2773 trecentesimo
969 2732 1075 2769 tertio,
1098 2733 1149 2763 vel
1166 2732 1304 2763 secundo
1320 2739 1463 2763 exeunte.
1511 2731 1566 2772 (2)
1586 2731 1649 2761 Ini-

350 2774 397 2808 *aa
413 2776 480 2818 ejus
503 2775 588 2809 bona
610 2785 707 2819 atque
725 2777 823 2808 fausta
840 2776 905 2808 cito
931 2777 1055 2810 verffire
1083 2777 1116 2810 in
1133 2777 1220 2809 illam
1243 2788 1314 2819 quae
1332 2777 1484 2820 prospera
1502 2775 1652 2851 comitari,

1569 2823 1601 2853 lo
1615 2828 1647 2852 et

1698 3014 1842 3158 ᾼ
