1853 3158
133 1445 317 1500 solvendae
352 1446 554 1484 tribunicia*
586 1445 769 1499 potcstatis
796 1456 867 1497 per
906 1447 1123 1499 collegarum
1159 1448 1444 1503 intercffonem.

320 247 354 290 L
387 250 469 290 113
500 249 533 290 E
565 249 605 289 R
665 249 741 290 IV.
803 249 838 290 C
872 251 910 290 A
940 250 985 291 P.
1049 248 1244 289 XLVIII.
1573 259 1649 301 321·

136 363 189 403 A.
212 362 451 418 Sempronio
483 363 670 403 Atratino
703 362 887 414 tertium,
921 365 959 404 &
997 362 1154 403 duobus
1188 365 1335 404 iterum
1366 363 1428 403 M.
1450 371 1489 400 U.
1506 378 1532 399 c.
1550 377 1628 408 339.

135 417 297 475 Papirio
315 422 558 475 Mugillano,
585 423 621 460 8(
641 419 711 473 Sp.
732 420 886 459 Nautio
904 422 1063 471 Rutilo,
1093 422 1303 461 biennium
1324 432 1432 461 tran·
1449 418 1490 445 A.
1508 414 1544 443 C.
1562 422 1635 451 413³

137 480 272 531 quillae
300 489 471 519 externae
505 490 582 525 res,
623 476 818 516 discordia
851 479 961 517 domi
992 493 1041 519 ex
1077 480 1240 534 agrariis
1279 479 1432 534 legibus
1450 459 1655 533 ssosfffpgg,

138 535 229 575 fuit.

194 592 389 632 XLVIII.
418 591 664 631 Turbatores
699 592 809 646 vulgi
841 601 953 631 erant
985 595 1047 646 (1)
1066 592 1203 646 Spurii
1232 594 1434 634 Maecilius
1451 546 1603 634 Ξῖβὲῗξ
1623 604 1658 622 ³³⁶

137 649 328 702 quartum
352 651 391 689 &
410 649 596 688 Metilius
618 646 782 688 tertium
804 648 954 688 tribuni
976 649 1117 702 plebis,
1149 650 1267 690 ambo
1289 655 1350 706 (2)
1368 651 1435 691 ab·
1452 639 1659 715 ‘b'g'“'³²³l⁶g²’

139 706 266 746 sentes
282 705 416 745 creati.
448 708 486 746 &
506 720 633 759 quum
649 706 898 760 rogationem
926 708 1252 760 promulgassent,
1283 719 1327 747 ut
1343 722 1437 763 ager
1472 698 1510 715 Μ’

140 778 187 803 ex
215 762 393 802 hostibus
424 772 564 816 captus
584 763 734 802 viritim
766 762 1023 812 divideretur,
1055 777 1292 818 magnaeque
1314 766 1438 818 partis

139 820 334 860 nobilium
364 833 412 859 eo
444 819 647 873 plebiscito
669 819 968 873 publicarentur
983 819 1184 869 fortunae3
1217 825 1307 875 (nec
1329 824 1439 862 enim

139 877 266 917 ferme
289 878 507 929 quicquam
536 876 634 931 agri,
666 886 710 915 ut
737 876 778 914 in
807 876 904 916 urbe
924 877 1054 916 alieno
1076 877 1157 917 solo
1190 879 1328 931 posita,
1357 894 1440 919 non

140 934 260 974 armis
291 944 450 987 partum
471 942 578 981 erat3
612 935 674 986 (3)
706 947 794 981 nec,
827 934 935 986 quod
963 934 1126 973 veniffet
1156 935 1440 990 aflignatumve

140 990 298 1044 publice
320 991 429 1040 esset,
461 999 728 1043 praeterquam
750 989 861 1043 plebs
882 990 1070 1046 habebat)
1098 1002 1211 1031 atrox
1239 993 1345 1046 plebi
1364 994 1442 1033 Pa-

140 1047 344 1100 tribusque
358 1047 604 1100 propofitum
621 1047 829 1086 videbatur
846 1057 1048 1087 certamen
1064 1063 1072 1088 ε
1104 1062 1178 1089 nec
1199 1050 1349 1090 tribuni
1367 1051 1443 1090 mi-

140 1104 273 1152 litum,
305 1117 413 1143 nunc
435 1105 476 1142 in
498 1104 651 1154 senatu,
673 1118 781 1143 nunc
805 1107 865 1158 (4)
888 1105 928 1143 in
951 1105 1129 1145 conciliis
1151 1107 1313 1160 privatis
1335 1108 1445 1161 prin-

142 1161 279 1214 cipum
316 1161 518 1214 cogendis,
551 1161 656 1200 viam
694 1162 844 1200 confilii
878 1162 1158 1211 inveniebant3
1191 1178 1318 1216 quum
1363 1166 1443 1217 Ap.

144 1217 352 1266 Claudius,
384 1231 509 1271 nepos
527 1219 629 1272 ejus,
661 1219 731 1271 qui
745 1219 947 1258 decemvir
967 1219 1121 1273 legibus
1144 1220 1359 1261 scribendis
1380 1221 1446 1260 fu·-

143 1284 242 1323 erat,
274 1274 466 1314 minimus
499 1284 597 1314 natu
624 1288 672 1313 ex
702 1277 868 1316 Patrum
891 1276 1076 1325 concilio,
1113 1277 1260 1317 dicitur
1292 1278 1444 1327 dixiffe,

150 1333 189 1370 V
186 1341 263 1371 etus
285 1332 329 1386 β’
362 1347 406 1371 ac
424 1332 626 1387 familiare
653 1331 834 1385 cotfilium
870 1333 968 1372 domo
988 1332 1137 1388 [ffrre.
1171 1337 1231 1388 (5)
1258 1346 1444 1388 proavum
1635 1384 1654 1391 ..

148 1391 242 1427 enim
252 1389 368 1442 suum
390 1389 466 1441 Ap.
493 1389 692 1428 Claudium
712 1389 885 1444 qstendg'ffi’
904 1390 1087 1429 Patribus
1118 1393 1220 1429 viam
1241 1408 1353 1431 mmm
1374 1393 1445 1447 dff-
1464 1383 1654 1470 ᾔῇίξέζῖἴ

1465 1481 1481 1501 ὑ
1558 1473 1599 1501 dis
1612 1475 1655 1500 ino

147 1501 278 1545 facila}>
299 1501 457 1542 homines
470 1517 577 1542 novos
592 1504 809 1542 animitate
821 1505 1035 1556 principzmz
1052 1504 1290 1559 dest’ntentid
1306 1507 1446 1555 deduci,
1460 1485 1658 1560 {Zrcffiae-dm.

1188 1562 1231 1617 fi
1248 1572 1447 1617 temporum

198 1681 237 1710 C.
255 1678 306 1716 48.
323 1678 378 1719 (1)
394 1677 527 1719 Spurius
540 1677 700 1709 Maecilius
719 1676 750 1708 8<
768 1677 901 1720 Spurius
919 1677 1076 1710 Metilius.
1122 1679 1162 1710 Et
1185 1679 1262 1711 alibi
1279 1680 1404 1719 Livius,
1427 1681 1451 1713 fi

151 1724 218 1754 duo
232 1723 371 1764 junctim
384 1722 554 1753 memorati
572 1724 685 1754 eodem
703 1723 903 1764 praenomine
919 1723 1138 1764 appellantur,
1160 1723 1194 1754 id
1210 1724 1255 1755 ita
1271 1723 1386 1757 efferre
1403 1726 1451 1757 so-

149 1767 202 1798 let.
235 1767 284 1797 Sic
301 1766 385 1797 infra
401 1767 421 1796 l.
440 1776 494 1797 10.
511 1778 535 1797 c.
560 1777 610 1804 40.
659 1769 738 1808 Cajos
769 1769 911 1798 Caedicium
932 1770 970 1799 Εἴ
989 1768 1163 1798 Trebonium.
1208 1770 1264 1810 (2)
1286 1770 1360 1801 Vid.
1385 1779 1453 1801 not.

154 1821 184 1841 1.
202 1812 242 1842 ad
259 1821 284 1841 c.
301 1820 352 1848 42.
377 1811 482 1851 supra.
529 1812 584 1851 (3)
608 1812 648 1841 Et
670 1812 761 1852 plebs
774 1811 855 1841 nihil
868 1811 933 1853 agri
951 1812 1104 1849 habebat,
1125 1820 1345 1854 praeterquam
1362 1816 1453 1855 quod

151 1855 307 1892 venierat,
338 1854 568 1896 assignatumve
590 1855 719 1896 publice
741 1863 818 1886 erat.
866 1857 919 1897 (4)
944 1856 1130 1887 Crevierius
1152 1857 1323 1889 delendam
1347 1860 1453 1890 censet

153 1899 412 1940 praeposxtionem
428 1903 466 1929 in.
510 1901 638 1941 Cogendis
651 1902 767 1930 conciliis
784 1899 870 1930 idem
884 1899 926 1931 est
942 1911 978 1931 ac
994 1904 1102 1943 cogendo
1114 1904 1236 1932 c0sscilia.
1270 1903 1359 1944 Virg.
1372 1905 1453 1934 ΖΕΗ.

157 1952 207 1974 11.
219 1955 248 1974 v.
261 1953 333 1982 304.
352 1957 401 1973 non
418 1951 534 1989 tempore
550 1946 604 1973 tali
622 1946 721 1985 Cogere
736 1947 885 1975 concilium.
918 1946 1021 1975 Porro
1038 1944 1091 1976 hic
1108 1945 1215 1976 obiter
1232 1954 1346 1978 notare
1363 1948 1454 1979 lubet

154 1987 369 2018 differentiam
385 1987 471 2019 inter
493 1989 625 2030 coaefilium
644 1990 674 2019 ὃς
691 1991 844 2025 concilium,
866 1999 938 2029 quae
953 1989 1034 2030 saepe
1051 2001 1069 2020 a
1085 1990 1224 2022 librariis
1248 1991 1455 2023 commiscen-

156 2039 222 2064 tur.
272 2033 415 2076 Corfilium
432 2032 475 2063 est
487 2033 539 2063 vel
555 2033 735 2074 excogitata
757 2033 841 2063 ratio
861 2034 987 2074 agendi,
1010 2034 1061 2064 vel
1083 2034 1258 2075 prudentia
1275 2035 1342 2076 ipsa
1359 2037 1390 2066 δε
1409 2038 1455 2067 fa-

157 2077 259 2107 cultas
275 2076 364 2107 illam
379 2075 539 2107 rationem
550 2077 765 2118 excogitandi,
779 2077 832 2107 vel
848 2078 988 2118 denique
1002 2077 1147 2109 homines
1164 2079 1220 2119 qui
1237 2080 1368 2111 consilia
1384 2081 1455 2122 sug-

157 2128 281 2161 gerunt.
315 2122 461 2151 Concilium
473 2129 581 2152 autem
594 2121 747 2162 significat
765 2129 964 2152 conventum
981 2123 1010 2152 &a
1024 2122 1268 2154 multitudinem
1284 2124 1456 2156 hominum

158 2164 215 2204 qui
231 2164 264 2195 in
288 2175 390 2196 unum
406 2165 514 2196 locum
542 2173 788 2207 congregantur.
835 2166 1013 2197 Dei-ivatur
1026 2178 1044 2197 a
1056 2170 1215 2198 consalando
1232 2169 1262 2198 h.
1279 2179 1308 2199 e.
1335 2180 1459 2199 convo:

159 2209 283 2246 cand03
306 2210 396 2249 quod
411 2219 522 2241 omnes
538 2209 572 2240 in
589 2221 690 2241 unum
706 2210 815 2242 locum
831 2219 1063 2242 convocentur.
1108 2213 1163 2253 (5)
1188 2212 1299 2243 Potius
1314 2215 1457 2252 abavum3

161 2260 274 2293 utpote
290 2264 388 2284 avum
399 2253 584 2291 decemviri,
600 2255 689 2296 cujus
701 2265 801 2296 nepos
814 2254 866 2285 hic
882 2255 1012 2296 Appius
1023 2255 1155 2287 dicitur.
1185 2257 1345 2297 Equidem
1360 2268 1456 2289 voces

158 2310 240 2333 avus,
257 2304 397 2338 proavus,
418 2299 449 2328 δε
466 2298 609 2329 similiter
632 2307 722 2340 nepos,
738 2307 883 2340 pronepos,
905 2310 972 2330 non
998 2300 1121 2341 semper
1138 2301 1244 2331 stricte
1261 2302 1457 2344 accipiendae

160 2341 252 2377 sunt3
275 2341 328 2371 sed
350 2341 383 2371 in
396 2352 510 2383 genere
524 2353 760 2383 nonnunquam
781 2344 917 2384 majores
934 2355 970 2374 ac
988 2344 1129 2384 posteros
1149 2344 1303 2377 indicant.
1350 2348 1458 2388 Hujus

160 2393 268 2415 autem
281 2385 383 2426 Appii
404 2386 526 2416 mentio
546 2386 630 2417 infra
650 2387 792 2418 occurrit
809 2388 872 2425 l.5.
890 2399 919 2418 c.
935 2398 960 2418 1.
983 2389 1014 2418 δε
1032 2389 1093 2429 seq.
1117 2389 1136 2419 l.
1157 2389 1185 2420 6.
1202 2401 1228 2420 c.
1245 2400 1299 2428 40.
1317 2391 1460 2432 denique

161 2430 302 2460 dictator
315 2429 435 2460 dicitur
456 2440 542 2460 anno
558 2442 592 2461 u.
617 2442 642 2461 c.
661 2441 736 2472 393.
760 2431 779 2462 l.
800 2441 825 2469 7.
842 2442 867 2462 c.
886 2432 917 2463 6.
941 2432 1120 2473 proelioque
1135 2434 1239 2465 atroci
1256 2435 1357 2466 vincit
1374 2437 1459 2466 Her-

160 2473 258 2504 nicos.
304 2474 410 2514 Hujus
428 2482 530 2514 pater,
551 2473 702 2515 idemque
718 2475 802 2506 filius
823 2476 1009 2512 decemviri,
1034 2486 1234 2509 memoratur
1250 2479 1347 2520 supra
1364 2490 1389 2510 c.
1416 2488 1457 2518 35

163 2519 193 2547 δε
208 2518 257 2555 36.
275 2527 360 2548 anno
374 2529 407 2549 u.
425 2529 450 2549 c.
475 2527 548 2557 331.
566 2518 677 2559 ibique
698 2523 817 2561 imptger
830 2524 945 2561 juvenis
963 2529 1110 2553 vocatur.
1144 2524 1194 2553 De
1210 2523 1313 2564 Appii
1331 2523 1461 2554 Claudii

161 2561 335 2592 decemviri
358 2570 460 2603 patre,
483 2562 547 2592 vid.
564 2562 583 2592 l.
603 2572 631 2594 2.
660 2574 685 2594 c.
702 2564 744 2601 56
764 2565 795 2594 3<
813 2564 863 2595 61.
910 2564 996 2595 Illius
1013 2573 1105 2606 pater
1129 2566 1191 2597 fuit
1215 2568 1346 2608 Appius
1364 2568 1461 2599 Clau=

160 2606 243 2642 dius,
266 2605 329 2636 five
339 2609 438 2637 Attus
456 2607 601 2644 Clausus,
623 2607 679 2647 qui
697 2610 835 2639 Romam
847 2619 864 2639 e
877 2609 1002 2640 Sabinis
1019 2611 1213 2652 transfugit3
1237 2612 1336 2652 idque
1360 2612 1460 2644 confi,

162 2649 207 2685 lii,
229 2650 318 2690 cujus
335 2649 388 2682 hic
405 2650 528 2682 mentio
554 2651 601 2688 fit,
625 2651 715 2684 dedit
733 2663 819 2684 anno
836 2664 866 2684 u.
886 2664 916 2684 c.
947 2662 1020 2693 274.
1066 2655 1143 2687 Vid.
1158 2656 1255 2697 supra
1278 2657 1300 2687 l.
1317 2666 1345 2688 2.
1367 2668 1392 2687 c.
1409 2668 1460 2695 44.

208 2694 300 2725 Tom.
319 2695 342 2725 1.
835 2699 863 2728 Y
1311 2700 1366 2741 (6)
1390 2702 1463 2741 Eos,
