1853 3158
345 281 626 332 'LIBER
686 287 760 328 IX.
820 288 1004 330 cAP.
1065 287 1306 330 XXXVIII.

193 403 319 444 tutius
337 405 479 445 dedere
497 401 712 457 refugium.
746 417 839 443 nam
866 403 988 443 castra
1009 403 1049 442 in
1069 405 1220 458 campis
1240 404 1307 443 fita
1328 403 1471 443 eodem

193 463 259 501 die
294 462 515 515 capiuntur.
550 474 693 499 aurum
734 469 1024 515 argentumque
1059 462 1207 516 juffum
1242 460 1381 501 referri
1419 460 1469 499 ad

191 519 417 573 consulem:
448 526 577 557 cetera
593 517 724 570 praeda
747 520 808 572 (6)
831 518 965 558 militis
987 519 1076 558 fuit.
1139 519 1251 560 Caesa
1267 527 1335 557 aut
1354 527 1470 570 capta

192 589 240 615 eo
275 576 338 615 die
370 573 543 614 hostium
574 574 696 613 millia
730 576 778 614 ad
810 574 1021 629 sexaginta.
1082 576 1182 615 Eam
1211 586 1293 615 tam
1321 576 1468 615 claram

191 645 367 686 pugnam
387 641 494 671 trans
516 631 733 672 Ciminiam
756 632 888 671 filvam
917 633 967 671 ad
1001 633 1202 673 Perusiam
1232 641 1468 686 pugnatam,

190 690 353 742 quidam
393 689 577 729 auctores
613 688 730 736 sunt3
773 698 962 741 metuque
999 689 1039 727 in
1079 703 1224 744 magno
1265 690 1340 729 civi
1361 698 1467 728 atem

189 746 288 785 fuiff
348 760 398 786 ne
430 745 664 786 interclusus
690 746 886 785 exercitus
909 755 988 784 tam
1012 746 1153 786 infesto
1176 747 1288 795 saltu,
1321 747 1466 786 coortis

188 803 364 856 undique
406 803 550 843 Tuscis
589 802 852 856 Umbrisque,
894 802 1197 855 opprimeretur.
1254 804 1347 852 Sed,
1380 803 1467 842 ubi-

186 874 346 913 cunque
368 870 591 915 pugnatum
611 860 682 909 est,
712 874 774 900 res
795 861 982 900 Romana
1003 859 1180 912 superior
1200 857 1301 900 fuit:
1332 861 1465 913 itaque

187 933 210 957 a
244 918 418 966 Perusia,
452 921 491 958 &
528 918 720 967 Cortona,
753 920 794 957 ὃ(
835 917 1010 964 Arretio,
1042 931 1131 969 quae
1171 916 1296 956 ferme
1337 918 1467 970 capita

188 975 358 1015 Etruriae
386 976 626 1029 populorum
659 976 704 1014 ea
736 974 966 1026 tempestate
1001 983 1129 1024 erant,
1160 975 1296 1028 legati,
1328 987 1468 1027 pacem

187 1032 399 1085 foedusque
426 1031 474 1071 ab
497 1031 693 1071 Romanis
714 1042 911 1085 petentes,
943 1031 1122 1071 inducias
1153 1031 1193 1070 in
1216 1032 1377 1085 triginta
1398 1044 1467 1069 an-

189 1101 262 1129 nos
284 1099 606 1141 impetraverunt.

243 1146 484 1186 XXXVIII.
515 1146 629 1185 Dum
650 1146 735 1191 haec
757 1146 797 1184 in
818 1145 976 1185 Etruria
992 1155 1198 1198 geruntur,
1219 1145 1355 1185 consul
1372 1145 1469 1184 alter

187 1203 234 1243 C.
258 1203 436 1243 Marcius
459 1204 623 1243 Rutilus
648 1203 791 1243 Allifas
824 1206 885 1257 (1)
918 1204 966 1242 de
997 1203 1243 1242 Samnitibus
1279 1203 1316 1241 vi
1349 1203 1466 1256 cepit.

184 1262 311 1300 multa
341 1261 417 1300 alia
449 1260 605 1300 castella
638 1260 809 1313 vicique,
841 1270 909 1300 aut
929 1261 1057 1299 deleta
1078 1262 1138 1313 (2)
1159 1260 1368 1308 hostiliter,
1400 1269 1468 1298 aut

185 1318 339 1372 integra
362 1318 402 1356 in
423 1317 658 1371 potestatem
680 1331 834 1357 venere.
898 1317 975 1357 Per
1000 1317 1105 1356 idem
1128 1327 1287 1370 tempus
1311 1320 1350 1357 &
1371 1317 1469 1356 clas-

185 1376 232 1415 fis
255 1376 441 1415 Romana
464 1389 484 1413 a
505 1375 550 1414 P.
574 1375 778 1424 Cornelio,
810 1389 930 1428 quem
962 1373 1118 1414 senatus
1152 1374 1362 1413 maritimae
1386 1388 1468 1413 01·ae

183 1432 432 1486 praefecerat,
464 1432 505 1471 in
527 1432 789 1485 Campaniam
812 1435 873 1486 (3)
895 1432 998 1481 aesta,
1020 1446 1146 1484 quum
1167 1432 1330 1485 appulsa
1346 1431 1468 1482 Pom-

184 1492 296 1544 pejos
336 1490 454 1537 effet3
499 1492 559 1543 (4)
600 1489 693 1529 socii
728 1490 820 1529 inde
861 1490 1018 1529 navales
1054 1489 1103 1527 ad
1139 1489 1467 1542 depopulandum

185 1561 325 1601 agrum
365 1547 617 1586 Nucerinum
659 1546 845 1600 profecti,
886 1546 1078 1600 proximis
1115 1547 1258 1599 raptim
1292 1545 1466 1593 vastatis,

185 1605 292 1643 unde
313 1604 464 1643 reditus
487 1613 596 1643 tutus
618 1605 666 1643 ad
688 1618 806 1643 naves
827 1605 934 1654 effet,
964 1603 1175 1643 dulcedine
1199 1605 1260 1655 (ut
1282 1603 1344 1656 fit)
1366 1616 1466 1655 prae-

183 1662 244 1700 dae
265 1659 425 1714 longius
453 1661 654 1714 progressi,
686 1661 865 1701 excivere
887 1661 1031 1700 hostes.
1092 1660 1239 1699 Palatis
1260 1674 1330 1713 per
1351 1674 1466 1713 agros

183 1732 303 1758 nemo
323 1717 463 1757 obvius
493 1718 587 1768 fuit,
619 1733 745 1771 quum
768 1718 976 1758 occidione
997 1717 1126 1757 occidi
1148 1718 1322 1770 poffent:
1353 1718 1467 1756 rede-

184 1785 298 1815 untes
320 1776 478 1830 agmine
501 1775 662 1814 incauto
682 1775 790 1815 haud
812 1776 952 1828 procul
973 1775 1139 1815 navibus
1157 1774 1316 1814 afl'ecuti
1338 1774 1467 1828 agres-

183 1843 241 1873 tes
282 1843 480 1872 exuerunt
520 1832 666 1885 praedii,
710 1842 864 1885 partem
904 1834 1026 1872 etiam
1067 1832 1328 1872 occiderunt:
1375 1846 1464 1884 quae

184 1890 378 1943 superfuit
400 1890 514 1937 caedi,
545 1890 698 1943 trepida
719 1891 937 1929 multitudo
955 1891 1003 1929 ad
1025 1903 1144 1929 naves
1166 1888 1371 1942 compulsa
1393 1889 1461 1928 est.

182 1947 387 1988 Profectio
410 1947 598 2004 QFabii
622 1959 728 1987 trans
751 1948 969 1988 Ciminiam
990 1948 1123 1986 filvam
1145 1956 1343 1999 quantum
1377 1944 1464 1986 Ro-

183 2019 257 2044 mae
279 2015 471 2044 terrorem
493 2003 656 2053 fecerat,
688 2015 769 2044 tam
792 2006 923 2045 laetam
946 2004 1095 2043 famam
1118 2004 1158 2042 in
1174 2003 1384 2043 Samnium
1413 2005 1463 2043 ad

180 2062 311 2103 hostes
353 2064 520 2102 tulerat:
555 2063 786 2117 inm-clustmz
823 2063 1033 2102 Romanum
1069 2063 1266 2101 exercitum
1305 2060 1462 2114 olffideri,

1284 2118 1461 2173 cladisque

181 2243 348 2266 currentes
375 2236 415 2266 ad
441 2247 537 2268 arma.
584 2237 666 2266 Mox
691 2239 769 2266 caedes
790 2236 926 2278 opprfft,
949 2244 984 2267 ut
1009 2235 1094 2266 infra
1111 2234 1130 2265 l.
1148 2244 1165 2267 2
1169 2244 1199 2274 5.
1218 2246 1244 2265 c.
1262 2244 1311 2275 39.
1335 2236 1385 2278 nist
1399 2248 1462 2276 quos

180 2283 258 2310 caedes
274 2281 407 2322 opprcfft.
423 2281 445 2310 l.
465 2291 514 2320 30.
531 2292 557 2312 c.
575 2280 603 2311 6.
625 2294 689 2321 quos
705 2295 754 2311 non
771 2282 938 2322 oppreff’rat
953 2284 1036 2322 ignis.
1083 2280 1138 2321 (6)
1161 2280 1210 2310 Sic
1227 2280 1323 2321 supra
1345 2280 1367 2310 I.
1391 2290 1420 2316 4.
1437 2290 1461 2310 c.

182 2333 236 2365 49.
260 2338 340 2366 quum
357 2347 363 2354 .
379 2348 386 2354 .
403 2328 543 2366 .praedzzm
559 2328 732 2366 militisfore
748 2326 875 2368 edixs'ffi·t.
898 2325 982 2355 infrzi
1000 2326 1018 2355 l.
1037 2335 1086 2356 21.
1103 2336 1128 2355 c.
1148 2334 1196 2354 11.
1219 2325 1239 2354 l.
1257 2334 1307 2363 30.
1325 2335 1349 2354 c.
1369 2334 1418 2361 14.

228 2388 263 2417 C.
282 2386 331 2425 38.
357 2386 411 2427 (1)
428 2387 520 2417 Hanc
540 2387 661 2423 urbem,
684 2397 780 2426 quam
798 2386 935 2417 Romani
963 2387 1024 2417 hoc
1051 2386 1123 2417 loco
1148 2394 1344 2428 expugnant,
1365 2385 1465 2418 etiam

180 2431 276 2471 supra
304 2431 493 2472 expugnasse
519 2431 672 2462 dicuntur
693 2431 712 2460 l.
730 2431 757 2462 8.
775 2442 799 2461 c.
818 2441 867 2469 25.
894 2432 924 2461 ὃ(
950 2439 1057 2462 tamen
1083 2431 1195 2461 Livius
1224 2430 1301 2461 alibi
1329 2440 1461 2460 monere

181 2475 295 2512 omisit,
318 2474 380 2515 qua
398 2476 559 2506 occasione
576 2476 694 2506 iterum
710 2475 742 2505 in
760 2487 871 2506 manus
889 2475 1079 2506 Samnitium
1097 2475 1288 2516 pervenerit.
1334 2474 1388 2514 (2)
1412 2474 1460 2505 Sic

178 2522 310 2563 hostiliter
324 2522 485 2561 ‹lrj›t›pula7·i
500 2520 519 2550 l.
536 2529 587 2559 37.
603 2531 628 2550 c.
648 2529 698 2558 17.
713 2521 843 2563 hqsiilim-
859 2523 978 2561 diripere
995 2531 1022 2551 c.
1043 2530 1091 2550 21.
1137 2520 1189 2559 (3)
1209 2519 1257 2550 Sic
1270 2518 1355 2549 infra
1369 2519 1387 2548 l.
1406 2528 1458 2550 22.

179 2575 207 2594 c.
229 2574 277 2604 19.
290 2567 317 2593 iu
334 2567 412 2594 littus
424 2566 520 2607 pffnz
537 2578 622 2595 naves
634 2573 755 2606 egerunt.
791 2565 845 2605 (4)
862 2567 932 2595 Sosii
948 2567 1063 2594 navales
1081 2565 1152 2594 sunt
1166 2564 1282 2595 milites
1296 2562 1439 2594 classiarii
1453 2577 1459 2592 ·.

181 2620 297 2650 nempe
313 2609 367 2649 qui
386 2614 447 2639 unii
466 2620 539 2640 cum
556 2610 660 2639 nautis
678 2609 837 2650 navigant.
876 2610 928 2640 -Hi
946 2609 1231 2639 conscribebantur
1248 2610 1314 2639 fere
1330 2618 1367 2639 ex
1385 2608 1461 2638 civi-

179 2653 239 2684 bus
253 2654 416 2691 Romanis,
436 2654 488 2685 sed
504 2653 561 2694 qui
577 2654 653 2685 olim
671 2654 855 2685 servitutem
872 2653 1059 2685 servierant.
1085 2654 1168 2684 infra
1182 2654 1201 2683 l.
1220 2653 1270 2692 36.
1286 2663 1311 2684 c.
1330 2662 1356 2684 2.
1378 2652 1396 2682 l.
1410 2662 1460 2689 40⁴

179 2709 206 2729 c.
224 2698 276 2728 18.
301 2699 320 2728 1.
343 2707 395 2735 42.
412 2709 437 2730 c.
456 2709 494 2736 27
515 2701 545 2731 δι
564 2709 617 2739 31.
666 2700 710 2730 Ex
728 2699 843 2730 ultimo
860 2707 966 2731 autem
983 2699 1054 2730 loco
1072 2699 1169 2729 allato
1186 2706 1320 2740 apparet
1337 2707 1390 2727 eos
1407 2696 1462 2726 ali=

224 2744 317 2775 Tom-
335 2744 370 2777 Π.
810 2745 839 2773 R
1329 2740 1461 2781 quando

1610 303 1686 342 241
