1853 3158
367 224 401 264 L
432 224 450 264 Ι
481 225 514 265 Β
545 223 577 265 Ε
609 223 648 263 R
709 222 782 264 III.
844 223 879 266 C
912 226 950 266 A
982 227 1025 268 Ρ.
1087 228 1202 270 VIII.
1572 242 1647 286 ¹75

140 338 353 379 maximus.
378 342 419 381 δε
443 354 512 393 per
533 339 669 393 ignota
689 340 817 393 capita
834 339 910 381 late
938 353 1100 398 evagata
1121 344 1177 384 est
1194 345 1251 384 vis
1274 345 1428 385 morbi:

140 396 335 450 inopsque
371 397 527 436 senatus
563 398 697 436 auxilii
733 398 916 449 humani,
948 402 996 440 ad
1028 402 1139 441 Deos
1165 404 1359 456 populum
1382 418 1430 443 ac·

141 464 233 493 vota
247 455 375 494 vertit.
393 453 482 508 jussi
500 468 592 493 cum
609 455 847 509 conjugibus
869 471 913 495 ac
931 458 1063 498 liberis
1080 459 1344 513 supplicatum
1358 461 1430 509 ire,

142 524 362 564 pacemque
383 511 593 564 exposcere
614 511 766 552 Deum.
831 514 895 553 Ad
918 514 973 564 id,
1010 517 1118 568 quod
1140 517 1206 556 sua
1228 532 1430 570 quemque

143 570 247 608 mala
265 568 472 623 cogebant,
494 568 731 609 auctoritate
749 570 907 623 publica
928 574 1096 621 evocati,
1118 575 1252 613 omnia
1267 575 1432 614 delubra

142 625 322 679 implent.
341 626 470 665 stratae
495 626 628 679 paffim
647 636 810 678 matre5‚
842 628 1017 669 crinibus
1042 632 1189 683 templa
1215 642 1432 680 verrentes,

141 684 296 731 veniam
311 683 459 722 irarum
481 684 718 733 coelestium,
750 684 953 739 finemque
970 687 1067 739 pesti
1085 689 1316 740 exposcunt.

197 741 313 779 VIII.
346 741 443 780 Inde
466 742 688 794 paullatim,
721 742 787 782 seu
815 758 912 796 pace
940 742 1079 782 Deum
1109 745 1332 798 impetrata,
1364 746 1431 785 seu

140 799 318 852 graviore
349 808 529 851 tempore
558 801 650 838 anni
668 801 751 854 jam
772 801 1037 851 circumacto,
1068 801 1261 841 defuncta
1283 803 1433 843 morbis

140 870 305 908 corpora
323 855 536 895 salubriora
567 857 641 895 effe
663 858 837 910 incipere
857 874 865 898 z
896 859 1090 911 versisque
1122 860 1264 899 animis
1282 862 1365 914 jam
1383 862 1432 899 ad

140 913 341 966 publicam
364 928 518 963 curam,
541 928 667 966 quum
690 916 842 967 aliquot
866 919 924 968 (Ι)
947 917 1172 971 interregna
1186 918 1363 965 exiss'ent,
1385 920 1429 957 P.

139 971 326 1010 Valerius
354 970 559 1010 Publicola
581 972 698 1011 tertio
719 973 796 1020 die,
828 972 951 1026 quarn
980 974 1254 1028 interregnum
1277 976 1431 1024 inierat,
1451 1007 1491 1034 A.
1509 1006 1543 1035 C.
1562 1006 1634 1041 460.

139 1028 320 1068 consules
342 1039 448 1068 creat
464 1029 511 1067 L.
530 1029 765 1068 Lucretium
776 1030 1063 1088 Tricipitinum
1089 1034 1126 1071 &
1145 1032 1195 1071 T.
1212 1033 1430 1072 Veturium
1451 1051 1486 1079 L.
1510 1051 1630 1080 Lucre-

139 1085 388 1133 Geminum3
422 1089 482 1140 (2)
515 1087 588 1125 five
606 1087 669 1126 ille
698 1088 885 1128 Vetusius
908 1088 996 1128 fuit.
1060 1090 1167 1129 Ante
1184 1090 1290 1129 diem
1319 1091 1430 1129 terti·
1451 1094 1513 1144 tior
1530 1095 1570 1123 T-
1590 1096 1653 1124 Ve-

138 1156 208 1181 um
224 1143 318 1182 Idus
339 1143 506 1182 Sextiles
524 1144 772 1183 consulatum
791 1146 945 1194 ineunt,
973 1147 1056 1201 jam
1080 1147 1168 1186 satis
1187 1148 1314 1186 valida
1336 1148 1432 1187 civi-
1451 1147 1537 1170 ωηο
1555 1137 1635 1169 Coss.

138 1209 233 1247 tate,
265 1210 309 1239 ut
331 1215 412 1239 non
434 1200 562 1240 solum
585 1216 716 1242 arcere
731 1203 895 1252 bellum,
928 1204 993 1243 sed
1016 1205 1121 1244 ultro
1142 1205 1262 1244 etiarn
1286 1205 1431 1245 inferre

137 1258 274 1310 posset.
336 1259 353 1296 I
385 1259 463 1297 itur
485 1260 767 1299 nunciantibus
789 1262 993 1311 Hernicis,
1024 1263 1064 1300 in
1094 1261 1192 1302 fines
1215 1263 1303 1302 suos
1326 1273 1432 1302 tran-

138 1314 324 1355 scendisse
356 1273 502 1363 liostes,
526 1317 694 1372 impigre
716 1320 947 1370 promiffum
966 1320 1171 1358 auxilium.
1191 1321 1271 1359 duo
1292 1320 1433 1359 consu-

138 1373 451 1413 lares‘exercitus
471 1374 617 1426 scripti.
678 1375 873 1415 Veturius
896 1377 1028 1416 miffus
1043 1377 1083 1415 in
1096 1377 1264 1416 Volscos
1287 1379 1334 1416 ad
1350 1378 1433 1417 bel-

139 1430 225 1468 lum
248 1431 352 1470 ultro
369 1430 638 1470 inferendum.
698 1433 981 1486 Tricipitinus,¹
1014 1437 1075 1489 (3)
1106 1435 1433 1487 populationibus

138 1487 320 1526 arcendis
355 1487 552 1527 sociorum
587 1503 682 1543 agro
718 1491 937 1543 oppositus,
969 1493 1050 1530 non
1084 1494 1201 1540 ultra,
1232 1491 1354 1544 quam
1392 1493 1433 1531 in

138 1544 356 1593 Hernicos,
378 1546 570 1600 procedit.
632 1548 826 1587 Veturius
848 1547 977 1600 primo
991 1550 1135 1602 proelio
1152 1549 1282 1589 hostes
1300 1550 1434 1590 fundit

139 1601 347 1655 fugatque.
389 1603 642 1652 Lucretium,
664 1605 761 1642 dum
784 1605 824 1643 in
842 1605 1030 1645 Hernicis
1053 1606 1174 1655 sedet,
1197 1609 1432 1659 praedonum
1456 1626 1629 1667 Vclfliprae-

137 1673 283 1712 agmen
305 1658 464 1708 fefellit,
496 1659 611 1713 supra
644 1671 801 1701 montes
836 1662 1101 1702 Praenestinos
1122 1665 1310 1713 ductum,
1342 1666 1432 1704 inde
1451 1672 1534 1699 dones·

139 1716 347 1755 demiffum
366 1716 406 1755 in
422 1731 597 1771 campos.
658 1718 874 1758 Vastavere
905 1735 1019 1774 agros
1039 1722 1323 1761 Praenestinum
1350 1723 1435 1762 Ga·-

137 1772 383 1827 binumque:
414 1788 462 1813 ex
486 1775 649 1815 Gabino
682 1776 722 1814 in
744 1775 995 1816 Tusculanos
1021 1778 1164 1818 flexere
1187 1780 1320 1819 colles.
1345 1780 1433 1820 urbi

139 1846 300 1885 quoque
338 1832 482 1871 Romae
517 1833 657 1887 ingens
694 1833 883 1886 praebitus
915 1846 1056 1887 terror,
1086 1837 1212 1891 magis
1236 1840 1294 1890 (4)
1317 1838 1355 1875 in
1391 1853 1432 1878 re

141 1888 281 1937 subita,
314 1887 436 1942 quam
456 1892 568 1943 quod
590 1892 639 1930 ad
661 1888 873 1930 arcendam
895 1893 975 1931 vim
998 1908 1138 1946 parum
1160 1895 1304 1933 virium
1327 1896 1431 1939 effet⁹

141 1946 206 2003 Q
219 1946 363 1986 Fabius
380 1957 547 2005 praeerat
562 1948 662 1988 urbi.
682 1949 728 1997 is,
751 1951 900 1988 armata
914 1952 1142 2004 juventute,
1164 1952 1432 2006 dispositisque

140 2004 343 2057 praefidiis,
384 2013 469 2043 tuta
498 2006 632 2045 omnia
654 2021 698 2045 ac
726 2008 939 2060 tranquilla
961 2008 1069 2047 fecit.
1130 2010 1269 2062 Itaque
1287 2009 1434 2059 hostes,

140 2062 274 2114 praeda
304 2076 352 2101 ex
374 2062 564 2115 proximis
594 2063 691 2103 locis
722 2065 847 2117 rapta,
880 2066 1199 2119 appropinquare
1232 2067 1319 2106 urbi
1351 2082 1433 2107 non

140 2119 236 2167 ausi,
269 2134 395 2175 quum
424 2120 671 2161 circumacto
698 2122 855 2176 agmine
888 2124 1079 2176 redirent,
1101 2134 1251 2178 quanto
1273 2124 1433 2180 longius

1453 960 1491 988 U.
1507 969 1532 989 c.
1552 968 1623 999 292.

140 2234 255 2275 cuique
271 2236 402 2278 triginta
419 2237 592 2274 curiarum,
614 2237 647 2268 in
673 2250 751 2279 quas
775 2238 909 2275 divisam
935 2239 1024 2271 fuiffe
1042 2242 1156 2272 urbem
1178 2241 1316 2273 vidimus
1334 2242 1432 2282 supra

140 2280 160 2317 l„
177 2290 204 2310 1.
223 2291 248 2310 c.
267 2291 315 2319 13.
331 2282 404 2312 suus
421 2282 481 2312 fuit
506 2283 607 2320 curio,
630 2282 685 2323 qui
704 2295 769 2314 rem
794 2284 937 2316 divinam
960 2296 1021 2325 pro
1038 2286 1099 2317 suis
1117 2286 1289 2320 curialibus
1307 2289 1434 2317 faceret.

142 2324 338 2355 Curionibus
355 2326 503 2357 omnibus
520 2328 704 2359 moderator
718 2329 849 2368 quidam
865 2329 1030 2371 impositus
1050 2339 1128 2369 erat,
1151 2330 1241 2362 curio
1258 2331 1430 2363 maximus:

142 2368 198 2408 qui
216 2369 345 2409 quidem
362 2371 497 2401 comitiis
513 2372 643 2403 curiatis
660 2374 838 2403 creabatur.
1381 2373 1385 2377 ”

187 2415 222 2444 C.
241 2414 266 2445 8.
283 2414 337 2455 (1)
362 2416 410 2445 De
428 2415 600 2457 interregni
618 2417 740 2458 origine
757 2418 819 2448 vid.
833 2418 927 2459 supra
946 2419 963 2449 l.
984 2430 1009 2450 1.
1026 2431 1051 2450 c.
1070 2430 1121 2458 17.
1141 2422 1179 2451 Et
1198 2432 1246 2452 res
1265 2421 1295 2450 δι
1313 2430 1431 2452 nomen

140 2458 253 2489 mansit
270 2459 366 2490 etiam
384 2460 451 2500 post
464 2460 568 2500 pulsos
583 2472 676 2503 reges.
723 2464 864 2505 Qando
877 2464 984 2494 nullus
1000 2473 1068 2495 erat
1089 2466 1207 2510 curulis
1224 2465 1433 2507 magistratus,

142 2503 266 2544 patricii
284 2503 423 2541 coibant,
451 2505 482 2534 δι
500 2506 680 2545 prodebant
692 2506 895 2549 interregem,
918 2510 1007 2550 cujus
1020 2509 1190 2550 imperium
1207 2510 1350 2550 quinque
1366 2510 1432 2541 die·

141 2548 200 2578 bus
215 2548 402 2578 finiebatur:
430 2548 461 2578 «Se
480 2549 519 2579 fic
533 2549 681 2591 deinceps
697 2552 798 2582 donec
812 2552 940 2583 comitia
954 2554 1136 2585 consulibus
1153 2562 1208 2585 aut
1225 2554 1363 2585 tribunis
1374 2555 1432 2595 nii-5

140 2592 286 2623 litaribus
311 2593 469 2624 consulari
494 2594 646 2634 potestate
671 2596 815 2626 creandis
839 2597 1045 2629 haberentur.
1090 2600 1144 2640 (2)
1169 2599 1241 2629 Vid.
1258 2608 1323 2636 not.
1349 2609 1375 2629 1.
1391 2600 1432 2630 ad

138 2648 164 2667 c.
182 2647 210 2673 4.
227 2637 329 2678 supra.
375 2638 430 2679 (3)
447 2638 619 2679 Oppositus
637 2640 901 2680 populationibus
915 2642 1061 2681 hostium,
1076 2645 1116 2675 ad
1130 2645 1280 2675 arcendas
1292 2656 1342 2674 eas
1355 2640 1433 2685 agro

138 2680 306 2719 sociorum.
329 2684 363 2713 E.
387 2684 441 2725 (4)
466 2683 571 2725 Magis
589 2684 663 2725 quia
674 2685 777 2717 subita
788 2697 837 2717 res
854 2686 923 2718 suit.
1405 2730 1430 2775 b

1382 2745 1402 2769 a
