<?xml version="1.0" encoding="UTF-8"?>
<!DOCTYPE html PUBLIC "-//W3C//DTD XHTML 1.0 Transitional//EN"
    "http://www.w3.org/TR/xhtml1/DTD/xhtml1-transitional.dtd">
<html xmlns="http://www.w3.org/1999/xhtml" xml:lang="en" lang="en">
 <head>
  <title>
</title>
<meta http-equiv="Content-Type" content="text/html;charset=utf-8" />
  <meta name='ocr-system' content='tesseract 3.04.00' />
  <meta name='ocr-capabilities' content='ocr_page ocr_carea ocr_par ocr_line ocrx_word'/>
</head>
<body>
  <div class='ocr_page' id='page_1' title='image "./historiaeromanae01livyuoft_0587.png"; bbox 0 0 1853 3158; ppageno 0'>
   <div class='ocr_carea' id='block_1_1' title="bbox 327 292 1661 356">
    <p class='ocr_par' dir='ltr' id='par_1_1' title="bbox 327 292 1661 356">
     <span class='ocr_line' id='line_1_1' title="bbox 327 292 1661 356; baseline -0.001 -12"><span class='ocrx_word' id='word_1_1' title='bbox 327 301 364 345; x_wconf 77' lang='lat' dir='ltr'>L</span> <span class='ocrx_word' id='word_1_2' title='bbox 396 304 413 344; x_wconf 73' lang='grc' dir='ltr'>Ι</span> <span class='ocrx_word' id='word_1_3' title='bbox 446 305 477 345; x_wconf 81' lang='grc' dir='ltr'><strong>Β</strong></span> <span class='ocrx_word' id='word_1_4' title='bbox 508 303 541 344; x_wconf 83' lang='lat' dir='ltr'><strong>E</strong></span> <span class='ocrx_word' id='word_1_5' title='bbox 573 302 612 342; x_wconf 84' lang='lat' dir='ltr'>R</span> <span class='ocrx_word' id='word_1_6' title='bbox 671 293 767 341; x_wconf 75' lang='lat' dir='ltr'><em>vu.</em></span> <span class='ocrx_word' id='word_1_7' title='bbox 829 298 863 341; x_wconf 82' lang='lat' dir='ltr'><em>c</em></span> <span class='ocrx_word' id='word_1_8' title='bbox 898 300 935 340; x_wconf 87' lang='lat' dir='ltr'>A</span> <span class='ocrx_word' id='word_1_9' title='bbox 967 300 1011 341; x_wconf 89' lang='lat' dir='ltr'><em>P.</em></span> <span class='ocrx_word' id='word_1_10' title='bbox 1073 292 1272 342; x_wconf 74' lang='lat' dir='ltr'><em>xxxvi.</em></span> <span class='ocrx_word' id='word_1_11' title='bbox 1590 315 1661 356; x_wconf 71' lang='lat'><em>113</em></span> 
     </span>
    </p>
   </div>
   <div class='ocr_carea' id='block_1_2' title="bbox 136 413 1447 1394">
    <p class='ocr_par' dir='ltr' id='par_1_2' title="bbox 136 413 1447 1394">
     <span class='ocr_line' id='line_1_2' title="bbox 158 413 1442 474; baseline 0.002 -19"><span class='ocrx_word' id='word_1_12' title='bbox 158 420 274 472; x_wconf 66' lang='lat' dir='ltr'><em>magis</em></span> <span class='ocrx_word' id='word_1_13' title='bbox 309 419 515 474; x_wconf 60' lang='lat' dir='ltr'><em>necestitate]-</em></span> <span class='ocrx_word' id='word_1_14' title='bbox 552 416 673 472; x_wconf 63' lang='lat' dir='ltr'><em>vestrae</em></span> <span class='ocrx_word' id='word_1_15' title='bbox 708 415 832 467; x_wconf 80' lang='lat' dir='ltr'><em>index,</em></span> <span class='ocrx_word' id='word_1_16' title='bbox 868 416 980 470; x_wconf 64' lang='lat' dir='ltr'><em>quam</em></span> <span class='ocrx_word' id='word_1_17' title='bbox 1012 415 1143 471; x_wconf 68' lang='lat' dir='ltr'><em>corfilii</em></span> <span class='ocrx_word' id='word_1_18' title='bbox 1179 420 1320 465; x_wconf 72' lang='grc' dir='ltr'><em>αιιὲῖον,</em></span> <span class='ocrx_word' id='word_1_19' title='bbox 1351 413 1442 471; x_wconf 78' lang='lat' dir='ltr'><em>sim.</em></span> 
     </span>
     <span class='ocr_line' id='line_1_3' title="bbox 158 475 1441 529; baseline 0.001 -16"><span class='ocrx_word' id='word_1_20' title='bbox 158 492 266 529; x_wconf 77' lang='lat' dir='ltr'><em>neque</em></span> <span class='ocrx_word' id='word_1_21' title='bbox 305 480 413 527; x_wconf 82' lang='lat' dir='ltr'><em>enim,</em></span> <span class='ocrx_word' id='word_1_22' title='bbox 442 476 633 522; x_wconf 69' lang='lat' dir='ltr'><em>maneatis,</em></span> <span class='ocrx_word' id='word_1_23' title='bbox 678 490 727 512; x_wconf 85' lang='lat' dir='ltr'><em>an</em></span> <span class='ocrx_word' id='word_1_24' title='bbox 764 475 900 514; x_wconf 84' lang='lat' dir='ltr'><em>abeatis</em></span> <span class='ocrx_word' id='word_1_25' title='bbox 936 475 1037 526; x_wconf 81' lang='lat' dir='ltr'><em>hinc,</em></span> <span class='ocrx_word' id='word_1_26' title='bbox 1079 475 1272 514; x_wconf 83' lang='lat' dir='ltr'><em>deliberari</em></span> <span class='ocrx_word' id='word_1_27' title='bbox 1304 475 1414 529; x_wconf 70' lang='lat' dir='ltr'><em>potest</em></span> <span class='ocrx_word' id='word_1_28' title='bbox 1426 497 1441 520; x_wconf 75' lang='lat'><em>,›</em></span> 
     </span>
     <span class='ocr_line' id='line_1_4' title="bbox 156 531 1446 588; baseline 0.002 -18"><span class='ocrx_word' id='word_1_29' title='bbox 156 550 283 586; x_wconf 71' lang='lat' dir='ltr'><em>quum,</em></span> <span class='ocrx_word' id='word_1_30' title='bbox 305 542 441 588; x_wconf 79' lang='lat' dir='ltr'><em>praeter</em></span> <span class='ocrx_word' id='word_1_31' title='bbox 458 546 566 571; x_wconf 85' lang='lat' dir='ltr'><em>arma</em></span> <span class='ocrx_word' id='word_1_32' title='bbox 591 532 642 573; x_wconf 65' lang='lat'><em>{35⁵</em></span> <span class='ocrx_word' id='word_1_33' title='bbox 656 533 795 570; x_wconf 84' lang='lat' dir='ltr'><em>animos</em></span> <span class='ocrx_word' id='word_1_34' title='bbox 809 547 998 571; x_wconf 82' lang='lat' dir='ltr'><em>armorum</em></span> <span class='ocrx_word' id='word_1_35' title='bbox 1018 547 1202 582; x_wconf 86' lang='lat' dir='ltr'><em>memores,</em></span> <span class='ocrx_word' id='word_1_36' title='bbox 1234 531 1331 571; x_wconf 84' lang='lat' dir='ltr'><em>nihil</em></span> <span class='ocrx_word' id='word_1_37' title='bbox 1346 534 1446 572; x_wconf 77' lang='lat' dir='ltr'><em>vobis·</em></span> 
     </span>
     <span class='ocr_line' id='line_1_5' title="bbox 143 588 1444 647; baseline 0 -18"><span class='ocrx_word' id='word_1_38' title='bbox 143 592 306 645; x_wconf 67' lang='lat' dir='ltr'><em>fortuna</em></span> <span class='ocrx_word' id='word_1_39' title='bbox 326 591 456 644; x_wconf 71' lang='lat' dir='ltr'><em>reliqui</em></span> <span class='ocrx_word' id='word_1_40' title='bbox 461 590 614 647; x_wconf 69' lang='lat' dir='ltr'><em>feceait,</em></span> <span class='ocrx_word' id='word_1_41' title='bbox 630 589 808 645; x_wconf 80' lang='lat' dir='ltr'><em>fameque</em></span> <span class='ocrx_word' id='word_1_42' title='bbox 828 588 953 642; x_wconf 70' lang='lat' dir='ltr'><em>&amp;stti</em></span> <span class='ocrx_word' id='word_1_43' title='bbox 974 590 1197 629; x_wconf 68' lang='lat' dir='ltr'><em>moriendum</em></span> <span class='ocrx_word' id='word_1_44' title='bbox 1201 589 1274 644; x_wconf 89' lang='lat' dir='ltr'><em>st</em></span> <span class='ocrx_word' id='word_1_45' title='bbox 1289 589 1331 644; x_wconf 92' lang='lat' dir='ltr'><em>s</em></span> <span class='ocrx_word' id='word_1_46' title='bbox 1341 591 1444 642; x_wconf 82' lang='lat' dir='ltr'><em>plus,</em></span> 
     </span>
     <span class='ocr_line' id='line_1_6' title="bbox 155 646 1444 702; baseline 0 -15"><span class='ocrx_word' id='word_1_47' title='bbox 155 664 267 701; x_wconf 81' lang='lat' dir='ltr'><em>quam</em></span> <span class='ocrx_word' id='word_1_48' title='bbox 295 650 393 688; x_wconf 85' lang='lat' dir='ltr'><em>viros</em></span> <span class='ocrx_word' id='word_1_49' title='bbox 412 663 455 686; x_wconf 84' lang='lat' dir='ltr'><em>ac</em></span> <span class='ocrx_word' id='word_1_50' title='bbox 474 648 659 687; x_wconf 79' lang='lat' dir='ltr'><em>Romanos</em></span> <span class='ocrx_word' id='word_1_51' title='bbox 672 647 783 697; x_wconf 66' lang='grc' dir='ltr'><em>[ἵει-,εί</em></span> <span class='ocrx_word' id='word_1_52' title='bbox 798 646 957 702; x_wconf 76' lang='lat' dir='ltr'><em>ferrmn</em></span> <span class='ocrx_word' id='word_1_53' title='bbox 977 649 1183 687; x_wconf 77' lang='lat' dir='ltr'><em>timeamus.</em></span> <span class='ocrx_word' id='word_1_54' title='bbox 1243 648 1306 687; x_wconf 70' lang='lat' dir='ltr'><em>Er</em></span> <span class='ocrx_word' id='word_1_55' title='bbox 1303 664 1349 701; x_wconf 86' lang='lat' dir='ltr'><em>go</em></span> <span class='ocrx_word' id='word_1_56' title='bbox 1369 663 1444 687; x_wconf 85' lang='lat' dir='ltr'><em>una</em></span> 
     </span>
     <span class='ocr_line' id='line_1_7' title="bbox 154 704 1446 761; baseline 0 -17"><span class='ocrx_word' id='word_1_57' title='bbox 154 707 312 761; x_wconf 69' lang='lat' dir='ltr'><em>estsitlus</em></span> <span class='ocrx_word' id='word_1_58' title='bbox 330 715 517 758; x_wconf 80' lang='lat' dir='ltr'><em>erumpere</em></span> <span class='ocrx_word' id='word_1_59' title='bbox 536 705 621 744; x_wconf 76' lang='lat' dir='ltr'><em>hinc</em></span> <span class='ocrx_word' id='word_1_60' title='bbox 639 714 747 758; x_wconf 77' lang='lat' dir='ltr'><em>atque</em></span> <span class='ocrx_word' id='word_1_61' title='bbox 775 705 886 743; x_wconf 84' lang='lat' dir='ltr'><em>abire.</em></span> <span class='ocrx_word' id='word_1_62' title='bbox 919 704 961 742; x_wconf 88' lang='lat' dir='ltr'><em>id</em></span> <span class='ocrx_word' id='word_1_63' title='bbox 983 713 1049 742; x_wconf 88' lang='lat' dir='ltr'><em>aut</em></span> <span class='ocrx_word' id='word_1_64' title='bbox 1070 704 1231 743; x_wconf 80' lang='lat' dir='ltr'><em>interdiu</em></span> <span class='ocrx_word' id='word_1_65' title='bbox 1261 714 1328 744; x_wconf 79' lang='lat' dir='ltr'><em>aut</em></span> <span class='ocrx_word' id='word_1_66' title='bbox 1349 710 1446 746; x_wconf 58' lang='lat' dir='ltr'><em>noete</em></span> 
     </span>
     <span class='ocr_line' id='line_1_8' title="bbox 140 760 1447 818; baseline 0.001 -17"><span class='ocrx_word' id='word_1_67' title='bbox 140 763 348 818; x_wconf 79' lang='lat' dir='ltr'><em>jaciamus,</em></span> <span class='ocrx_word' id='word_1_68' title='bbox 375 772 521 816; x_wconf 85' lang='lat' dir='ltr'><em>oportet.</em></span> <span class='ocrx_word' id='word_1_69' title='bbox 581 763 675 802; x_wconf 79' lang='lat' dir='ltr'><em>Ecce</em></span> <span class='ocrx_word' id='word_1_70' title='bbox 705 770 826 801; x_wconf 85' lang='lat' dir='ltr'><em>autem</em></span> <span class='ocrx_word' id='word_1_71' title='bbox 861 761 967 803; x_wconf 79' lang='lat' dir='ltr'><em>aliud</em></span> <span class='ocrx_word' id='word_1_72' title='bbox 984 760 1106 800; x_wconf 58' lang='lat' dir='ltr'><em>minas</em></span> <span class='ocrx_word' id='word_1_73' title='bbox 1123 761 1285 801; x_wconf 74' lang='lat' dir='ltr'><em>dubium.</em></span> <span class='ocrx_word' id='word_1_74' title='bbox 1317 763 1447 816; x_wconf 84' lang='lat' dir='ltr'><em>quippe</em></span> 
     </span>
     <span class='ocr_line' id='line_1_9' title="bbox 137 819 1446 875; baseline 0.001 -17"><span class='ocrx_word' id='word_1_75' title='bbox 137 819 179 873; x_wconf 97' lang='lat' dir='ltr'><em>s</em></span> <span class='ocrx_word' id='word_1_76' title='bbox 201 820 266 859; x_wconf 82' lang='lat' dir='ltr'><em>lux</em></span> <span class='ocrx_word' id='word_1_77' title='bbox 299 821 518 875; x_wconf 55' lang='grc' dir='ltr'><em>εψεὲῗείιη</em></span> <span class='ocrx_word' id='word_1_78' title='bbox 521 851 533 871; x_wconf 84' lang='grc'><em>,</em></span> <span class='ocrx_word' id='word_1_79' title='bbox 564 837 641 874; x_wconf 81' lang='lat' dir='ltr'><em>quae</em></span> <span class='ocrx_word' id='word_1_80' title='bbox 657 821 743 874; x_wconf 73' lang='lat' dir='ltr'><em>spes</em></span> <span class='ocrx_word' id='word_1_81' title='bbox 763 820 822 875; x_wconf 77' lang='grc' dir='ltr'><em>ιβ,</em></span> <span class='ocrx_word' id='word_1_82' title='bbox 853 834 921 858; x_wconf 82' lang='lat' dir='ltr'><em>non</em></span> <span class='ocrx_word' id='word_1_83' title='bbox 952 819 1048 858; x_wconf 83' lang='lat' dir='ltr'><em>vallo</em></span> <span class='ocrx_word' id='word_1_84' title='bbox 1078 828 1138 870; x_wconf 72' lang='lat' dir='ltr'><em>pei</em></span> <span class='ocrx_word' id='word_1_85' title='bbox 1140 827 1251 871; x_wconf 82' lang='lat' dir='ltr'><em>petuo</em></span> <span class='ocrx_word' id='word_1_86' title='bbox 1268 820 1446 873; x_wconf 71' lang='lat' dir='ltr'><em>foſsdque</em></span> 
     </span>
     <span class='ocr_line' id='line_1_10' title="bbox 151 876 1444 934; baseline 0 -19"><span class='ocrx_word' id='word_1_87' title='bbox 151 892 210 916; x_wconf 81' lang='lat' dir='ltr'><em>nos</em></span> <span class='ocrx_word' id='word_1_88' title='bbox 234 878 430 931; x_wconf 81' lang='lat' dir='ltr'><em>septurmn</em></span> <span class='ocrx_word' id='word_1_89' title='bbox 460 879 605 934; x_wconf 73' lang='lat' dir='ltr'><em>hqstem</em></span> <span class='ocrx_word' id='word_1_90' title='bbox 601 881 619 908; x_wconf 69' lang='lat'><em>9</em></span> <span class='ocrx_word' id='word_1_91' title='bbox 650 879 714 931; x_wconf 79' lang='lat' dir='ltr'><em>qui</em></span> <span class='ocrx_word' id='word_1_92' title='bbox 746 892 843 916; x_wconf 84' lang='lat' dir='ltr'><em>nunc</em></span> <span class='ocrx_word' id='word_1_93' title='bbox 858 876 1062 930; x_wconf 80' lang='lat' dir='ltr'><em>corporibus</em></span> <span class='ocrx_word' id='word_1_94' title='bbox 1078 876 1164 930; x_wconf 76' lang='lat' dir='ltr'><em>ficis</em></span> <span class='ocrx_word' id='word_1_95' title='bbox 1180 876 1356 931; x_wconf 61' lang='lat' dir='ltr'><em>stcheHis</em></span> <span class='ocrx_word' id='word_1_96' title='bbox 1375 893 1444 915; x_wconf 84' lang='lat' dir='ltr'><em>un-</em></span> 
     </span>
     <span class='ocr_line' id='line_1_11' title="bbox 149 932 1443 988; baseline -0.001 -15"><span class='ocrx_word' id='word_1_97' title='bbox 149 934 255 987; x_wconf 83' lang='lat' dir='ltr'><em>dique</em></span> <span class='ocrx_word' id='word_1_98' title='bbox 272 937 445 986; x_wconf 78' lang='lat' dir='ltr'><em>cinxerit,</em></span> <span class='ocrx_word' id='word_1_99' title='bbox 474 945 515 976; x_wconf 84' lang='lat' dir='ltr'><em>ut</em></span> <span class='ocrx_word' id='word_1_100' title='bbox 550 936 698 986; x_wconf 85' lang='lat' dir='ltr'><em>videtis,</em></span> <span class='ocrx_word' id='word_1_101' title='bbox 729 935 861 974; x_wconf 83' lang='lat' dir='ltr'><em>collem.</em></span> <span class='ocrx_word' id='word_1_102' title='bbox 920 934 1057 987; x_wconf 81' lang='lat' dir='ltr'><em>Atqui,</em></span> <span class='ocrx_word' id='word_1_103' title='bbox 1070 932 1114 988; x_wconf 81' lang='lat' dir='ltr'><em>st</em></span> <span class='ocrx_word' id='word_1_104' title='bbox 1143 948 1213 973; x_wconf 83' lang='lat' dir='ltr'><em>nox</em></span> <span class='ocrx_word' id='word_1_105' title='bbox 1246 943 1443 986; x_wconf 82' lang='lat' dir='ltr'><em>opportuna</em></span> 
     </span>
     <span class='ocr_line' id='line_1_12' title="bbox 147 989 1442 1049; baseline -0.002 -17"><span class='ocrx_word' id='word_1_106' title='bbox 147 992 195 1046; x_wconf 68' lang='lat' dir='ltr'><em>est</em></span> <span class='ocrx_word' id='word_1_107' title='bbox 222 995 471 1046; x_wconf 83' lang='lat' dir='ltr'><em>eruptioni,1</em></span> <span class='ocrx_word' id='word_1_108' title='bbox 431 993 534 1048; x_wconf 83' lang='lat' dir='ltr'><em>scut</em></span> <span class='ocrx_word' id='word_1_109' title='bbox 567 993 627 1049; x_wconf 67' lang='lat' dir='ltr'><em>est,</em></span> <span class='ocrx_word' id='word_1_110' title='bbox 657 992 728 1032; x_wconf 83' lang='lat' dir='ltr'><em>haec</em></span> <span class='ocrx_word' id='word_1_111' title='bbox 750 989 913 1048; x_wconf 59' lang='grc' dir='ltr'><em>ρνρβὲᾶο</em></span> <span class='ocrx_word' id='word_1_112' title='bbox 936 993 1048 1031; x_wconf 63' lang='lat' dir='ltr'><em>noc‘tis</em></span> <span class='ocrx_word' id='word_1_113' title='bbox 1067 1000 1130 1044; x_wconf 84' lang='lat' dir='ltr'><em>apt</em></span> <span class='ocrx_word' id='word_1_114' title='bbox 1129 990 1186 1045; x_wconf 81' lang='lat' dir='ltr'><em>ff</em></span> <span class='ocrx_word' id='word_1_115' title='bbox 1170 1007 1245 1031; x_wconf 85' lang='lat' dir='ltr'><em>ma</em></span> <span class='ocrx_word' id='word_1_116' title='bbox 1264 991 1354 1031; x_wconf 65' lang='lat' dir='ltr'><em>hova</em></span> <span class='ocrx_word' id='word_1_117' title='bbox 1383 992 1442 1048; x_wconf 91' lang='grc' dir='ltr'><em>ιβ.</em></span> 
     </span>
     <span class='ocr_line' id='line_1_13' title="bbox 151 1049 1444 1117; baseline 0.002 -30"><span class='ocrx_word' id='word_1_118' title='bbox 151 1049 432 1104; x_wconf 67' lang='lat' dir='ltr'><em>Sigizostctctzdae</em></span> <span class='ocrx_word' id='word_1_119' title='bbox 451 1052 596 1117; x_wconf 40' lang='lat' dir='ltr'><em>&#39;vigiliae</em></span> <span class='ocrx_word' id='word_1_120' title='bbox 615 1050 839 1107; x_wconf 82' lang='lat' dir='ltr'><em>convenstis,</em></span> <span class='ocrx_word' id='word_1_121' title='bbox 870 1050 966 1103; x_wconf 78' lang='lat' dir='ltr'><em>quod</em></span> <span class='ocrx_word' id='word_1_122' title='bbox 979 1058 1121 1102; x_wconf 85' lang='lat' dir='ltr'><em>tempus</em></span> <span class='ocrx_word' id='word_1_123' title='bbox 1141 1049 1311 1089; x_wconf 84' lang='lat' dir='ltr'><em>mortales</em></span> <span class='ocrx_word' id='word_1_124' title='bbox 1316 1051 1444 1104; x_wconf 83' lang='lat' dir='ltr'><em>somno</em></span> 
     </span>
     <span class='ocr_line' id='line_1_14' title="bbox 147 1106 1442 1163; baseline 0.001 -19"><span class='ocrx_word' id='word_1_125' title='bbox 147 1108 215 1145; x_wconf 87' lang='lat' dir='ltr'><em>alt</em></span> <span class='ocrx_word' id='word_1_126' title='bbox 201 1106 258 1161; x_wconf 83' lang='lat' dir='ltr'><em>ff</em></span> <span class='ocrx_word' id='word_1_127' title='bbox 242 1123 312 1147; x_wconf 86' lang='lat' dir='ltr'><em>mo</em></span> <span class='ocrx_word' id='word_1_128' title='bbox 334 1110 485 1161; x_wconf 85' lang='lat' dir='ltr'><em>premit.</em></span> <span class='ocrx_word' id='word_1_129' title='bbox 504 1120 577 1163; x_wconf 85' lang='lat' dir='ltr'><em>per</em></span> <span class='ocrx_word' id='word_1_130' title='bbox 606 1119 752 1161; x_wconf 86' lang='lat' dir='ltr'><em>corpora</em></span> <span class='ocrx_word' id='word_1_131' title='bbox 778 1109 899 1162; x_wconf 86' lang='lat' dir='ltr'><em>spita</em></span> <span class='ocrx_word' id='word_1_132' title='bbox 935 1107 1105 1151; x_wconf 78' lang='lat' dir='ltr'><em>vadetis,-</em></span> <span class='ocrx_word' id='word_1_133' title='bbox 1138 1106 1201 1146; x_wconf 84' lang='lat' dir='ltr'><em>vel</em></span> <span class='ocrx_word' id='word_1_134' title='bbox 1219 1106 1398 1161; x_wconf 82' lang='lat' dir='ltr'><em>stlentio</em></span> <span class='ocrx_word' id='word_1_135' title='bbox 1384 1123 1442 1146; x_wconf 87' lang='lat' dir='ltr'><em>m-</em></span> 
     </span>
     <span class='ocr_line' id='line_1_15' title="bbox 146 1164 1442 1224; baseline 0.002 -22"><span class='ocrx_word' id='word_1_136' title='bbox 146 1173 270 1205; x_wconf 82' lang='lat' dir='ltr'><em>cautos</em></span> <span class='ocrx_word' id='word_1_137' title='bbox 282 1166 477 1222; x_wconf 81' lang='lat' dir='ltr'><em>fizllentes,</em></span> <span class='ocrx_word' id='word_1_138' title='bbox 509 1168 571 1206; x_wconf 86' lang='lat' dir='ltr'><em>vel</em></span> <span class='ocrx_word' id='word_1_139' title='bbox 593 1166 836 1224; x_wconf 72' lang='lat' dir='ltr'><em>fintientibus</em></span> <span class='ocrx_word' id='word_1_140' title='bbox 865 1165 1020 1204; x_wconf 79' lang='lat' dir='ltr'><em>clamore</em></span> <span class='ocrx_word' id='word_1_141' title='bbox 1041 1164 1163 1218; x_wconf 84' lang='lat' dir='ltr'><em>subito</em></span> <span class='ocrx_word' id='word_1_142' title='bbox 1185 1174 1363 1217; x_wconf 85' lang='lat' dir='ltr'><em>pavorem</em></span> <span class='ocrx_word' id='word_1_143' title='bbox 1384 1166 1442 1204; x_wconf 85' lang='lat' dir='ltr'><em>in-</em></span> 
     </span>
     <span class='ocr_line' id='line_1_16' title="bbox 136 1221 1443 1279; baseline 0 -18"><span class='ocrx_word' id='word_1_144' title='bbox 136 1223 292 1275; x_wconf 64' lang='lat' dir='ltr'><em>jeb&#39;t&#39;uri.</em></span> <span class='ocrx_word' id='word_1_145' title='bbox 354 1223 430 1264; x_wconf 87' lang='lat' dir='ltr'><em>Me</em></span> <span class='ocrx_word' id='word_1_146' title='bbox 449 1223 554 1265; x_wconf 62' lang='lat' dir='ltr'><em>mod&amp;</em></span> <span class='ocrx_word' id='word_1_147' title='bbox 573 1222 787 1279; x_wconf 69' lang='lat' dir='ltr'><em>sequimini,</em></span> <span class='ocrx_word' id='word_1_148' title='bbox 818 1238 922 1276; x_wconf 86' lang='lat' dir='ltr'><em>quem</em></span> <span class='ocrx_word' id='word_1_149' title='bbox 930 1223 1050 1277; x_wconf 73' lang='lat' dir='ltr'><em>sectm</em></span> <span class='ocrx_word' id='word_1_150' title='bbox 1068 1221 1158 1277; x_wconf 67' lang='lat' dir='ltr'><em>estis.</em></span> <span class='ocrx_word' id='word_1_151' title='bbox 1190 1237 1251 1276; x_wconf 87' lang='lat' dir='ltr'><em>ego</em></span> <span class='ocrx_word' id='word_1_152' title='bbox 1277 1222 1443 1273; x_wconf 80' lang='lat' dir='ltr'><em>eandem,</em></span> 
     </span>
     <span class='ocr_line' id='line_1_17' title="bbox 146 1278 1442 1336; baseline 0.001 -18"><span class='ocrx_word' id='word_1_153' title='bbox 146 1296 222 1332; x_wconf 81' lang='lat' dir='ltr'><em>quae</em></span> <span class='ocrx_word' id='word_1_154' title='bbox 258 1281 367 1322; x_wconf 86' lang='lat' dir='ltr'><em>duxit</em></span> <span class='ocrx_word' id='word_1_155' title='bbox 406 1281 494 1332; x_wconf 82' lang='lat' dir='ltr'><em>huc,</em></span> <span class='ocrx_word' id='word_1_156' title='bbox 523 1283 664 1336; x_wconf 64' lang='lat' dir='ltr'><em>sequar</em></span> <span class='ocrx_word' id='word_1_157' title='bbox 683 1281 898 1336; x_wconf 81' lang='lat' dir='ltr'><em>fhrtunam.</em></span> <span class='ocrx_word' id='word_1_158' title='bbox 963 1278 1116 1334; x_wconf 64' lang='lat' dir='ltr'><em>Qtibus</em></span> <span class='ocrx_word' id='word_1_159' title='bbox 1154 1279 1226 1318; x_wconf 83' lang='lat' dir='ltr'><em>haec</em></span> <span class='ocrx_word' id='word_1_160' title='bbox 1250 1280 1442 1334; x_wconf 76' lang='lat' dir='ltr'><em>fizlutaria</em></span> 
     </span>
     <span class='ocr_line' id='line_1_18' title="bbox 147 1337 1346 1394; baseline 0 -18"><span class='ocrx_word' id='word_1_161' title='bbox 147 1338 339 1390; x_wconf 83' lang='lat' dir='ltr'><em>videntur,</em></span> <span class='ocrx_word' id='word_1_162' title='bbox 369 1340 571 1394; x_wconf 78' lang='lat' dir='ltr'><em>agitedum,</em></span> <span class='ocrx_word' id='word_1_163' title='bbox 602 1340 641 1378; x_wconf 83' lang='lat' dir='ltr'><em>in</em></span> <span class='ocrx_word' id='word_1_164' title='bbox 662 1338 831 1377; x_wconf 83' lang='lat' dir='ltr'><em>dextram</em></span> <span class='ocrx_word' id='word_1_165' title='bbox 853 1346 1001 1390; x_wconf 85' lang='lat' dir='ltr'><em>partem</em></span> <span class='ocrx_word' id='word_1_166' title='bbox 1013 1337 1165 1390; x_wconf 84' lang='lat' dir='ltr'><em>pedibus</em></span> <span class='ocrx_word' id='word_1_167' title='bbox 1185 1345 1274 1377; x_wconf 82' lang='lat' dir='ltr'><em>tran</em></span> <span class='ocrx_word' id='word_1_168' title='bbox 1287 1346 1346 1378; x_wconf 75' lang='lat' dir='ltr'><em>tte.</em></span> 
     </span>
    </p>
   </div>
   <div class='ocr_carea' id='block_1_3' title="bbox 137 1395 1639 2258">
    <p class='ocr_par' dir='ltr' id='par_1_3' title="bbox 137 1395 1624 2258">
     <span class='ocr_line' id='line_1_19' title="bbox 203 1395 1443 1451; baseline -0.001 -16"><span class='ocrx_word' id='word_1_169' title='bbox 203 1396 405 1437; x_wconf 86' lang='lat' dir='ltr'>XXXVI.</span> <span class='ocrx_word' id='word_1_170' title='bbox 451 1397 608 1437; x_wconf 82' lang='lat' dir='ltr'>Omnes</span> <span class='ocrx_word' id='word_1_171' title='bbox 647 1395 899 1444; x_wconf 79' lang='lat' dir='ltr'><em>transierunt,</em></span> <span class='ocrx_word' id='word_1_172' title='bbox 948 1396 1242 1449; x_wconf 85' lang='lat' dir='ltr'><em>vadentemque</em></span> <span class='ocrx_word' id='word_1_173' title='bbox 1272 1409 1344 1451; x_wconf 87' lang='lat' dir='ltr'><em>per</em></span> <span class='ocrx_word' id='word_1_174' title='bbox 1382 1395 1443 1434; x_wconf 76' lang='lat' dir='ltr'><em>in-</em></span> 
     </span>
     <span class='ocr_line' id='line_1_20' title="bbox 147 1451 1443 1505; baseline 0.001 -13"><span class='ocrx_word' id='word_1_175' title='bbox 147 1455 318 1493; x_wconf 88' lang='lat' dir='ltr'><em>termiffa</em></span> <span class='ocrx_word' id='word_1_176' title='bbox 345 1454 535 1494; x_wconf 86' lang='lat' dir='ltr'><em>custodiis</em></span> <span class='ocrx_word' id='word_1_177' title='bbox 569 1456 656 1494; x_wconf 89' lang='lat' dir='ltr'><em>loca</em></span> <span class='ocrx_word' id='word_1_178' title='bbox 690 1454 868 1494; x_wconf 86' lang='lat' dir='ltr'><em>Decium</em></span> <span class='ocrx_word' id='word_1_179' title='bbox 890 1452 1014 1493; x_wconf 91' lang='lat' dir='ltr'><em>secuti</em></span> <span class='ocrx_word' id='word_1_180' title='bbox 1036 1451 1139 1492; x_wconf 90' lang='lat' dir='ltr'><em>sunt.</em></span> <span class='ocrx_word' id='word_1_181' title='bbox 1199 1453 1290 1505; x_wconf 83' lang='lat' dir='ltr'><em>Jam</em></span> <span class='ocrx_word' id='word_1_182' title='bbox 1312 1453 1443 1494; x_wconf 83' lang='lat' dir='ltr'><em>evase-</em></span> 
     </span>
     <span class='ocr_line' id='line_1_21' title="bbox 144 1509 1443 1565; baseline 0.002 -16"><span class='ocrx_word' id='word_1_183' title='bbox 144 1521 235 1550; x_wconf 85' lang='lat' dir='ltr'><em>rant</em></span> <span class='ocrx_word' id='word_1_184' title='bbox 256 1513 387 1552; x_wconf 84' lang='lat' dir='ltr'><em>media</em></span> <span class='ocrx_word' id='word_1_185' title='bbox 407 1512 548 1562; x_wconf 84' lang='lat' dir='ltr'><em>castra,</em></span> <span class='ocrx_word' id='word_1_186' title='bbox 580 1525 708 1565; x_wconf 90' lang='lat' dir='ltr'><em>quum</em></span> <span class='ocrx_word' id='word_1_187' title='bbox 740 1510 1050 1565; x_wconf 83' lang='lat' dir='ltr'><em>superscandens</em></span> <span class='ocrx_word' id='word_1_188' title='bbox 1080 1509 1248 1565; x_wconf 86' lang='lat' dir='ltr'><em>vigilum</em></span> <span class='ocrx_word' id='word_1_189' title='bbox 1265 1513 1326 1564; x_wconf 87' lang='lat'><em>(1)</em></span> <span class='ocrx_word' id='word_1_190' title='bbox 1347 1510 1443 1551; x_wconf 87' lang='lat' dir='ltr'><em>stra-</em></span> 
     </span>
     <span class='ocr_line' id='line_1_22' title="bbox 144 1567 1439 1624; baseline 0.001 -18"><span class='ocrx_word' id='word_1_191' title='bbox 144 1578 184 1607; x_wconf 88' lang='lat' dir='ltr'><em>ta</em></span> <span class='ocrx_word' id='word_1_192' title='bbox 220 1568 358 1609; x_wconf 85' lang='lat' dir='ltr'><em>somno</em></span> <span class='ocrx_word' id='word_1_193' title='bbox 394 1584 541 1624; x_wconf 84' lang='lat' dir='ltr'><em>copora</em></span> <span class='ocrx_word' id='word_1_194' title='bbox 573 1570 687 1609; x_wconf 80' lang='lat' dir='ltr'><em>miles</em></span> <span class='ocrx_word' id='word_1_195' title='bbox 722 1568 873 1609; x_wconf 86' lang='lat' dir='ltr'><em>offenso</em></span> <span class='ocrx_word' id='word_1_196' title='bbox 910 1567 1021 1608; x_wconf 91' lang='lat' dir='ltr'><em>scuto</em></span> <span class='ocrx_word' id='word_1_197' title='bbox 1052 1567 1222 1621; x_wconf 85' lang='lat' dir='ltr'><em>praebuit</em></span> <span class='ocrx_word' id='word_1_198' title='bbox 1252 1568 1439 1608; x_wconf 89' lang='lat' dir='ltr'><em>sonitum.</em></span> 
     </span>
     <span class='ocr_line' id='line_1_23' title="bbox 143 1624 1441 1682; baseline 0.002 -18"><span class='ocrx_word' id='word_1_199' title='bbox 143 1640 225 1678; x_wconf 91' lang='lat' dir='ltr'><em>quo</em></span> <span class='ocrx_word' id='word_1_200' title='bbox 246 1628 443 1667; x_wconf 85' lang='lat' dir='ltr'><em>excitatus</em></span> <span class='ocrx_word' id='word_1_201' title='bbox 477 1627 573 1682; x_wconf 88' lang='lat' dir='ltr'><em>vigil</em></span> <span class='ocrx_word' id='word_1_202' title='bbox 607 1641 734 1680; x_wconf 91' lang='lat' dir='ltr'><em>quum</em></span> <span class='ocrx_word' id='word_1_203' title='bbox 756 1626 987 1680; x_wconf 87' lang='lat' dir='ltr'><em>proximum</em></span> <span class='ocrx_word' id='word_1_204' title='bbox 1008 1624 1202 1674; x_wconf 86' lang='lat' dir='ltr'><em>moviffet,</em></span> <span class='ocrx_word' id='word_1_205' title='bbox 1234 1625 1441 1679; x_wconf 66' lang='lat' dir='ltr'><em>ercCfique</em></span> 
     </span>
     <span class='ocr_line' id='line_1_24' title="bbox 142 1682 1440 1739; baseline 0.001 -17"><span class='ocrx_word' id='word_1_206' title='bbox 142 1684 240 1724; x_wconf 81' lang='lat' dir='ltr'><em>alios</em></span> <span class='ocrx_word' id='word_1_207' title='bbox 257 1685 519 1734; x_wconf 85' lang='lat' dir='ltr'><em>concitarent,</em></span> <span class='ocrx_word' id='word_1_208' title='bbox 551 1685 679 1739; x_wconf 86' lang='lat' dir='ltr'><em>ignari</em></span> <span class='ocrx_word' id='word_1_209' title='bbox 700 1684 804 1724; x_wconf 88' lang='lat' dir='ltr'><em>cives</em></span> <span class='ocrx_word' id='word_1_210' title='bbox 825 1689 849 1736; x_wconf 86' lang='lat'>†</span> <span class='ocrx_word' id='word_1_211' title='bbox 869 1698 918 1723; x_wconf 88' lang='lat' dir='ltr'><em>an</em></span> <span class='ocrx_word' id='word_1_212' title='bbox 940 1682 1072 1722; x_wconf 84' lang='lat' dir='ltr'><em>hostes</em></span> <span class='ocrx_word' id='word_1_213' title='bbox 1093 1682 1229 1733; x_wconf 80' lang='lat' dir='ltr'><em>effent,</em></span> <span class='ocrx_word' id='word_1_214' title='bbox 1261 1685 1321 1737; x_wconf 87' lang='lat'><em>(2)</em></span> <span class='ocrx_word' id='word_1_215' title='bbox 1341 1698 1440 1736; x_wconf 83' lang='lat' dir='ltr'><em>prae-</em></span> 
     </span>
     <span class='ocr_line' id='line_1_25' title="bbox 143 1740 1441 1796; baseline 0.001 -16"><span class='ocrx_word' id='word_1_216' title='bbox 143 1741 286 1781; x_wconf 87' lang='lat' dir='ltr'><em>fidium</em></span> <span class='ocrx_word' id='word_1_217' title='bbox 319 1751 563 1796; x_wconf 88' lang='lat' dir='ltr'><em>erumperet,</em></span> <span class='ocrx_word' id='word_1_218' title='bbox 609 1755 659 1781; x_wconf 84' lang='lat' dir='ltr'><em>an</em></span> <span class='ocrx_word' id='word_1_219' title='bbox 695 1741 833 1781; x_wconf 91' lang='lat' dir='ltr'><em>consul</em></span> <span class='ocrx_word' id='word_1_220' title='bbox 874 1740 999 1781; x_wconf 86' lang='lat' dir='ltr'><em>castra</em></span> <span class='ocrx_word' id='word_1_221' title='bbox 1035 1740 1222 1793; x_wconf 76' lang='lat' dir='ltr'><em>cepisset:</em></span> <span class='ocrx_word' id='word_1_222' title='bbox 1270 1740 1441 1789; x_wconf 85' lang='lat' dir='ltr'><em>Decius,</em></span> 
     </span>
     <span class='ocr_line' id='line_1_26' title="bbox 143 1796 1442 1853; baseline -0.001 -14"><span class='ocrx_word' id='word_1_223' title='bbox 143 1801 206 1853; x_wconf 85' lang='lat'><em>(3)</em></span> <span class='ocrx_word' id='word_1_224' title='bbox 241 1813 367 1853; x_wconf 90' lang='lat' dir='ltr'><em>quum</em></span> <span class='ocrx_word' id='word_1_225' title='bbox 396 1813 478 1839; x_wconf 89' lang='lat' dir='ltr'><em>non</em></span> <span class='ocrx_word' id='word_1_226' title='bbox 510 1799 711 1850; x_wconf 86' lang='lat' dir='ltr'><em>fallerent,</em></span> <span class='ocrx_word' id='word_1_227' title='bbox 752 1799 970 1839; x_wconf 84' lang='lat' dir='ltr'><em>clamorem</em></span> <span class='ocrx_word' id='word_1_228' title='bbox 1001 1798 1140 1837; x_wconf 85' lang='lat' dir='ltr'><em>tollere</em></span> <span class='ocrx_word' id='word_1_229' title='bbox 1161 1796 1273 1853; x_wconf 87' lang='lat' dir='ltr'><em>juffis</em></span> <span class='ocrx_word' id='word_1_230' title='bbox 1303 1797 1442 1838; x_wconf 87' lang='lat' dir='ltr'><em>militi-</em></span> 
     </span>
     <span class='ocr_line' id='line_1_27' title="bbox 141 1855 1441 1911; baseline 0 -15"><span class='ocrx_word' id='word_1_231' title='bbox 141 1855 233 1908; x_wconf 91' lang='lat' dir='ltr'><em>bus,</em></span> <span class='ocrx_word' id='word_1_232' title='bbox 262 1860 323 1911; x_wconf 89' lang='lat'><em>(4)</em></span> <span class='ocrx_word' id='word_1_233' title='bbox 353 1857 532 1911; x_wconf 83' lang='lat' dir='ltr'><em>torpidos</em></span> <span class='ocrx_word' id='word_1_234' title='bbox 564 1856 704 1897; x_wconf 86' lang='lat' dir='ltr'><em>somno</em></span> <span class='ocrx_word' id='word_1_235' title='bbox 741 1856 901 1910; x_wconf 85' lang='lat' dir='ltr'><em>insuper</em></span> <span class='ocrx_word' id='word_1_236' title='bbox 930 1869 1075 1909; x_wconf 82' lang='lat' dir='ltr'><em>pavore</em></span> <span class='ocrx_word' id='word_1_237' title='bbox 1096 1856 1326 1903; x_wconf 76' lang='lat' dir='ltr'><em>exanimat3</em></span> <span class='ocrx_word' id='word_1_238' title='bbox 1359 1870 1441 1909; x_wconf 92' lang='lat' dir='ltr'><em>quo</em></span> 
     </span>
     <span class='ocr_line' id='line_1_28' title="bbox 139 1913 1492 1969; baseline -0.001 -15"><span class='ocrx_word' id='word_1_239' title='bbox 139 1914 364 1968; x_wconf 69' lang='lat' dir='ltr'><em>praepediti,</em></span> <span class='ocrx_word' id='word_1_240' title='bbox 394 1929 468 1956; x_wconf 89' lang='lat' dir='ltr'><em>nec</em></span> <span class='ocrx_word' id='word_1_241' title='bbox 503 1929 613 1955; x_wconf 85' lang='lat' dir='ltr'><em>arma</em></span> <span class='ocrx_word' id='word_1_242' title='bbox 645 1914 815 1969; x_wconf 86' lang='lat' dir='ltr'><em>impigre</em></span> <span class='ocrx_word' id='word_1_243' title='bbox 850 1927 1007 1967; x_wconf 85' lang='lat' dir='ltr'><em>capere,</em></span> <span class='ocrx_word' id='word_1_244' title='bbox 1038 1927 1112 1953; x_wconf 89' lang='lat' dir='ltr'><em>nec</em></span> <span class='ocrx_word' id='word_1_245' title='bbox 1133 1913 1334 1963; x_wconf 79' lang='lat' dir='ltr'><em>obsistere,</em></span> <span class='ocrx_word' id='word_1_246' title='bbox 1366 1927 1440 1953; x_wconf 87' lang='lat' dir='ltr'><em>nec</em></span> <span class='ocrx_word' id='word_1_247' title='bbox 1478 1936 1492 1941; x_wconf 78' lang='lat'><em>-</em></span> 
     </span>
     <span class='ocr_line' id='line_1_29' title="bbox 140 1970 1439 2026; baseline -0.002 -14"><span class='ocrx_word' id='word_1_248' title='bbox 140 1971 294 2026; x_wconf 85' lang='lat' dir='ltr'><em>insequi</em></span> <span class='ocrx_word' id='word_1_249' title='bbox 313 1982 510 2026; x_wconf 86' lang='lat' dir='ltr'><em>poterant.</em></span> <span class='ocrx_word' id='word_1_250' title='bbox 541 1973 652 2012; x_wconf 86' lang='lat' dir='ltr'><em>Inter</em></span> <span class='ocrx_word' id='word_1_251' title='bbox 672 1972 980 2026; x_wconf 87' lang='lat' dir='ltr'><em>trepidationem</em></span> <span class='ocrx_word' id='word_1_252' title='bbox 1001 1971 1305 2024; x_wconf 85' lang='lat' dir='ltr'><em>tumultumque</em></span> <span class='ocrx_word' id='word_1_253' title='bbox 1325 1970 1439 2010; x_wconf 88' lang='lat' dir='ltr'><em>Sam-</em></span> 
     </span>
     <span class='ocr_line' id='line_1_30' title="bbox 140 2027 1440 2084; baseline -0.001 -15"><span class='ocrx_word' id='word_1_254' title='bbox 140 2030 302 2079; x_wconf 86' lang='lat' dir='ltr'><em>nitium,</em></span> <span class='ocrx_word' id='word_1_255' title='bbox 347 2031 572 2084; x_wconf 85' lang='lat' dir='ltr'><em>praefidium</em></span> <span class='ocrx_word' id='word_1_256' title='bbox 607 2031 858 2078; x_wconf 84' lang='lat' dir='ltr'><em>Romanum,</em></span> <span class='ocrx_word' id='word_1_257' title='bbox 889 2029 1016 2069; x_wconf 84' lang='lat' dir='ltr'><em>obviis</em></span> <span class='ocrx_word' id='word_1_258' title='bbox 1049 2027 1282 2068; x_wconf 81' lang='lat' dir='ltr'><em>custodibus</em></span> <span class='ocrx_word' id='word_1_259' title='bbox 1316 2029 1440 2079; x_wconf 81' lang='lat' dir='ltr'><em>caefis,</em></span> 
     </span>
     <span class='ocr_line' id='line_1_31' title="bbox 137 2086 1440 2142; baseline -0.002 -14"><span class='ocrx_word' id='word_1_260' title='bbox 137 2089 188 2128; x_wconf 79' lang='lat' dir='ltr'><em>ad</em></span> <span class='ocrx_word' id='word_1_261' title='bbox 210 2088 335 2128; x_wconf 84' lang='lat' dir='ltr'><em>castra</em></span> <span class='ocrx_word' id='word_1_262' title='bbox 367 2088 539 2129; x_wconf 81' lang='lat' dir='ltr'><em>consulis</em></span> <span class='ocrx_word' id='word_1_263' title='bbox 569 2088 760 2142; x_wconf 81' lang='lat' dir='ltr'><em>pervadit.</em></span> <span class='ocrx_word' id='word_1_264' title='bbox 824 2087 1092 2140; x_wconf 82' lang='lat' dir='ltr'><em>Aliquantum</em></span> <span class='ocrx_word' id='word_1_265' title='bbox 1114 2086 1316 2140; x_wconf 84' lang='lat' dir='ltr'><em>supererat</em></span> <span class='ocrx_word' id='word_1_266' title='bbox 1343 2100 1440 2126; x_wconf 89' lang='lat' dir='ltr'><em>noc-</em></span> 
     </span>
     <span class='ocr_line' id='line_1_32' title="bbox 138 2143 1615 2200; baseline -0.001 -16"><span class='ocrx_word' id='word_1_267' title='bbox 138 2145 208 2196; x_wconf 80' lang='lat' dir='ltr'><em>tis,</em></span> <span class='ocrx_word' id='word_1_268' title='bbox 236 2146 399 2199; x_wconf 88' lang='lat' dir='ltr'><em>jamque</em></span> <span class='ocrx_word' id='word_1_269' title='bbox 415 2145 455 2185; x_wconf 89' lang='lat' dir='ltr'><em>in</em></span> <span class='ocrx_word' id='word_1_270' title='bbox 473 2156 561 2186; x_wconf 89' lang='lat' dir='ltr'><em>tuto</em></span> <span class='ocrx_word' id='word_1_271' title='bbox 581 2146 819 2186; x_wconf 84' lang='lat' dir='ltr'><em>videbantur</em></span> <span class='ocrx_word' id='word_1_272' title='bbox 835 2145 937 2193; x_wconf 81' lang='lat' dir='ltr'><em>effe3</em></span> <span class='ocrx_word' id='word_1_273' title='bbox 969 2158 1097 2197; x_wconf 90' lang='lat' dir='ltr'><em>quum</em></span> <span class='ocrx_word' id='word_1_274' title='bbox 1117 2143 1288 2193; x_wconf 84' lang='lat' dir='ltr'><em>Decius,</em></span> <span class='ocrx_word' id='word_1_275' title='bbox 1320 2143 1441 2184; x_wconf 87' lang='lat' dir='ltr'><em>Mac·</em></span> <span class='ocrx_word' id='word_1_276' title='bbox 1457 2168 1559 2199; x_wconf 54' lang='lat' dir='ltr'><em>Dec-us</em></span> <span class='ocrx_word' id='word_1_277' title='bbox 1575 2173 1615 2200; x_wconf 52' lang='lat' dir='ltr'><em>a,</em></span> 
     </span>
     <span class='ocr_line' id='line_1_33' title="bbox 142 2201 1639 2258; baseline 0.003 -18"><span class='ocrx_word' id='word_1_278' title='bbox 142 2204 173 2241; x_wconf 85' lang='lat' dir='ltr'><em>ti</em></span> <span class='ocrx_word' id='word_1_279' title='bbox 206 2205 268 2256; x_wconf 85' lang='lat'><em>(5)</em></span> <span class='ocrx_word' id='word_1_280' title='bbox 308 2205 463 2252; x_wconf 81' lang='lat' dir='ltr'><em>virtute,</em></span> <span class='ocrx_word' id='word_1_281' title='bbox 495 2203 641 2256; x_wconf 88' lang='lat' dir='ltr'><em>inquit,</em></span> <span class='ocrx_word' id='word_1_282' title='bbox 674 2204 806 2243; x_wconf 86' lang='lat' dir='ltr'><em>milites</em></span> <span class='ocrx_word' id='word_1_283' title='bbox 836 2202 1013 2251; x_wconf 85' lang='lat' dir='ltr'><em>Romani,</em></span> <span class='ocrx_word' id='word_1_284' title='bbox 1059 2203 1134 2258; x_wconf 69' lang='lat' dir='ltr'><em>este.</em></span> <span class='ocrx_word' id='word_1_285' title='bbox 1172 2201 1331 2257; x_wconf 74' lang='lat' dir='ltr'><em>vestrum</em></span> <span class='ocrx_word' id='word_1_286' title='bbox 1367 2204 1439 2242; x_wconf 86' lang='lat' dir='ltr'><em>iter</em></span> <span class='ocrx_word' id='word_1_287' title='bbox 1456 2216 1639 2255; x_wconf 66' lang='lat' dir='ltr'><em>corsukmin</em></span> 
     </span>
    </p>
   </div>
   <div class='ocr_carea' id='block_1_4' title="bbox 139 2259 1621 2358">
    <p class='ocr_par' dir='ltr' id='par_1_4' title="bbox 139 2259 1621 2358">
     <span class='ocr_line' id='line_1_34' title="bbox 139 2259 1621 2335; baseline 0.001 -37"><span class='ocrx_word' id='word_1_288' title='bbox 139 2275 184 2299; x_wconf 83' lang='lat' dir='ltr'><em>ac</em></span> <span class='ocrx_word' id='word_1_289' title='bbox 205 2260 361 2300; x_wconf 83' lang='lat' dir='ltr'><em>reditum</em></span> <span class='ocrx_word' id='word_1_290' title='bbox 381 2263 500 2301; x_wconf 83' lang='lat' dir='ltr'><em>omnia</em></span> <span class='ocrx_word' id='word_1_291' title='bbox 520 2262 646 2316; x_wconf 86' lang='lat' dir='ltr'><em>secula</em></span> <span class='ocrx_word' id='word_1_292' title='bbox 667 2261 836 2302; x_wconf 84' lang='lat' dir='ltr'><em>laudibus</em></span> <span class='ocrx_word' id='word_1_293' title='bbox 855 2261 1001 2317; x_wconf 66' lang='lat' dir='ltr'><em>serent.</em></span> <span class='ocrx_word' id='word_1_294' title='bbox 1064 2260 1136 2299; x_wconf 85' lang='lat' dir='ltr'><em>Sed</em></span> <span class='ocrx_word' id='word_1_295' title='bbox 1151 2260 1203 2300; x_wconf 86' lang='lat' dir='ltr'><em>ad</em></span> <span class='ocrx_word' id='word_1_296' title='bbox 1225 2260 1340 2315; x_wconf 64' lang='lat' dir='ltr'><em>cotgs</em></span> <span class='ocrx_word' id='word_1_297' title='bbox 1327 2262 1437 2299; x_wconf 70' lang='lat' dir='ltr'><em>icien-</em></span> <span class='ocrx_word' id='word_1_298' title='bbox 1452 2259 1568 2335; x_wconf 29' lang='lat' dir='ltr'><em>“gumi&#39;&#39;</em></span> <span class='ocrx_word' id='word_1_299' title='bbox 1580 2273 1621 2290; x_wconf 63' lang='lat' dir='ltr'><em>rt</em></span> 
     </span>
     <span class='ocr_line' id='line_1_35' title="bbox 1350 2319 1479 2358; baseline 0 0"><span class='ocrx_word' id='word_1_300' title='bbox 1350 2319 1436 2358; x_wconf 82' lang='lat' dir='ltr'><em>dam</em></span> <span class='ocrx_word' id='word_1_301' title='bbox 1471 2319 1479 2335; x_wconf 86' lang='lat'><strong><em>¹</em></strong></span> 
     </span>
    </p>
   </div>
   <div class='ocr_carea' id='block_1_5' title="bbox 125 2433 1437 2791">
    <p class='ocr_par' dir='ltr' id='par_1_5' title="bbox 136 2433 1437 2565">
     <span class='ocr_line' id='line_1_36' title="bbox 141 2433 1437 2480; baseline 0 -15"><span class='ocrx_word' id='word_1_302' title='bbox 141 2433 187 2465; x_wconf 79' lang='lat' dir='ltr'><em>til.</em></span> <span class='ocrx_word' id='word_1_303' title='bbox 206 2445 231 2465; x_wconf 91' lang='lat' dir='ltr'><em>c.</em></span> <span class='ocrx_word' id='word_1_304' title='bbox 252 2433 303 2473; x_wconf 80' lang='grc'><em>58.</em></span> <span class='ocrx_word' id='word_1_305' title='bbox 321 2447 388 2465; x_wconf 76' lang='lat' dir='ltr'><em>nunc</em></span> <span class='ocrx_word' id='word_1_306' title='bbox 413 2447 465 2476; x_wconf 83' lang='lat' dir='ltr'><em>quo</em></span> <span class='ocrx_word' id='word_1_307' title='bbox 487 2437 515 2465; x_wconf 82' lang='lat' dir='ltr'><em>in</em></span> <span class='ocrx_word' id='word_1_308' title='bbox 543 2437 596 2466; x_wconf 82' lang='lat' dir='ltr'><em>loco</em></span> <span class='ocrx_word' id='word_1_309' title='bbox 621 2450 663 2467; x_wconf 72' lang='lat' dir='ltr'><em>re:</em></span> <span class='ocrx_word' id='word_1_310' title='bbox 685 2436 779 2480; x_wconf 58' lang='lat' dir='ltr'><em>nastrae</em></span> <span class='ocrx_word' id='word_1_311' title='bbox 790 2436 862 2478; x_wconf 73' lang='lat' dir='ltr'><em>sint.</em></span> <span class='ocrx_word' id='word_1_312' title='bbox 907 2434 1096 2467; x_wconf 77' lang='lat' dir='ltr'><em>Gronovius</em></span> <span class='ocrx_word' id='word_1_313' title='bbox 1111 2442 1220 2466; x_wconf 86' lang='lat' dir='ltr'><em>autem</em></span> <span class='ocrx_word' id='word_1_314' title='bbox 1235 2433 1296 2476; x_wconf 78' lang='lat' dir='ltr'><em>legi</em></span> <span class='ocrx_word' id='word_1_315' title='bbox 1318 2433 1389 2465; x_wconf 79' lang='lat' dir='ltr'><em>vult</em></span> <span class='ocrx_word' id='word_1_316' title='bbox 1406 2437 1437 2465; x_wconf 80' lang='lat' dir='ltr'><em>in</em></span> 
     </span>
     <span class='ocr_line' id='line_1_37' title="bbox 137 2479 1436 2524; baseline 0 -14"><span class='ocrx_word' id='word_1_317' title='bbox 137 2492 168 2510; x_wconf 82' lang='lat' dir='ltr'><em>eo</em></span> <span class='ocrx_word' id='word_1_318' title='bbox 183 2493 226 2510; x_wconf 82' lang='lat' dir='ltr'><em>res</em></span> <span class='ocrx_word' id='word_1_319' title='bbox 243 2481 313 2520; x_wconf 75' lang='lat' dir='ltr'><em>fisnt</em></span> <span class='ocrx_word' id='word_1_320' title='bbox 339 2480 443 2522; x_wconf 72' lang='lat' dir='ltr'><em>nostra.</em></span> <span class='ocrx_word' id='word_1_321' title='bbox 488 2481 528 2511; x_wconf 86' lang='lat' dir='ltr'><em>Et</em></span> <span class='ocrx_word' id='word_1_322' title='bbox 553 2483 649 2518; x_wconf 77' lang='lat' dir='ltr'><em>certe,</em></span> <span class='ocrx_word' id='word_1_323' title='bbox 670 2485 696 2511; x_wconf 84' lang='lat' dir='ltr'><em>in</em></span> <span class='ocrx_word' id='word_1_324' title='bbox 713 2494 741 2512; x_wconf 78' lang='lat' dir='ltr'><em>co</em></span> <span class='ocrx_word' id='word_1_325' title='bbox 756 2482 802 2524; x_wconf 69' lang='lat' dir='ltr'><em>ff</em></span> <span class='ocrx_word' id='word_1_326' title='bbox 819 2489 859 2518; x_wconf 80' lang='lat' dir='ltr'><em>ut,</em></span> <span class='ocrx_word' id='word_1_327' title='bbox 881 2481 1006 2522; x_wconf 77' lang='lat' dir='ltr'><em>elegans</em></span> <span class='ocrx_word' id='word_1_328' title='bbox 1029 2480 1092 2512; x_wconf 84' lang='lat' dir='ltr'><em>est:</em></span> <span class='ocrx_word' id='word_1_329' title='bbox 1118 2480 1172 2512; x_wconf 86' lang='lat' dir='ltr'><em>sed</em></span> <span class='ocrx_word' id='word_1_330' title='bbox 1191 2491 1258 2510; x_wconf 89' lang='lat' dir='ltr'><em>non</em></span> <span class='ocrx_word' id='word_1_331' title='bbox 1275 2480 1348 2510; x_wconf 83' lang='lat' dir='ltr'><em>ideo</em></span> <span class='ocrx_word' id='word_1_332' title='bbox 1364 2479 1436 2510; x_wconf 84' lang='lat' dir='ltr'><em>vul-</em></span> 
     </span>
     <span class='ocr_line' id='line_1_38' title="bbox 136 2524 523 2565; baseline -0.003 -9"><span class='ocrx_word' id='word_1_333' title='bbox 136 2532 249 2565; x_wconf 85' lang='lat' dir='ltr'><em>gatum</em></span> <span class='ocrx_word' id='word_1_334' title='bbox 264 2524 523 2565; x_wconf 86' lang='lat' dir='ltr'><em>improbandum.</em></span> 
     </span>
    </p>

    <p class='ocr_par' dir='ltr' id='par_1_6' title="bbox 125 2568 1437 2791">
     <span class='ocr_line' id='line_1_39' title="bbox 185 2568 1435 2612; baseline -0.001 -12"><span class='ocrx_word' id='word_1_335' title='bbox 185 2571 219 2601; x_wconf 91' lang='lat' dir='ltr'><em>C.</em></span> <span class='ocrx_word' id='word_1_336' title='bbox 238 2570 288 2608; x_wconf 87' lang='lat'><em>36.</em></span> <span class='ocrx_word' id='word_1_337' title='bbox 311 2569 366 2610; x_wconf 82' lang='lat'><em>(1)</em></span> <span class='ocrx_word' id='word_1_338' title='bbox 390 2570 607 2610; x_wconf 74' lang='lat' dir='ltr'><em>Stratussbmno</em></span> <span class='ocrx_word' id='word_1_339' title='bbox 632 2569 775 2601; x_wconf 85' lang='lat' dir='ltr'><em>occurrit</em></span> <span class='ocrx_word' id='word_1_340' title='bbox 799 2569 883 2600; x_wconf 56' lang='lat' dir='ltr'><em>infr}</em></span> <span class='ocrx_word' id='word_1_341' title='bbox 906 2569 926 2599; x_wconf 95' lang='lat' dir='ltr'><em>l.</em></span> <span class='ocrx_word' id='word_1_342' title='bbox 947 2579 1001 2608; x_wconf 87' lang='lat'><em>37.</em></span> <span class='ocrx_word' id='word_1_343' title='bbox 1018 2581 1042 2600; x_wconf 90' lang='lat' dir='ltr'><em>c.</em></span> <span class='ocrx_word' id='word_1_344' title='bbox 1063 2579 1114 2601; x_wconf 83' lang='lat'><em>20.</em></span> <span class='ocrx_word' id='word_1_345' title='bbox 1161 2568 1312 2600; x_wconf 86' lang='lat' dir='ltr'><em>Similiter</em></span> <span class='ocrx_word' id='word_1_346' title='bbox 1323 2570 1435 2612; x_wconf 74' lang='lat' dir='ltr'><em>stratus</em></span> 
     </span>
     <span class='ocr_line' id='line_1_40' title="bbox 136 2613 1437 2656; baseline 0.001 -13"><span class='ocrx_word' id='word_1_347' title='bbox 136 2616 204 2644; x_wconf 73' lang='lat' dir='ltr'><em>caede</em></span> <span class='ocrx_word' id='word_1_348' title='bbox 227 2613 365 2655; x_wconf 55' lang='lat' dir='ltr'><em>supral.</em></span> <span class='ocrx_word' id='word_1_349' title='bbox 394 2625 422 2651; x_wconf 83' lang='lat'><em>4.</em></span> <span class='ocrx_word' id='word_1_350' title='bbox 442 2625 472 2645; x_wconf 87' lang='lat' dir='ltr'><em>c.</em></span> <span class='ocrx_word' id='word_1_351' title='bbox 498 2624 548 2654; x_wconf 88' lang='lat'><em>29</em></span> <span class='ocrx_word' id='word_1_352' title='bbox 595 2615 650 2655; x_wconf 92' lang='lat'><em>(2)</em></span> <span class='ocrx_word' id='word_1_353' title='bbox 671 2620 690 2654; x_wconf 90' lang='lat'>†</span> <span class='ocrx_word' id='word_1_354' title='bbox 718 2617 766 2646; x_wconf 84' lang='lat' dir='ltr'><em>An</em></span> <span class='ocrx_word' id='word_1_355' title='bbox 788 2614 972 2656; x_wconf 84' lang='lat' dir='ltr'><em>praefidium</em></span> <span class='ocrx_word' id='word_1_356' title='bbox 993 2622 1188 2656; x_wconf 86' lang='lat' dir='ltr'><em>erumperet,</em></span> <span class='ocrx_word' id='word_1_357' title='bbox 1211 2624 1288 2654; x_wconf 86' lang='lat' dir='ltr'><em>quo,</em></span> <span class='ocrx_word' id='word_1_358' title='bbox 1309 2624 1437 2655; x_wconf 83' lang='lat' dir='ltr'><em>nempe,</em></span> 
     </span>
     <span class='ocr_line' id='line_1_41' title="bbox 137 2657 1435 2702; baseline 0 -13"><span class='ocrx_word' id='word_1_359' title='bbox 137 2657 255 2690; x_wconf 82' lang='lat' dir='ltr'><em>Decius</em></span> <span class='ocrx_word' id='word_1_360' title='bbox 279 2658 394 2689; x_wconf 89' lang='lat' dir='ltr'><em>collem</em></span> <span class='ocrx_word' id='word_1_361' title='bbox 410 2667 634 2699; x_wconf 81' lang='lat' dir='ltr'><em>occupav.erat</em></span> <span class='ocrx_word' id='word_1_362' title='bbox 678 2660 733 2700; x_wconf 92' lang='lat'><em>(3)</em></span> <span class='ocrx_word' id='word_1_363' title='bbox 758 2659 921 2702; x_wconf 82' lang='lat' dir='ltr'><em>Qoniam</em></span> <span class='ocrx_word' id='word_1_364' title='bbox 937 2669 1003 2689; x_wconf 89' lang='lat' dir='ltr'><em>non</em></span> <span class='ocrx_word' id='word_1_365' title='bbox 1020 2659 1201 2690; x_wconf 85' lang='lat' dir='ltr'><em>fefellerant</em></span> <span class='ocrx_word' id='word_1_366' title='bbox 1225 2658 1357 2696; x_wconf 88' lang='lat' dir='ltr'><em>hostem,</em></span> <span class='ocrx_word' id='word_1_367' title='bbox 1381 2658 1435 2689; x_wconf 87' lang='lat' dir='ltr'><em>sed</em></span> 
     </span>
     <span class='ocr_line' id='line_1_42' title="bbox 129 2702 1435 2746; baseline 0 -13"><span class='ocrx_word' id='word_1_368' title='bbox 129 2702 239 2734; x_wconf 81' lang='lat' dir='ltr'><em>.auditi</em></span> <span class='ocrx_word' id='word_1_369' title='bbox 271 2704 411 2735; x_wconf 78' lang='lat' dir='ltr'><em>fuerant.</em></span> <span class='ocrx_word' id='word_1_370' title='bbox 457 2704 512 2744; x_wconf 84' lang='lat'><em>(4)</em></span> <span class='ocrx_word' id='word_1_371' title='bbox 539 2704 786 2746; x_wconf 73' lang='lat' dir='ltr'><em>Torpidusfhmm</em></span> <span class='ocrx_word' id='word_1_372' title='bbox 820 2703 963 2735; x_wconf 86' lang='lat' dir='ltr'><em>occurrit</em></span> <span class='ocrx_word' id='word_1_373' title='bbox 985 2703 1071 2734; x_wconf 83' lang='lat' dir='ltr'><em>infra</em></span> <span class='ocrx_word' id='word_1_374' title='bbox 1101 2703 1122 2733; x_wconf 92' lang='lat' dir='ltr'><em>l.</em></span> <span class='ocrx_word' id='word_1_375' title='bbox 1149 2712 1199 2742; x_wconf 84' lang='lat'><em>25.</em></span> <span class='ocrx_word' id='word_1_376' title='bbox 1233 2714 1259 2734; x_wconf 91' lang='lat' dir='ltr'><em>c.</em></span> <span class='ocrx_word' id='word_1_377' title='bbox 1287 2703 1337 2734; x_wconf 84' lang='lat'><em>28</em></span> <span class='ocrx_word' id='word_1_378' title='bbox 1388 2704 1435 2733; x_wconf 80' lang='lat' dir='ltr'><em>lta</em></span> 
     </span>
     <span class='ocr_line' id='line_1_43' title="bbox 125 2747 1434 2791; baseline 0 -15"><span class='ocrx_word' id='word_1_379' title='bbox 125 2747 238 2789; x_wconf 75' lang='lat' dir='ltr'><em>stupore</em></span> <span class='ocrx_word' id='word_1_380' title='bbox 253 2748 413 2791; x_wconf 69' lang='lat' dir='ltr'><em>torpidusl</em></span> <span class='ocrx_word' id='word_1_381' title='bbox 424 2757 482 2782; x_wconf 78' lang='lat'><em>22.</em></span> <span class='ocrx_word' id='word_1_382' title='bbox 500 2759 525 2779; x_wconf 86' lang='lat' dir='ltr'><em>c.</em></span> <span class='ocrx_word' id='word_1_383' title='bbox 545 2758 592 2788; x_wconf 76' lang='lat'><em>53.</em></span> <span class='ocrx_word' id='word_1_384' title='bbox 639 2749 694 2790; x_wconf 80' lang='lat'><em>(5)</em></span> <span class='ocrx_word' id='word_1_385' title='bbox 720 2749 801 2779; x_wconf 77' lang='lat' dir='ltr'><em>Plin.</em></span> <span class='ocrx_word' id='word_1_386' title='bbox 818 2748 836 2779; x_wconf 90' lang='lat' dir='ltr'><em>l</em></span> <span class='ocrx_word' id='word_1_387' title='bbox 852 2758 879 2781; x_wconf 74' lang='grc'><em>’2.-</em></span> <span class='ocrx_word' id='word_1_388' title='bbox 898 2747 976 2780; x_wconf 78' lang='lat' dir='ltr'><em>Hlst</em></span> <span class='ocrx_word' id='word_1_389' title='bbox 1000 2750 1073 2780; x_wconf 80' lang='lat' dir='ltr'><em>Nat</em></span> <span class='ocrx_word' id='word_1_390' title='bbox 1090 2757 1184 2779; x_wconf 61' lang='lat'>012-</span> <span class='ocrx_word' id='word_1_391' title='bbox 1209 2749 1434 2789; x_wconf 65' lang='lat' dir='ltr'><em>Msfiiingenio</em></span> 
     </span>
    </p>
   </div>
   <div class='ocr_carea' id='block_1_6' title="bbox 756 2791 1435 2832">
    <p class='ocr_par' dir='ltr' id='par_1_7' title="bbox 756 2791 1435 2832">
     <span class='ocr_line' id='line_1_44' title="bbox 756 2791 1435 2832; baseline -0.006 -9"><span class='ocrx_word' id='word_1_392' title='bbox 756 2794 769 2822; x_wconf 94' lang='lat'>1</span> <span class='ocrx_word' id='word_1_393' title='bbox 796 2802 813 2824; x_wconf 87' lang='lat'>2</span> <span class='ocrx_word' id='word_1_394' title='bbox 1378 2791 1435 2832; x_wconf 67' lang='lat' dir='ltr'><em>sse,</em></span> 
     </span>
    </p>
   </div>
  </div>
 </body>
</html>
