1832 3137
403 301 699 344 LIBER.
760 302 791 344 Ι.
853 302 1033 345 CAP.
1095 305 1246 347 XLVI.

185 416 282 456 cura
296 413 550 464 Latinorum,
581 413 632 453 ob
653 427 738 454 rem
760 414 876 454 toties
898 414 1110 456 infeliciter
1126 427 1317 458 tentatam
1335 420 1471 470 armis,

186 473 421 520 videbatur;
459 474 520 526 (3)
552 471 622 510 uni
659 472 695 510 se
717 486 764 510 ex
792 475 852 526 (4)
884 472 1041 514 Sabinis
1077 474 1169 514 fors'
1191 477 1284 516 dare
1316 478 1393 517 visa
1414 477 1470 517 est

184 532 338 585 privato
359 530 520 570 confilio
542 529 698 582 imperii
719 531 992 583 recuperandi.
1044 533 1124 572 Bos
1145 532 1185 572 in
1206 532 1362 574 Sabinis
1380 545 1472 575 nata

186 589 347 628 cuidam
386 586 654 640 patrifamiliae
689 586 849 636 dicitur,
894 589 1075 628 miranda
1110 592 1385 644 magnitudine
1426 607 1471 632 ac

185 645 325 699 specie.
388 644 484 684 Fixa
517 647 579 699 (5)
611 658 682 698 per
705 646 853 684 multas
887 655 1021 685 aetates
1047 661 1196 686 cornua
1218 648 1258 687 in
1279 650 1472 689 vestibulo

184 703 325 756 templi
341 701 487 742 Dianae
506 712 817 742 monumentum
840 703 876 742 ei
904 702 1016 742 fuere
1042 705 1248 744 miraculo.
1308 706 1474 758 Habita,

185 770 230 799 ut
265 769 364 810 erat,
394 774 456 799 res
484 759 655 814 prodigii
687 760 776 799 loco
797 760 878 800 est:
923 763 962 801 δε
993 761 1170 801 cecinere
1202 773 1325 812 vates,
1357 766 1473 819 cujus

183 818 356 858 civitatis
381 831 470 857 eam
493 817 588 857 civis
623 817 768 857 Dianae
790 819 851 872 (6)
883 818 1130 867 immolasset,
1162 819 1215 859 ibi
1242 820 1357 860 fore
1349 836 1474 875 impe-

185 875 318 915 rium·
310 905 321 924 ‚
353 875 474 928 idque
488 889 649 915 carmen
664 885 896 928 pervenerat
910 877 958 915 ad
981 877 1196 916 antistitem
1212 876 1295 916 fani
1315 878 1472 919 Dianae.

185 933 374 983 Sabinus,
406 942 451 972 ut
482 933 609 986 prima
643 942 733 986 apta
770 933 854 973 dies
890 933 1083 974 sacrificio
1115 934 1194 974 visa
1229 935 1299 985 est,
1330 935 1473 976 bovem

186 990 365 1033 Romam
397 990 529 1030 atstam
552 991 715 1031 deducit
736 992 785 1030 ad
819 991 960 1031 fanum
981 991 1143 1042 Dianae,
1178 995 1217 1032 &
1251 1003 1343 1032 ante
1365 1008 1474 1033 aram

185 1048 334 1088 statuit.
386 1048 446 1088 Ibi
480 1048 641 1088 antistes
678 1049 906 1098 Romanus,
948 1064 1074 1102 quum
1110 1064 1204 1089 eum
1240 1051 1475 1105 magnitudo

186 1105 364 1146 vietimae
384 1105 581 1146 celebrata
611 1105 720 1146 fama
752 1107 947 1158 moviffet,
979 1121 1133 1146 memor
1164 1107 1334 1161 responii
1363 1108 1476 1148 Sabi-

186 1177 285 1203 num
313 1164 368 1203 ita
389 1162 630 1217 alloquitur:
664 1163 862 1219 Qcidtmm
883 1174 938 1215 tu,
968 1165 1096 1219 hospes,
1121 1175 1239 1217 paras
1262 1169 1281 1204 ?
1314 1166 1474 1219 inquit;

186 1219 314 1276 ᾰηεςβε
348 1220 374 1275 (
379 1233 401 1274 7
406 1224 431 1279 )
450 1221 682 1276 sacrificium
714 1222 851 1262 Dianae
866 1224 1022 1278 facere
1019 1226 1036 1252 9
1086 1222 1198 1278 Qtin
1219 1232 1260 1262 tu
1280 1222 1368 1262 ante
1390 1225 1478 1263 vivo

180 1279 420 1335 perfunderis
435 1280 634 1334 flumine?
673 1279 813 1344 Itfimd
838 1281 934 1319 valle
961 1281 1125 1335 praefluit
1147 1280 1303 1320 Tiberis.
1365 1281 1478 1320 Reli-

186 1351 306 1390 gione
328 1336 461 1377 taetus
480 1337 641 1391 hospes,
673 1338 742 1390 qui
764 1338 913 1387 omnia,
946 1348 990 1377 ut
1020 1338 1203 1391 prodigio
1225 1338 1479 1391 responderet

186 1404 369 1443 eventus,
401 1405 565 1447 cuperet
585 1393 659 1435 rite
683 1395 809 1445 facia,
839 1409 887 1435 ex
920 1398 980 1449 (8)
1016 1397 1166 1448 templo
1200 1395 1401 1435 descendit
1428 1398 1479 1436 ad

186 1451 382 1491 Tiberim.
434 1453 591 1492 Interea
622 1453 834 1492 Romanus
867 1453 1048 1492 immolat
1068 1453 1214 1492 Dianae
1247 1452 1407 1492 bovem.
1437 1453 1479 1493 id

189 1506 288 1548 mire
309 1519 469 1563 gratum
482 1509 566 1563 regi
587 1519 706 1563 atque
729 1510 877 1549 civitati
899 1510 989 1549 fuit.

247 1566 401 1606 XLVI.
433 1567 610 1616 Servius,
642 1581 873 1620 quanquam
891 1569 975 1622 jam
998 1568 1070 1607 usu
1082 1567 1191 1607 haud
1208 1567 1376 1607 dubium
1392 1581 1482 1622 reg-

189 1637 289 1663 num
306 1625 540 1677 possederat,
571 1634 706 1664 tamen
728 1625 821 1677 quia
843 1625 1045 1663 interdum
1062 1625 1207 1679 jadiari
1228 1639 1345 1665 voces
1377 1640 1399 1664 a
1416 1627 1482 1680 jue

189 1696 289 1721 vene
309 1682 534 1734 Tarquinio
564 1682 764 1730 audiebat,
796 1682 833 1721 se
850 1681 995 1736 injuffu
1015 1683 1154 1735 populi
1174 1696 1355 1736 regnare,
1387 1697 1483 1722 con-

188 1739 320 1779 ciliata
337 1737 449 1792 prius
476 1739 681 1778 voluntate
698 1739 838 1793 plebis,
868 1754 964 1793 agro
985 1749 1101 1793 capto
1123 1753 1171 1779 ex
1192 1738 1370 1780 hostibus
1391 1741 1484 1779 viri-

190 1797 264 1836 tim
278 1797 415 1845 diviso,
447 1796 564 1836 ausus
578 1796 633 1836 est
655 1796 759 1836 ferre
776 1798 823 1836 ad
842 1798 1055 1850 populum,
1086 1798 1232 1844 vellent,
1250 1799 1484 1851 juberentur,

178 1855 222 1910 se
253 1858 442 1909 regnare?
480 1864 672 1908 tantoque
708 1854 915 1903 consensu,
947 1865 1098 1908 quanto
1130 1855 1238 1894 haud
1274 1855 1483 1909 quisquam

216 1982 269 2002 em
284 1982 395 2003 curam
409 1972 450 2003 de
466 1971 652 2013 principatu
680 1971 788 2002 Latini
819 1972 882 2013 jam
915 1970 1058 2013 abjecisse
1089 1970 1291 2002 videbantur.
1336 1973 1390 2012 (3)
1423 1974 1486 2003 Oc-

191 2015 277 2047 Caslo
293 2016 429 2047 fortuita
445 2017 621 2058 recipiendi
639 2016 765 2058 imperii
793 2017 921 2059 privato
942 2016 1072 2047 consilio
1089 2015 1155 2046 visa
1182 2016 1224 2047 est
1249 2016 1278 2047 se
1295 2016 1411 2047 offerre
1428 2016 1485 2047 uni

194 2072 233 2091 ex
247 2060 378 2092 Sabinis&
401 2063 436 2092 E.
481 2063 536 2103 (4)
562 2062 627 2104 Qi
655 2069 721 2092 non
738 2061 824 2092 secus
850 2073 886 2093 ac
911 2061 1019 2092 Latini
1045 2060 1161 2092 frustra
1177 2071 1251 2091 curn
1276 2061 1428 2092 Romanis
1445 2062 1486 2093 de

195 2105 333 2147 imperio
349 2114 559 2138 certaverant.
587 2107 641 2147 (5)
653 2109 698 2137 Sc.
715 2107 783 2148 post
796 2106 1059 2143 immolationem,
1069 2116 1139 2146 quae
1152 2116 1227 2136 mox
1240 2106 1432 2136 narrabitur.
1446 2107 1482 2135 E.

195 2151 251 2191 (6)
272 2150 486 2182 Aventinenfi
512 2152 550 2182 sc.
568 2153 642 2183 Ideo
670 2151 787 2182 bovem
810 2151 944 2182 Sabinus
971 2153 1107 2181 Romam
1132 2150 1273 2181 adduxit.
1325 2151 1379 2191 (7)
1409 2152 1485 2181 Non

198 2197 286 2235 pure.
331 2196 385 2237 (8)
410 2197 661 2238 Mallemlegere
673 2199 816 2238 extemplo,
837 2196 856 2226 i.
872 2208 897 2227 e.
921 2195 1043 2226 statim:
1070 2195 1216 2235 quamvis
1238 2194 1386 2235 equidem
1404 2196 1434 2225 ὃ(
1451 2194 1486 2224 in

197 2240 231 2270 in
248 2241 308 2271 hoc
324 2241 415 2272 sensu
442 2241 600 2272 Gesnerus
616 2241 734 2282 aliique
749 2255 783 2272 cx
800 2244 896 2283 templo
924 2240 1048 2272 divisim
1065 2240 1219 2270 scribunt.
1268 2241 1352 2270 Bene
1378 2248 1485 2270 autem

197 2285 334 2326 Scaliger
350 2286 443 2317 docet
471 2289 603 2328 extemplo
633 2286 693 2317 effe
718 2286 855 2317 verbum
883 2286 1055 2321 sacrorum,
1078 2284 1156 2315 ficut
1176 2287 1247 2314 ilicet
1270 2283 1482 2325 judiciorum:

199 2338 235 2360 ut
246 2330 332 2360 enim
348 2330 420 2367 hoc,
442 2331 566 2362 dimiffo
583 2330 740 2369 concilio,
732 2344 739 2350 ·
764 2331 804 2362 fic
819 2332 850 2361 &
867 2330 958 2367 illud,
980 2328 1133 2361 sacrificio
1146 2337 1286 2370 patrato,
1308 2339 1325 2358 a
1338 2338 1487 2369 praecone

199 2375 497 2415 pronunciabatur,
521 2387 586 2416 quo
618 2375 852 2417 significabatur
876 2383 911 2406 ut
928 2375 1051 2406 exirent
1067 2385 1105 2405 ex
1122 2373 1251 2415 templo·
1298 2374 1395 2415 Qod
1412 2372 1488 2413 quia

199 2419 265 2450 cito
281 2419 387 2456 fiebat,
407 2419 482 2451 inde
499 2431 560 2461 pro
577 2420 641 2451 cito
641 2401 689 2451 ὁδε
719 2422 856 2462 propere
873 2419 951 2451 sumi
968 2427 1107 2460 caepttun
1129 2419 1178 2449 est.
1224 2417 1290 2448 Alii
1306 2418 1420 2448 volunt
1439 2431 1488 2447 ex-

199 2466 296 2506 templo
309 2463 394 2495 idem
405 2475 537 2496 ommno
550 2464 609 2496 effe
621 2476 657 2496 ac
673 2468 755 2496 iltco:
782 2473 818 2496 ut
834 2464 919 2495 enim
932 2465 992 2495 hoc
1003 2465 1043 2496 ab
1055 2466 1132 2494 eloco
1146 2464 1269 2494 farcitum
1281 2462 1332 2499 est,
1348 2461 1392 2492 ita
1407 2461 1489 2492 illud

201 2509 241 2540 ab
262 2522 294 2538 ex
309 2511 425 2551 templ05
453 2510 609 2550 templum
633 2510 718 2542 enim
738 2511 770 2540 δι
795 2509 899 2551 ipsum
925 2512 1005 2540 locum
1031 2509 1206 2559 aliquando
1222 2506 1402 2549 significare.
1448 2508 1489 2536 Et

201 2554 309 2584 locum
337 2562 422 2584 certe
450 2552 622 2595 fignificat3
654 2563 685 2586 at
711 2555 818 2586 locum
834 2554 996 2595 capiendis
1024 2554 1112 2595 auspi
1116 2553 1170 2584 ciis
1195 2552 1235 2583 ab
1263 2562 1382 2593 augure
1407 2550 1489 2581 lituo

202 2599 410 2639 designatum,
432 2600 517 2629 unde
548 2598 582 2629 in
598 2610 707 2630 omnes
734 2608 841 2641 partes
872 2599 953 2630 liber
984 2598 1027 2630 est
1053 2594 1491 2639 aspe&us.Pr1ulquamln

204 2642 351 2684 Scaligeri
378 2643 677 2685 interpretationem
697 2643 883 2681 incidiffem,
904 2646 1035 2687 extmplo
1060 2643 1185 2676 dietum
1211 2641 1366 2685 putabam
1392 2640 1431 2670 de
1457 2649 1491 2668 re

205 2687 310 2719 rubim
323 2699 362 2721 ex
364 2700 403 2720 ar.
407 2688 538 2727 escente,
561 2688 676 2731 quasic
691 2703 717 2720 co
720 2691 776 2733 πᾳ
770 2694 834 2722 ἄη.
858 2691 893 2720 Ε.

838 2751 870 2790 F
904 2763 925 2790 2
1393 2744 1492 2784 aliua
