1905 3168
186 302 245 342 66
650 342 652 344 ,
868 302 1236 345 T.L1vl1

404 414 695 468 antiquissimus
717 413 863 456 Fabius
888 416 1045 468 Ρὶἃοτ,
1076 431 1233 467 eorum,
1265 417 1335 471 qui
1355 416 1459 459 ferre
1481 418 1589 458 a'rr'na
1610 415 1702 473 posn

405 474 506 523 sent,
538 487 631 513 eum
654 487 870 513 numerum
895 473 1021 515 fuiffe.
1084 475 1151 515 Ad
1172 490 1260 515 eam
1281 476 1583 517 multitudinem
1604 476 1702 518 urbs

185 548 259 577 Urbs
276 549 377 590 ampli.
405 545 567 585 quoque
591 531 872 585 amplificanda
893 532 971 572 visa
992 532 1061 572 est.
1101 533 1228 573 Addit
1244 534 1345 574 duos
1361 535 1498 585 colles,
1528 534 1701 592 Qirin-

171 592 284 634 faeta.
406 590 508 629 alem
530 589 872 643 Viminalemque.
908 590 999 630 inde
1032 590 1221 645 deinceps
1242 601 1360 646 auget
1393 595 1455 646 (5)
1479 592 1702 645 Esquilias:

406 646 541 700 ibique
565 648 659 700 ipse,
693 658 737 687 ut
762 649 852 688 loco
879 648 1051 703 dignitas
1085 647 1212 697 fieret,
1243 647 1408 689 habitat.
1472 650 1700 705 Aggere&

406 704 512 745 soffis
537 708 576 746 &
600 719 718 745 muro
738 706 962 746 circumdat
998 706 1152 746 urbem.
1187 707 1241 746 ita
1262 707 1507 760 pomoerium
1529 706 1696 761 profert

406 763 675 813 pomoerium,
707 762 816 803 verbi
838 764 919 803 vim
942 763 1091 803 solam
1082 773 1301 814 1ntuentes‚
1332 765 1613 818 postmoerium
1635 767 1699 819 (6)

406 820 719 875 interpretantur
739 821 826 861 effe.
863 821 930 861 Est
953 831 1087 861 autem
1109 822 1236 876 magis
1259 822 1363 862 circa
1384 836 1548 862 murum
1570 824 1701 871 locus,

405 893 528 932 quem
561 880 601 920 in
633 878 853 919 condendis
882 878 1046 919 urbibus
1069 880 1274 932 quondam
1307 879 1478 930 Etrusci,
1509 880 1588 933 qua
1607 894 1700 920 mu-

404 950 496 976 rum
525 936 688 977 dmsturi
709 946 837 987 erant,
867 936 985 978 certis
1007 935 1113 977 circa
1130 937 1311 977 terminis
1339 935 1580 992 inaugurato
1603 951 1702 978 con-0·

406 993 638 1035 secrabant:
682 1004 726 1034 ut
754 1009 885 1048 neque
912 995 1102 1035 interiore
1134 1004 1246 1048 parte
1281 994 1453 1035 aedificia
1495 995 1703 1036 moenibus

403 1052 736 1093 continuarentur
769 1055 847 1107 (7),
879 1067 968 1107 quae
995 1066 1103 1092 nunc
1129 1049 1252 1107 vulgo
1274 1053 1396 1092 etiam
1433 1055 1495 1107 (8)
1529 1054 1701 1109 conjun-

403 1120 531 1165 gunt;
566 1114 607 1152 &
628 1110 874 1151 extrinsecus
899 1111 990 1165 puri
1011 1111 1161 1164 aliquid
1184 1110 1232 1150 ab
1253 1109 1433 1150 humano
1455 1112 1567 1151 cultu
1587 1120 1701 1165 pate-

402 1178 463 1208 ret
490 1169 574 1209 soli.
614 1169 708 1209 Hoc
730 1168 916 1222 spatium,
947 1169 1057 1222 quod
1078 1182 1208 1222 neque
1224 1167 1412 1220 habitari,
1443 1182 1574 1222 neque
1596 1169 1700 1209 arari

399 1225 460 1267 fas
481 1236 580 1278 erat,
610 1241 694 1266 non
715 1226 842 1282 magis
875 1224 986 1280 quod
1007 1226 1094 1281 post
1116 1240 1279 1267 murum
1301 1227 1408 1276 esset,
1441 1241 1562 1280 quam
1585 1224 1700 1279 quod

401 1298 541 1326 murus
572 1284 661 1338 post
695 1284 751 1334 id,
786 1285 1032 1339 pomoerium
1070 1284 1247 1325 Romani
1284 1285 1547 1339 appellarunt.
1582 1287 1622 1325 δι’
1655 1284 1702 1324 in*

402 1341 512 1383 urbis
547 1343 798 1382 incremento
839 1342 1010 1396 semper,
1043 1351 1241 1396 quantum
1275 1343 1427 1382 moenia
1467 1342 1694 1396 processura

400 1406 527 1448 erant,
559 1409 718 1439 tanturn
738 1400 900 1439 termini
920 1400 963 1439 hi
981 1400 1198 1440 consecrati
1220 1399 1539 1453 proferebantur.

456 1457 590 1498 XLV.
650 1457 789 1497 Aucta
829 1457 988 1498 civitate
1025 1457 1303 1511 magnitudine
1345 1457 1470 1507 urbis,
1512 1457 1698 1499 formatis

179 1537 335 1571 Communia
398 1515 586 1556 omnibus
612 1515 723 1555 domi
759 1518 799 1556 ὅτ
829 1515 879 1554 ad
909 1514 1068 1555 belli&
1105 1516 1154 1554 ad
1185 1515 1295 1568 pacis
1321 1514 1429 1564 usus,
1460 1527 1510 1555 ne
1542 1515 1699 1569 semper

163 1584 252 1624 fimo
266 1587 345 1617 Rom.
397 1574 518 1615 armis
539 1586 644 1627 opes>
667 1572 985 1627 acquirerentur,
1017 1572 1178 1612 confili‘o
1200 1586 1346 1627 augere
1378 1571 1593 1627 imperium
1630 1587 1699 1613 co-

180 1628 347 1662 &Lamo-
398 1641 516 1672 natus
537 1632 620 1680 est3
644 1632 757 1670 fimul
782 1632 822 1671 &-
845 1630 1008 1683 aliquod
1025 1630 1170 1670 addere
1185 1629 1274 1670 urbi
1296 1631 1431 1671 decus.
1491 1631 1586 1696 Jarn
1605 1630 1695 1670 tum

175 1685 245 1704 ’Μ’
397 1700 482 1730 erat
510 1690 708 1745 inclytum
721 1688 867 1729 Dianae
900 1687 1080 1741 Ephefiae
1115 1687 1282 1727 fanum:
1318 1688 1359 1727 id
1381 1688 1652 1728 communiter
1673 1702 1700 1729 a

396 1747 623 1789 civitatibus
648 1747 752 1788 Afiae
769 1746 926 1786 facC‘cum
948 1746 1055 1785 fama
1077 1745 1243 1786 ferebat.
1289 1745 1433 1810 Qum
1456 1746 1695 1786 consensum

395 1805 589 1859 Deosque
607 1804 854 1845 consociatos
880 1805 1062 1844 laudaret
1080 1801 1180 1843 mire
1201 1803 1363 1844 Servius
1385 1804 1489 1844 inter
1509 1818 1696 1858 proceres

396 1865 650 1912 Latinorum,
694 1876 788 1903 cum
830 1862 976 1915 quibus
1021 1859 1180 1916 publice
1220 1861 1488 1915 privatimque
1524 1861 1697 1915 hospitia

395 1921 667 1974 amicitiasque
685 1921 733 1960 de
756 1919 947 1963 industria
975 1921 1194 1975 junxerat3
1227 1919 1328 1973 saepe
1344 1919 1525 1959 iterando
1553 1919 1696 1959 eadem.

395 1980 570 2034 perpulit
592 1979 769 2027 tandem,
802 1987 847 2017 ut
874 1978 1021 2018 Romae
1042 1980 1104 2031 (1)
1126 1977 1267 2017 fanum
1289 1977 1434 2017 Dianae
1456 1977 1594 2031 populi
1615 1977 1696 2016 La·

396 2038 469 2077 tini
498 2051 592 2077 cum
629 2037 785 2091 populo
816 2036 1006 2075 Romano
1040 2035 1232 2075 facerent.
1284 2035 1342 2074 Ea
1373 2045 1458 2074 erat
1489 2035 1694 2085 confessio,

395 2104 517 2149 caput
538 2101 674 2135 rerum
704 2094 881 2133 Romam
904 2094 995 2144 effe,
1026 2094 1074 2133 de
1101 2108 1182 2146 quo
1204 2092 1322 2133 toties
1344 2093 1465 2133 armis
1494 2102 1694 2133 certatum

396 2153 540 2194 fuerat.
613 2152 660 2192 Id
709 2155 771 2205 (2)
822 2164 1055 2205 quanquam
1088 2152 1274 2191 omiffum
1301 2148 1389 2206 jam
1422 2164 1471 2190 ex
1506 2149 1694 2190 omnium

1593 2217 1696 2248 cura

396 2331 425 2361 se
410 2341 470 2366 re,
516 2327 606 2359 Vixit
624 2325 753 2358 secundi
781 2326 857 2357 belli
875 2326 990 2358 Punici
1023 2325 1232 2368 temporibus.
1279 2327 1379 2357 Fuere
1396 2333 1503 2357 tamen
1521 2332 1597 2356 ante
1618 2335 1693 2356 eum

395 2374 474 2412 fasti,
499 2371 731 2409 commentarii,
769 2372 909 2409 annales,
938 2373 997 2403 Sec.
1024 2373 1064 2403 cle
1090 2371 1207 2412 quibus
1234 2369 1300 2401 vid.
1326 2371 1412 2401 infra
1440 2370 1459 2400 l.
1476 2381 1505 2408 4.
1522 2381 1546 2402 c.
1565 2380 1593 2409 3
1639 2370 1696 2411 (5)

394 2423 503 2461 Auget
536 2417 677 2449 aedificiis
693 2416 877 2457 incolisque.
925 2416 1112 2448 Gronovius
1133 2417 1215 2454 vult,
1235 2424 1317 2458 auget
1341 2417 1485 2457 Esquiliis.
1499 2415 1529 2445 h.
1540 2426 1565 2446 6.
1597 2422 1693 2456 auget

395 2476 434 2496 ur
437 2465 521 2501 bem,
544 2461 680 2504 receptis
696 2461 783 2493 intra
793 2463 860 2503 ejus
883 2461 1043 2493 ambitum
1058 2461 1216 2502 Esquiliis.
1262 2463 1364 2492 Mo'ns
1387 2468 1495 2492 autem
1508 2459 1694 2500 Esquilinus

396 2508 550 2540 viminali
567 2507 733 2549 proximus
746 2506 796 2537 est.
844 2505 931 2538 Hinc
957 2506 1035 2538 dicit
1061 2506 1185 2544 Livius,
1205 2509 1336 2548 dein1‚1:eps
1359 2506 1390 2536 h.
1412 2517 1439 2538 6.
1461 2504 1617 2536 continuo
1640 2515 1693 2535 01-

395 2554 479 2586 dine.
524 2553 579 2595 (6)
603 2552 621 2582 i.
647 2563 672 2583 6.
700 2552 769 2593 post
796 2562 935 2582 murum.
982 2551 1121 2582 Minime
1148 2559 1242 2594 negat
1263 2551 1377 2582 Livius
1407 2551 1490 2582 hanc
1514 2549 1574 2580 effe
1600 2548 1692 2580 verbi

395 2598 638 2641 etymologiam
662 2597 713 2628 secl
731 2597 898 2627 contendit
910 2606 1024 2628 contra
1040 2608 1093 2628 eos
1111 2596 1166 2638 qui
1182 2599 1274 2638 filum
1291 2595 1527 2639 etymologiam,
1550 2594 1583 2624 in
1599 2593 1692 2625 verbi

393 2642 673 2685 interpretatione,
703 2641 882 2672 intuebant
878 2652 923 2672 11·
969 2642 1024 2683 (7)
1059 2643 1166 2683 Prope
1193 2653 1303 2673 muros
1329 2641 1575 2673 exstruerentur.
1635 2639 1693 2681 (8)

396 2691 443 2720 ita
462 2686 601 2730 jungunt
614 2695 649 2718 ut
665 2687 780 2718 maenia
797 2687 885 2717 urbis
902 2686 962 2718 sint
980 2686 1182 2728 privatarum
1198 2687 1315 2718 aedium
1332 2692 1448 2728 partes.

442 2753 477 2785 C.
504 2761 556 2792 45.
579 2750 634 2792 (1)
658 2751 694 2781 In
709 2749 889 2789 Aventinm
911 2758 947 2782 ut
971 2751 1066 2783 docet
1093 2749 1275 2794 Dionyfius.
1319 2749 1378 2793 (2)
1400 2750 1596 2792 Qanquam
1623 2755 1692 2776 om·

1617 2800 1695 2822 nem·
