<?xml version="1.0" encoding="UTF-8"?>
<!DOCTYPE html PUBLIC "-//W3C//DTD XHTML 1.0 Transitional//EN"
    "http://www.w3.org/TR/xhtml1/DTD/xhtml1-transitional.dtd">
<html xmlns="http://www.w3.org/1999/xhtml" xml:lang="en" lang="en">
 <head>
  <title>
</title>
<meta http-equiv="Content-Type" content="text/html;charset=utf-8" />
  <meta name='ocr-system' content='tesseract 3.04.00' />
  <meta name='ocr-capabilities' content='ocr_page ocr_carea ocr_par ocr_line ocrx_word'/>
</head>
<body>
  <div class='ocr_page' id='page_1' title='image "./historiaeromanae01livyuoft_0198.png"; bbox 0 0 1853 3158; ppageno 0'>
   <div class='ocr_carea' id='block_1_1' title="bbox 130 267 1173 322">
    <p class='ocr_par' dir='ltr' id='par_1_1' title="bbox 130 267 1173 322">
     <span class='ocr_line' id='line_1_1' title="bbox 130 267 1173 322; baseline 0.003 -12"><span class='ocrx_word' id='word_1_1' title='bbox 130 283 206 322; x_wconf 84' lang='lat'>172</span> <span class='ocrx_word' id='word_1_2' title='bbox 805 267 1173 313; x_wconf 85' lang='lat' dir='ltr'>T.L1V11</span> 
     </span>
    </p>
   </div>
   <div class='ocr_carea' id='block_1_2' title="bbox 113 382 1635 2053">
    <p class='ocr_par' dir='ltr' id='par_1_2' title="bbox 113 382 1635 2053">
     <span class='ocr_line' id='line_1_2' title="bbox 340 382 1633 439; baseline 0.005 -17"><span class='ocrx_word' id='word_1_3' title='bbox 340 383 482 439; x_wconf 83' lang='lat' dir='ltr'>magis,</span> <span class='ocrx_word' id='word_1_4' title='bbox 514 383 637 437; x_wconf 65' lang='lat' dir='ltr'>quam</span> <span class='ocrx_word' id='word_1_5' title='bbox 654 383 744 424; x_wconf 81' lang='lat' dir='ltr'>satis</span> <span class='ocrx_word' id='word_1_6' title='bbox 765 382 898 436; x_wconf 70' lang='lat' dir='ltr'>caute,</span> <span class='ocrx_word' id='word_1_7' title='bbox 920 385 960 426; x_wconf 91' lang='lat' dir='ltr'>in</span> <span class='ocrx_word' id='word_1_8' title='bbox 983 386 1156 428; x_wconf 88' lang='lat' dir='ltr'>mediam</span> <span class='ocrx_word' id='word_1_9' title='bbox 1177 385 1476 428; x_wconf 81' lang='lat' dir='ltr'>dimicationem</span> <span class='ocrx_word' id='word_1_10' title='bbox 1496 386 1633 438; x_wconf 83' lang='lat' dir='ltr'>infert,</span> 
     </span>
     <span class='ocr_line' id='line_1_3' title="bbox 338 443 1633 499; baseline 0.005 -19"><span class='ocrx_word' id='word_1_11' title='bbox 338 443 503 481; x_wconf 85' lang='lat' dir='ltr'>vulnere</span> <span class='ocrx_word' id='word_1_12' title='bbox 525 451 705 495; x_wconf 91' lang='lat' dir='ltr'>accepto,</span> <span class='ocrx_word' id='word_1_13' title='bbox 726 456 830 497; x_wconf 86' lang='lat' dir='ltr'>aegre</span> <span class='ocrx_word' id='word_1_14' title='bbox 852 443 900 483; x_wconf 89' lang='lat' dir='ltr'>ab</span> <span class='ocrx_word' id='word_1_15' title='bbox 921 444 1268 486; x_wconf 85' lang='lat' dir='ltr'>circumstantibus</span> <span class='ocrx_word' id='word_1_16' title='bbox 1285 455 1460 499; x_wconf 86' lang='lat' dir='ltr'>ereptus,</span> <span class='ocrx_word' id='word_1_17' title='bbox 1484 447 1525 486; x_wconf 89' lang='lat'>&amp;</span> <span class='ocrx_word' id='word_1_18' title='bbox 1543 445 1633 486; x_wconf 91' lang='lat' dir='ltr'>suo-</span> 
     </span>
     <span class='ocr_line' id='line_1_4' title="bbox 339 499 1634 556; baseline 0.005 -19"><span class='ocrx_word' id='word_1_19' title='bbox 339 512 430 538; x_wconf 89' lang='lat' dir='ltr'>rum</span> <span class='ocrx_word' id='word_1_20' title='bbox 452 499 606 540; x_wconf 88' lang='lat' dir='ltr'>animos</span> <span class='ocrx_word' id='word_1_21' title='bbox 627 499 816 550; x_wconf 86' lang='lat' dir='ltr'>turbavit,</span> <span class='ocrx_word' id='word_1_22' title='bbox 850 503 890 541; x_wconf 88' lang='lat'>&amp;</span> <span class='ocrx_word' id='word_1_23' title='bbox 912 500 1126 543; x_wconf 86' lang='lat' dir='ltr'>ferociores</span> <span class='ocrx_word' id='word_1_24' title='bbox 1146 503 1278 543; x_wconf 89' lang='lat' dir='ltr'><strong>hostes</strong></span> <span class='ocrx_word' id='word_1_25' title='bbox 1299 502 1407 542; x_wconf 90' lang='lat' dir='ltr'>fecit.</span> <span class='ocrx_word' id='word_1_26' title='bbox 1440 502 1525 556; x_wconf 92' lang='lat' dir='ltr'>qui,</span> <span class='ocrx_word' id='word_1_27' title='bbox 1556 516 1634 543; x_wconf 88' lang='lat' dir='ltr'>cae-</span> 
     </span>
     <span class='ocr_line' id='line_1_5' title="bbox 338 557 1629 611; baseline 0.004 -17"><span class='ocrx_word' id='word_1_28' title='bbox 338 557 386 595; x_wconf 90' lang='lat' dir='ltr'>de</span> <span class='ocrx_word' id='word_1_29' title='bbox 409 557 528 611; x_wconf 83' lang='lat' dir='ltr'>legati</span> <span class='ocrx_word' id='word_1_30' title='bbox 559 560 598 598; x_wconf 87' lang='lat'>&amp;</span> <span class='ocrx_word' id='word_1_31' title='bbox 617 557 789 597; x_wconf 87' lang='lat' dir='ltr'>consulis</span> <span class='ocrx_word' id='word_1_32' title='bbox 805 559 968 599; x_wconf 87' lang='lat' dir='ltr'>vulnere</span> <span class='ocrx_word' id='word_1_33' title='bbox 997 561 1164 610; x_wconf 85' lang='lat' dir='ltr'>accenfi,</span> <span class='ocrx_word' id='word_1_34' title='bbox 1195 561 1304 600; x_wconf 65' lang='lat' dir='ltr'>nulla</span> <span class='ocrx_word' id='word_1_35' title='bbox 1324 560 1468 600; x_wconf 89' lang='lat' dir='ltr'>deinde</span> <span class='ocrx_word' id='word_1_36' title='bbox 1489 559 1527 599; x_wconf 90' lang='lat' dir='ltr'>vi</span> <span class='ocrx_word' id='word_1_37' title='bbox 1548 559 1629 599; x_wconf 90' lang='lat' dir='ltr'>sus-</span> 
     </span>
     <span class='ocr_line' id='line_1_6' title="bbox 337 614 1633 671; baseline 0.003 -19"><span class='ocrx_word' id='word_1_38' title='bbox 337 614 454 653; x_wconf 89' lang='lat' dir='ltr'>tineri</span> <span class='ocrx_word' id='word_1_39' title='bbox 484 624 665 668; x_wconf 89' lang='lat' dir='ltr'>potuere,</span> <span class='ocrx_word' id='word_1_40' title='bbox 697 629 823 668; x_wconf 89' lang='lat' dir='ltr'>quum</span> <span class='ocrx_word' id='word_1_41' title='bbox 855 618 1046 671; x_wconf 76' lang='lat' dir='ltr'>compulsi</span> <span class='ocrx_word' id='word_1_42' title='bbox 1079 618 1120 657; x_wconf 92' lang='lat' dir='ltr'>in</span> <span class='ocrx_word' id='word_1_43' title='bbox 1151 617 1276 658; x_wconf 85' lang='lat' dir='ltr'>castra</span> <span class='ocrx_word' id='word_1_44' title='bbox 1297 617 1476 657; x_wconf 85' lang='lat' dir='ltr'>Romani</span> <span class='ocrx_word' id='word_1_45' title='bbox 1497 617 1633 657; x_wconf 86' lang='lat' dir='ltr'>rursus</span> 
     </span>
     <span class='ocr_line' id='line_1_7' title="bbox 336 670 1633 729; baseline 0.002 -18"><span class='ocrx_word' id='word_1_46' title='bbox 336 670 623 722; x_wconf 82' lang='lat' dir='ltr'>obfiderentur,</span> <span class='ocrx_word' id='word_1_47' title='bbox 654 687 728 712; x_wconf 89' lang='lat' dir='ltr'>nec</span> <span class='ocrx_word' id='word_1_48' title='bbox 750 673 830 727; x_wconf 88' lang='lat' dir='ltr'>spe,</span> <span class='ocrx_word' id='word_1_49' title='bbox 860 688 934 714; x_wconf 90' lang='lat' dir='ltr'>nec</span> <span class='ocrx_word' id='word_1_50' title='bbox 967 674 1117 715; x_wconf 86' lang='lat' dir='ltr'>viribus</span> <span class='ocrx_word' id='word_1_51' title='bbox 1148 689 1275 729; x_wconf 49' lang='lat' dir='ltr'>pares.</span> <span class='ocrx_word' id='word_1_52' title='bbox 1312 675 1556 728; x_wconf 86' lang='lat' dir='ltr'>veniffetque</span> <span class='ocrx_word' id='word_1_53' title='bbox 1589 674 1633 714; x_wconf 86' lang='lat' dir='ltr'>in</span> 
     </span>
     <span class='ocr_line' id='line_1_8' title="bbox 336 730 1634 790; baseline 0.002 -22"><span class='ocrx_word' id='word_1_54' title='bbox 336 730 564 782; x_wconf 87' lang='lat' dir='ltr'>periculum</span> <span class='ocrx_word' id='word_1_55' title='bbox 594 730 747 770; x_wconf 88' lang='lat' dir='ltr'>summa</span> <span class='ocrx_word' id='word_1_56' title='bbox 768 745 920 782; x_wconf 84' lang='lat' dir='ltr'>rerum,</span> <span class='ocrx_word' id='word_1_57' title='bbox 952 732 993 771; x_wconf 90' lang='lat' dir='ltr'>ni</span> <span class='ocrx_word' id='word_1_58' title='bbox 1013 733 1064 771; x_wconf 92' lang='lat' dir='ltr'>T.</span> <span class='ocrx_word' id='word_1_59' title='bbox 1088 732 1310 790; x_wconf 66' lang='lat' dir='ltr'>Qintffius</span> <span class='ocrx_word' id='word_1_60' title='bbox 1327 733 1545 787; x_wconf 86' lang='lat' dir='ltr'>peregrinis</span> <span class='ocrx_word' id='word_1_61' title='bbox 1565 746 1634 772; x_wconf 78' lang='lat' dir='ltr'>co-</span> 
     </span>
     <span class='ocr_line' id='line_1_9' title="bbox 120 787 1633 842; baseline 0.002 -17"><span class='ocrx_word' id='word_1_62' title='bbox 120 795 151 823; x_wconf 86' lang='lat' dir='ltr'><em>A</em></span> <span class='ocrx_word' id='word_1_63' title='bbox 165 793 318 836; x_wconf 62' lang='lat' dir='ltr'>‘IlQinc-</span> <span class='ocrx_word' id='word_1_64' title='bbox 335 787 410 840; x_wconf 85' lang='lat' dir='ltr'>piis</span> <span class='ocrx_word' id='word_1_65' title='bbox 434 791 493 841; x_wconf 84' lang='lat'>(2)</span> <span class='ocrx_word' id='word_1_66' title='bbox 515 802 608 828; x_wconf 89' lang='lat' dir='ltr'>cum</span> <span class='ocrx_word' id='word_1_67' title='bbox 628 788 775 828; x_wconf 83' lang='lat' dir='ltr'>Latino</span> <span class='ocrx_word' id='word_1_68' title='bbox 792 789 1054 842; x_wconf 89' lang='lat' dir='ltr'>Hernicoque</span> <span class='ocrx_word' id='word_1_69' title='bbox 1071 790 1249 829; x_wconf 80' lang='lat' dir='ltr'>exercitu</span> <span class='ocrx_word' id='word_1_70' title='bbox 1271 789 1515 830; x_wconf 73' lang='lat' dir='ltr'>subvenisset.</span> <span class='ocrx_word' id='word_1_71' title='bbox 1577 789 1633 838; x_wconf 87' lang='lat' dir='ltr'>Is,</span> 
     </span>
     <span class='ocr_line' id='line_1_10' title="bbox 113 840 1633 902; baseline 0.003 -20"><span class='ocrx_word' id='word_1_72' title='bbox 113 840 153 867; x_wconf 52' lang='lat'>²¹⁶⁰</span> <span class='ocrx_word' id='word_1_73' title='bbox 168 840 308 870; x_wconf 58' lang='lat' dir='ltr'>lfhmh‘r·</span> <span class='ocrx_word' id='word_1_74' title='bbox 336 845 511 885; x_wconf 84' lang='lat' dir='ltr'>intentos</span> <span class='ocrx_word' id='word_1_75' title='bbox 543 846 583 884; x_wconf 89' lang='lat' dir='ltr'>in</span> <span class='ocrx_word' id='word_1_76' title='bbox 615 846 738 885; x_wconf 84' lang='lat' dir='ltr'>castra</span> <span class='ocrx_word' id='word_1_77' title='bbox 761 846 948 886; x_wconf 84' lang='lat' dir='ltr'>Romana</span> <span class='ocrx_word' id='word_1_78' title='bbox 971 848 1130 900; x_wconf 89' lang='lat' dir='ltr'>AEquos</span> <span class='ocrx_word' id='word_1_79' title='bbox 1166 846 1365 901; x_wconf 86' lang='lat' dir='ltr'>legatique</span> <span class='ocrx_word' id='word_1_80' title='bbox 1386 860 1506 902; x_wconf 89' lang='lat' dir='ltr'>caput</span> <span class='ocrx_word' id='word_1_81' title='bbox 1526 847 1633 887; x_wconf 89' lang='lat' dir='ltr'>fero-</span> 
     </span>
     <span class='ocr_line' id='line_1_11' title="bbox 335 902 1633 960; baseline 0.002 -18"><span class='ocrx_word' id='word_1_82' title='bbox 335 903 433 943; x_wconf 87' lang='lat' dir='ltr'>citer</span> <span class='ocrx_word' id='word_1_83' title='bbox 465 902 708 943; x_wconf 85' lang='lat' dir='ltr'>ostentantes</span> <span class='ocrx_word' id='word_1_84' title='bbox 739 903 787 943; x_wconf 89' lang='lat' dir='ltr'>ab</span> <span class='ocrx_word' id='word_1_85' title='bbox 819 913 931 958; x_wconf 88' lang='lat' dir='ltr'>tergo</span> <span class='ocrx_word' id='word_1_86' title='bbox 959 905 1136 953; x_wconf 81' lang='lat' dir='ltr'>adortus,</span> <span class='ocrx_word' id='word_1_87' title='bbox 1169 905 1282 944; x_wconf 78' lang='lat' dir='ltr'>simul</span> <span class='ocrx_word' id='word_1_88' title='bbox 1303 905 1353 944; x_wconf 87' lang='lat' dir='ltr'>ad</span> <span class='ocrx_word' id='word_1_89' title='bbox 1373 905 1529 960; x_wconf 88' lang='lat' dir='ltr'>fignum</span> <span class='ocrx_word' id='word_1_90' title='bbox 1550 920 1573 944; x_wconf 88' lang='lat' dir='ltr'>a</span> <span class='ocrx_word' id='word_1_91' title='bbox 1594 904 1633 944; x_wconf 85' lang='lat' dir='ltr'>se</span> 
     </span>
     <span class='ocr_line' id='line_1_12' title="bbox 335 961 1633 1017; baseline 0.002 -18"><span class='ocrx_word' id='word_1_92' title='bbox 335 962 475 1014; x_wconf 87' lang='lat' dir='ltr'>procul</span> <span class='ocrx_word' id='word_1_93' title='bbox 511 962 663 1000; x_wconf 88' lang='lat' dir='ltr'>editum</span> <span class='ocrx_word' id='word_1_94' title='bbox 700 975 747 1000; x_wconf 85' lang='lat' dir='ltr'>ex</span> <span class='ocrx_word' id='word_1_95' title='bbox 785 961 919 1001; x_wconf 84' lang='lat' dir='ltr'>castris</span> <span class='ocrx_word' id='word_1_96' title='bbox 956 962 1166 1014; x_wconf 87' lang='lat' dir='ltr'>eruptione</span> <span class='ocrx_word' id='word_1_97' title='bbox 1188 961 1311 1010; x_wconf 56' lang='lat' dir='ltr'>faeta,</span> <span class='ocrx_word' id='word_1_98' title='bbox 1341 977 1529 1017; x_wconf 88' lang='lat' dir='ltr'>magnam</span> <span class='ocrx_word' id='word_1_99' title='bbox 1550 963 1633 1002; x_wconf 90' lang='lat' dir='ltr'>vim</span> 
     </span>
     <span class='ocr_line' id='line_1_13' title="bbox 336 1018 1633 1074; baseline 0.002 -17"><span class='ocrx_word' id='word_1_100' title='bbox 336 1018 510 1058; x_wconf 85' lang='lat' dir='ltr'>hostium</span> <span class='ocrx_word' id='word_1_101' title='bbox 533 1019 808 1058; x_wconf 87' lang='lat' dir='ltr'>circumvenit.</span> <span class='ocrx_word' id='word_1_102' title='bbox 851 1019 992 1058; x_wconf 90' lang='lat' dir='ltr'>Minor</span> <span class='ocrx_word' id='word_1_103' title='bbox 1008 1020 1153 1071; x_wconf 83' lang='lat' dir='ltr'>caedes,</span> <span class='ocrx_word' id='word_1_104' title='bbox 1175 1018 1272 1074; x_wconf 86' lang='lat' dir='ltr'>fuga</span> <span class='ocrx_word' id='word_1_105' title='bbox 1292 1019 1451 1060; x_wconf 77' lang='lat' dir='ltr'>effusior</span> <span class='ocrx_word' id='word_1_106' title='bbox 1473 1021 1633 1074; x_wconf 78' lang='lat' dir='ltr'>AEquo-</span> 
     </span>
     <span class='ocr_line' id='line_1_14' title="bbox 336 1076 1633 1132; baseline 0.002 -17"><span class='ocrx_word' id='word_1_107' title='bbox 336 1090 425 1115; x_wconf 91' lang='lat' dir='ltr'>rum</span> <span class='ocrx_word' id='word_1_108' title='bbox 448 1076 489 1114; x_wconf 89' lang='lat' dir='ltr'>in</span> <span class='ocrx_word' id='word_1_109' title='bbox 511 1090 606 1131; x_wconf 87' lang='lat' dir='ltr'>agro</span> <span class='ocrx_word' id='word_1_110' title='bbox 628 1076 706 1116; x_wconf 81' lang='lat' dir='ltr'>fuit</span> <span class='ocrx_word' id='word_1_111' title='bbox 724 1077 926 1116; x_wconf 84' lang='lat' dir='ltr'>Romano.</span> <span class='ocrx_word' id='word_1_112' title='bbox 950 1077 991 1116; x_wconf 91' lang='lat' dir='ltr'>in</span> <span class='ocrx_word' id='word_1_113' title='bbox 1012 1092 1113 1130; x_wconf 87' lang='lat' dir='ltr'>quos</span> <span class='ocrx_word' id='word_1_114' title='bbox 1129 1078 1296 1131; x_wconf 84' lang='lat' dir='ltr'>palatos,</span> <span class='ocrx_word' id='word_1_115' title='bbox 1319 1078 1495 1130; x_wconf 88' lang='lat' dir='ltr'>praedam</span> <span class='ocrx_word' id='word_1_116' title='bbox 1512 1092 1633 1132; x_wconf 85' lang='lat' dir='ltr'>agen-</span> 
     </span>
     <span class='ocr_line' id='line_1_15' title="bbox 335 1133 1635 1188; baseline 0.002 -16"><span class='ocrx_word' id='word_1_117' title='bbox 335 1143 409 1182; x_wconf 84' lang='lat' dir='ltr'>tes,</span> <span class='ocrx_word' id='word_1_118' title='bbox 442 1133 670 1174; x_wconf 86' lang='lat' dir='ltr'>Postumius</span> <span class='ocrx_word' id='word_1_119' title='bbox 693 1135 844 1186; x_wconf 85' lang='lat' dir='ltr'>aliquot</span> <span class='ocrx_word' id='word_1_120' title='bbox 865 1134 977 1183; x_wconf 80' lang='lat' dir='ltr'>locis,</span> <span class='ocrx_word' id='word_1_121' title='bbox 1010 1134 1158 1187; x_wconf 83' lang='lat' dir='ltr'>quibus</span> <span class='ocrx_word' id='word_1_122' title='bbox 1178 1144 1405 1188; x_wconf 87' lang='lat' dir='ltr'>opportuna</span> <span class='ocrx_word' id='word_1_123' title='bbox 1436 1135 1635 1188; x_wconf 89' lang='lat' dir='ltr'>imposue-</span> 
     </span>
     <span class='ocr_line' id='line_1_16' title="bbox 335 1192 1635 1247; baseline 0.002 -17"><span class='ocrx_word' id='word_1_124' title='bbox 335 1201 395 1230; x_wconf 88' lang='lat' dir='ltr'>rat</span> <span class='ocrx_word' id='word_1_125' title='bbox 416 1192 609 1244; x_wconf 71' lang='lat' dir='ltr'>prcefidia,</span> <span class='ocrx_word' id='word_1_126' title='bbox 641 1192 837 1245; x_wconf 89' lang='lat' dir='ltr'>impetum</span> <span class='ocrx_word' id='word_1_127' title='bbox 860 1193 981 1231; x_wconf 84' lang='lat' dir='ltr'>dedit.</span> <span class='ocrx_word' id='word_1_128' title='bbox 1004 1192 1031 1231; x_wconf 89' lang='lat' dir='ltr'>ii</span> <span class='ocrx_word' id='word_1_129' title='bbox 1051 1193 1155 1247; x_wconf 82' lang='lat' dir='ltr'>vagi,</span> <span class='ocrx_word' id='word_1_130' title='bbox 1188 1192 1367 1246; x_wconf 87' lang='lat' dir='ltr'>diffipato</span> <span class='ocrx_word' id='word_1_131' title='bbox 1389 1193 1547 1246; x_wconf 84' lang='lat' dir='ltr'>agmine</span> <span class='ocrx_word' id='word_1_132' title='bbox 1569 1192 1635 1232; x_wconf 80' lang='lat' dir='ltr'>fu·</span> 
     </span>
     <span class='ocr_line' id='line_1_17' title="bbox 334 1249 1635 1306; baseline 0.002 -19"><span class='ocrx_word' id='word_1_133' title='bbox 334 1249 505 1302; x_wconf 80' lang='lat' dir='ltr'>gientes,</span> <span class='ocrx_word' id='word_1_134' title='bbox 537 1249 579 1288; x_wconf 91' lang='lat' dir='ltr'>in</span> <span class='ocrx_word' id='word_1_135' title='bbox 607 1249 852 1306; x_wconf 60' lang='lat' dir='ltr'>Qindlium</span> <span class='ocrx_word' id='word_1_136' title='bbox 873 1249 1084 1298; x_wconf 67' lang='lat' dir='ltr'>vi&amp;orem,</span> <span class='ocrx_word' id='word_1_137' title='bbox 1117 1264 1211 1290; x_wconf 91' lang='lat' dir='ltr'>cum</span> <span class='ocrx_word' id='word_1_138' title='bbox 1234 1249 1365 1290; x_wconf 85' lang='lat' dir='ltr'>saucio</span> <span class='ocrx_word' id='word_1_139' title='bbox 1388 1250 1549 1289; x_wconf 88' lang='lat' dir='ltr'>consule</span> <span class='ocrx_word' id='word_1_140' title='bbox 1571 1264 1635 1290; x_wconf 89' lang='lat' dir='ltr'>re-</span> 
     </span>
     <span class='ocr_line' id='line_1_18' title="bbox 335 1304 1632 1362; baseline 0.002 -17"><span class='ocrx_word' id='word_1_141' title='bbox 335 1316 574 1357; x_wconf 82' lang='lat' dir='ltr'>vertentem,</span> <span class='ocrx_word' id='word_1_142' title='bbox 606 1304 794 1347; x_wconf 74' lang='lat' dir='ltr'>incidere.</span> <span class='ocrx_word' id='word_1_143' title='bbox 854 1306 965 1346; x_wconf 89' lang='lat' dir='ltr'>Tum</span> <span class='ocrx_word' id='word_1_144' title='bbox 1002 1307 1218 1348; x_wconf 86' lang='lat' dir='ltr'>consularis</span> <span class='ocrx_word' id='word_1_145' title='bbox 1252 1307 1452 1348; x_wconf 84' lang='lat' dir='ltr'>exercitus</span> <span class='ocrx_word' id='word_1_146' title='bbox 1473 1308 1632 1362; x_wconf 66' lang='lat' dir='ltr'>egregia</span> 
     </span>
     <span class='ocr_line' id='line_1_19' title="bbox 335 1364 1632 1418; baseline 0.002 -16"><span class='ocrx_word' id='word_1_147' title='bbox 335 1365 470 1417; x_wconf 69' lang='lat' dir='ltr'>pugna</span> <span class='ocrx_word' id='word_1_148' title='bbox 502 1364 674 1404; x_wconf 86' lang='lat' dir='ltr'>consulis</span> <span class='ocrx_word' id='word_1_149' title='bbox 695 1366 856 1412; x_wconf 87' lang='lat' dir='ltr'>vulnus,</span> <span class='ocrx_word' id='word_1_150' title='bbox 888 1365 1007 1418; x_wconf 79' lang='lat' dir='ltr'>legati</span> <span class='ocrx_word' id='word_1_151' title='bbox 1032 1368 1071 1405; x_wconf 82' lang='lat'>&amp;</span> <span class='ocrx_word' id='word_1_152' title='bbox 1094 1364 1322 1405; x_wconf 86' lang='lat' dir='ltr'>cohortium</span> <span class='ocrx_word' id='word_1_153' title='bbox 1344 1366 1451 1404; x_wconf 90' lang='lat' dir='ltr'>ultus</span> <span class='ocrx_word' id='word_1_154' title='bbox 1483 1365 1538 1404; x_wconf 89' lang='lat' dir='ltr'>est</span> <span class='ocrx_word' id='word_1_155' title='bbox 1556 1379 1632 1405; x_wconf 86' lang='lat' dir='ltr'>cae-</span> 
     </span>
     <span class='ocr_line' id='line_1_20' title="bbox 334 1422 1632 1476; baseline 0.002 -16"><span class='ocrx_word' id='word_1_156' title='bbox 334 1423 440 1460; x_wconf 88' lang='lat' dir='ltr'>dem.</span> <span class='ocrx_word' id='word_1_157' title='bbox 463 1435 621 1476; x_wconf 83' lang='lat' dir='ltr'>magnae</span> <span class='ocrx_word' id='word_1_158' title='bbox 643 1423 773 1461; x_wconf 81' lang='lat' dir='ltr'>clades</span> <span class='ocrx_word' id='word_1_159' title='bbox 795 1423 901 1460; x_wconf 89' lang='lat' dir='ltr'>ultro</span> <span class='ocrx_word' id='word_1_160' title='bbox 923 1422 1104 1475; x_wconf 87' lang='lat' dir='ltr'>citroque</span> <span class='ocrx_word' id='word_1_161' title='bbox 1126 1423 1202 1461; x_wconf 86' lang='lat' dir='ltr'>illis</span> <span class='ocrx_word' id='word_1_162' title='bbox 1224 1422 1363 1461; x_wconf 88' lang='lat' dir='ltr'>diebus</span> <span class='ocrx_word' id='word_1_163' title='bbox 1387 1425 1427 1462; x_wconf 73' lang='grc' dir='ltr'>δε</span> <span class='ocrx_word' id='word_1_164' title='bbox 1449 1423 1567 1461; x_wconf 86' lang='lat' dir='ltr'>illatae</span> <span class='ocrx_word' id='word_1_165' title='bbox 1592 1425 1632 1462; x_wconf 73' lang='grc' dir='ltr'>δε</span> 
     </span>
     <span class='ocr_line' id='line_1_21' title="bbox 332 1479 1633 1532; baseline 0.001 -14"><span class='ocrx_word' id='word_1_166' title='bbox 332 1489 523 1532; x_wconf 60' lang='lat' dir='ltr'>acceptae.</span> <span class='ocrx_word' id='word_1_167' title='bbox 584 1479 761 1519; x_wconf 85' lang='lat' dir='ltr'>Difficile</span> <span class='ocrx_word' id='word_1_168' title='bbox 784 1480 833 1518; x_wconf 88' lang='lat' dir='ltr'>ad</span> <span class='ocrx_word' id='word_1_169' title='bbox 865 1479 987 1518; x_wconf 86' lang='lat' dir='ltr'>fidem</span> <span class='ocrx_word' id='word_1_170' title='bbox 1009 1480 1064 1519; x_wconf 90' lang='lat' dir='ltr'>est</span> <span class='ocrx_word' id='word_1_171' title='bbox 1086 1480 1127 1518; x_wconf 90' lang='lat' dir='ltr'>in</span> <span class='ocrx_word' id='word_1_172' title='bbox 1155 1489 1238 1518; x_wconf 87' lang='lat' dir='ltr'>tam</span> <span class='ocrx_word' id='word_1_173' title='bbox 1260 1479 1423 1532; x_wconf 66' lang='lat' dir='ltr'>antiqua</span> <span class='ocrx_word' id='word_1_174' title='bbox 1443 1493 1500 1529; x_wconf 88' lang='lat' dir='ltr'>re,</span> <span class='ocrx_word' id='word_1_175' title='bbox 1532 1490 1633 1532; x_wconf 88' lang='lat' dir='ltr'>quot</span> 
     </span>
     <span class='ocr_line' id='line_1_22' title="bbox 333 1537 1635 1591; baseline 0.002 -16"><span class='ocrx_word' id='word_1_176' title='bbox 333 1537 602 1591; x_wconf 83' lang='lat' dir='ltr'>pugnaverint</span> <span class='ocrx_word' id='word_1_177' title='bbox 623 1537 905 1586; x_wconf 87' lang='lat' dir='ltr'>ceciderintve,</span> <span class='ocrx_word' id='word_1_178' title='bbox 926 1537 1070 1577; x_wconf 67' lang='lat' dir='ltr'>exa&amp;o</span> <span class='ocrx_word' id='word_1_179' title='bbox 1092 1537 1289 1578; x_wconf 86' lang='lat' dir='ltr'>affirmare</span> <span class='ocrx_word' id='word_1_180' title='bbox 1312 1549 1494 1576; x_wconf 87' lang='lat' dir='ltr'>numero.</span> <span class='ocrx_word' id='word_1_181' title='bbox 1513 1538 1635 1577; x_wconf 87' lang='lat' dir='ltr'>audet</span> 
     </span>
     <span class='ocr_line' id='line_1_23' title="bbox 334 1594 1631 1648; baseline 0.003 -16"><span class='ocrx_word' id='word_1_182' title='bbox 334 1605 470 1634; x_wconf 75' lang='lat' dir='ltr'>tamen</span> <span class='ocrx_word' id='word_1_183' title='bbox 495 1597 553 1648; x_wconf 61' lang='lat'>(3)</span> <span class='ocrx_word' id='word_1_184' title='bbox 576 1594 719 1634; x_wconf 82' lang='lat' dir='ltr'>Antias</span> <span class='ocrx_word' id='word_1_185' title='bbox 735 1595 923 1635; x_wconf 86' lang='lat' dir='ltr'>Valerius</span> <span class='ocrx_word' id='word_1_186' title='bbox 940 1595 1151 1647; x_wconf 89' lang='lat' dir='ltr'>concipere</span> <span class='ocrx_word' id='word_1_187' title='bbox 1169 1595 1357 1635; x_wconf 85' lang='lat' dir='ltr'>summas.</span> <span class='ocrx_word' id='word_1_188' title='bbox 1420 1595 1631 1636; x_wconf 85' lang='lat' dir='ltr'>Romanos</span> 
     </span>
     <span class='ocr_line' id='line_1_24' title="bbox 333 1652 1631 1706; baseline 0.001 -15"><span class='ocrx_word' id='word_1_189' title='bbox 333 1652 514 1691; x_wconf 79' lang='lat' dir='ltr'>cecidiffe</span> <span class='ocrx_word' id='word_1_190' title='bbox 545 1652 585 1690; x_wconf 88' lang='lat' dir='ltr'>in</span> <span class='ocrx_word' id='word_1_191' title='bbox 607 1652 788 1691; x_wconf 87' lang='lat' dir='ltr'>Hernico</span> <span class='ocrx_word' id='word_1_192' title='bbox 806 1667 902 1706; x_wconf 80' lang='lat' dir='ltr'>agro</span> <span class='ocrx_word' id='word_1_193' title='bbox 919 1653 1097 1705; x_wconf 88' lang='lat' dir='ltr'>quinque</span> <span class='ocrx_word' id='word_1_194' title='bbox 1119 1652 1242 1692; x_wconf 85' lang='lat' dir='ltr'>millia</span> <span class='ocrx_word' id='word_1_195' title='bbox 1265 1667 1310 1691; x_wconf 87' lang='lat' dir='ltr'>ac</span> <span class='ocrx_word' id='word_1_196' title='bbox 1328 1662 1550 1700; x_wconf 71' lang='lat' dir='ltr'>trecentos:</span> <span class='ocrx_word' id='word_1_197' title='bbox 1581 1666 1631 1692; x_wconf 81' lang='lat' dir='ltr'>ex</span> 
     </span>
     <span class='ocr_line' id='line_1_25' title="bbox 334 1709 1632 1763; baseline 0.002 -15"><span class='ocrx_word' id='word_1_198' title='bbox 334 1709 624 1762; x_wconf 61' lang='lat' dir='ltr'>praedatoribus</span> <span class='ocrx_word' id='word_1_199' title='bbox 646 1710 892 1763; x_wconf 84' lang='lat' dir='ltr'>AEquorum‚</span> <span class='ocrx_word' id='word_1_200' title='bbox 926 1710 993 1762; x_wconf 88' lang='lat' dir='ltr'>qui</span> <span class='ocrx_word' id='word_1_201' title='bbox 1015 1709 1290 1763; x_wconf 86' lang='lat' dir='ltr'>populabundi</span> <span class='ocrx_word' id='word_1_202' title='bbox 1311 1710 1352 1748; x_wconf 89' lang='lat' dir='ltr'>in</span> <span class='ocrx_word' id='word_1_203' title='bbox 1374 1709 1522 1749; x_wconf 88' lang='lat' dir='ltr'>finibus</span> <span class='ocrx_word' id='word_1_204' title='bbox 1543 1710 1632 1750; x_wconf 89' lang='lat' dir='ltr'>Ro-</span> 
     </span>
     <span class='ocr_line' id='line_1_26' title="bbox 334 1766 1629 1821; baseline 0.002 -16"><span class='ocrx_word' id='word_1_205' title='bbox 334 1767 464 1807; x_wconf 87' lang='lat' dir='ltr'>manis</span> <span class='ocrx_word' id='word_1_206' title='bbox 492 1766 754 1821; x_wconf 81' lang='lat' dir='ltr'>vagabantur,</span> <span class='ocrx_word' id='word_1_207' title='bbox 785 1767 834 1807; x_wconf 87' lang='lat' dir='ltr'>ab</span> <span class='ocrx_word' id='word_1_208' title='bbox 852 1768 904 1807; x_wconf 90' lang='lat' dir='ltr'>A.</span> <span class='ocrx_word' id='word_1_209' title='bbox 927 1767 1133 1808; x_wconf 81' lang='lat' dir='ltr'>Postumio</span> <span class='ocrx_word' id='word_1_210' title='bbox 1155 1767 1314 1807; x_wconf 89' lang='lat' dir='ltr'>consule</span> <span class='ocrx_word' id='word_1_211' title='bbox 1343 1768 1424 1807; x_wconf 88' lang='lat' dir='ltr'>duo</span> <span class='ocrx_word' id='word_1_212' title='bbox 1441 1767 1566 1806; x_wconf 85' lang='lat' dir='ltr'>millia</span> <span class='ocrx_word' id='word_1_213' title='bbox 1590 1769 1629 1808; x_wconf 62' lang='grc' dir='ltr'>ὃς</span> 
     </span>
     <span class='ocr_line' id='line_1_27' title="bbox 334 1825 1628 1879; baseline 0.001 -16"><span class='ocrx_word' id='word_1_214' title='bbox 334 1825 649 1879; x_wconf 79' lang='lat' dir='ltr'>quadringentos</span> <span class='ocrx_word' id='word_1_215' title='bbox 687 1825 808 1865; x_wconf 82' lang='lat' dir='ltr'>caesos</span> <span class='ocrx_word' id='word_1_216' title='bbox 827 1840 835 1864; x_wconf 74' lang='grc' dir='ltr'>ε</span> <span class='ocrx_word' id='word_1_217' title='bbox 882 1834 1054 1865; x_wconf 83' lang='lat' dir='ltr'>ceteram</span> <span class='ocrx_word' id='word_1_218' title='bbox 1088 1825 1407 1875; x_wconf 86' lang='lat' dir='ltr'>multitudinem,</span> <span class='ocrx_word' id='word_1_219' title='bbox 1452 1826 1628 1878; x_wconf 85' lang='lat' dir='ltr'>praedam</span> 
     </span>
     <span class='ocr_line' id='line_1_28' title="bbox 332 1882 1631 1940; baseline 0.001 -19"><span class='ocrx_word' id='word_1_220' title='bbox 332 1892 536 1936; x_wconf 74' lang='lat' dir='ltr'>agentem,</span> <span class='ocrx_word' id='word_1_221' title='bbox 567 1897 658 1935; x_wconf 86' lang='lat' dir='ltr'>quae</span> <span class='ocrx_word' id='word_1_222' title='bbox 680 1882 864 1922; x_wconf 88' lang='lat' dir='ltr'>inciderit</span> <span class='ocrx_word' id='word_1_223' title='bbox 896 1883 937 1921; x_wconf 88' lang='lat' dir='ltr'>in</span> <span class='ocrx_word' id='word_1_224' title='bbox 971 1883 1232 1940; x_wconf 70' lang='lat' dir='ltr'>Qincffium,</span> <span class='ocrx_word' id='word_1_225' title='bbox 1263 1897 1517 1936; x_wconf 82' lang='lat' dir='ltr'>nequaquam</span> <span class='ocrx_word' id='word_1_226' title='bbox 1545 1884 1631 1936; x_wconf 84' lang='lat' dir='ltr'>pari</span> 
     </span>
     <span class='ocr_line' id='line_1_29' title="bbox 335 1939 1631 1994; baseline 0.002 -15"><span class='ocrx_word' id='word_1_227' title='bbox 335 1940 571 1980; x_wconf 60' lang='lat' dir='ltr'>defunctam</span> <span class='ocrx_word' id='word_1_228' title='bbox 593 1941 666 1979; x_wconf 82' lang='lat' dir='ltr'>effe</span> <span class='ocrx_word' id='word_1_229' title='bbox 697 1942 817 1980; x_wconf 83' lang='lat' dir='ltr'>caede.</span> <span class='ocrx_word' id='word_1_230' title='bbox 840 1939 1053 1980; x_wconf 67' lang='lat' dir='ltr'>i11terfe5ta</span> <span class='ocrx_word' id='word_1_231' title='bbox 1084 1940 1176 1980; x_wconf 91' lang='lat' dir='ltr'>inde</span> <span class='ocrx_word' id='word_1_232' title='bbox 1205 1949 1378 1994; x_wconf 88' lang='lat' dir='ltr'>quatuor</span> <span class='ocrx_word' id='word_1_233' title='bbox 1399 1940 1540 1990; x_wconf 84' lang='lat' dir='ltr'>millia,</span> <span class='ocrx_word' id='word_1_234' title='bbox 1573 1943 1631 1990; x_wconf 87' lang='lat'>&amp;,</span> 
     </span>
     <span class='ocr_line' id='line_1_30' title="bbox 334 1997 1629 2053; baseline 0 -17"><span class='ocrx_word' id='word_1_235' title='bbox 334 1998 586 2051; x_wconf 80' lang='lat' dir='ltr'>exsequendo</span> <span class='ocrx_word' id='word_1_236' title='bbox 604 1997 798 2038; x_wconf 83' lang='lat' dir='ltr'>subtiliter</span> <span class='ocrx_word' id='word_1_237' title='bbox 811 2012 1042 2047; x_wconf 82' lang='lat' dir='ltr'>numerum,</span> <span class='ocrx_word' id='word_1_238' title='bbox 1063 1998 1273 2047; x_wconf 90' lang='lat' dir='ltr'>ducentos,</span> <span class='ocrx_word' id='word_1_239' title='bbox 1295 2000 1372 2050; x_wconf 75' lang='lat' dir='ltr'>ait,</span> <span class='ocrx_word' id='word_1_240' title='bbox 1395 2000 1435 2039; x_wconf 63' lang='grc' dir='ltr'>δι’</span> <span class='ocrx_word' id='word_1_241' title='bbox 1453 1998 1629 2053; x_wconf 85' lang='lat' dir='ltr'>triginta.</span> 
     </span>
    </p>
   </div>
   <div class='ocr_carea' id='block_1_3' title="bbox 1566 2056 1630 2096">
    <p class='ocr_par' dir='ltr' id='par_1_3' title="bbox 1566 2056 1630 2096">
     <span class='ocr_line' id='line_1_31' title="bbox 1566 2056 1630 2096; baseline 0 0"><span class='ocrx_word' id='word_1_242' title='bbox 1566 2056 1630 2096; x_wconf 90' lang='lat' dir='ltr'>Ut</span> 
     </span>
    </p>
   </div>
   <div class='ocr_carea' id='block_1_4' title="bbox 329 2169 1632 2752">
    <p class='ocr_par' dir='ltr' id='par_1_4' title="bbox 329 2169 1632 2752">
     <span class='ocr_line' id='line_1_32' title="bbox 332 2169 1630 2216; baseline 0 -13"><span class='ocrx_word' id='word_1_243' title='bbox 332 2171 523 2203; x_wconf 67' lang='lat' dir='ltr'>aversissima</span> <span class='ocrx_word' id='word_1_244' title='bbox 537 2180 606 2203; x_wconf 80' lang='lat' dir='ltr'>erat</span> <span class='ocrx_word' id='word_1_245' title='bbox 619 2170 659 2203; x_wconf 88' lang='lat' dir='ltr'>ab</span> <span class='ocrx_word' id='word_1_246' title='bbox 677 2172 773 2210; x_wconf 87' lang='lat' dir='ltr'>hoste,</span> <span class='ocrx_word' id='word_1_247' title='bbox 794 2175 949 2209; x_wconf 68' lang='lat' dir='ltr'>desumana,</span> <span class='ocrx_word' id='word_1_248' title='bbox 971 2183 1042 2213; x_wconf 86' lang='lat' dir='ltr'>quae</span> <span class='ocrx_word' id='word_1_249' title='bbox 1059 2172 1092 2203; x_wconf 71' lang='grc' dir='ltr'>ὃς</span> <span class='ocrx_word' id='word_1_250' title='bbox 1104 2173 1242 2216; x_wconf 62' lang='lat' dir='ltr'>quajlt&#39;oria</span> <span class='ocrx_word' id='word_1_251' title='bbox 1260 2169 1389 2210; x_wconf 82' lang='lat' dir='ltr'>dicitur,</span> <span class='ocrx_word' id='word_1_252' title='bbox 1405 2170 1480 2213; x_wconf 86' lang='lat' dir='ltr'>quia</span> <span class='ocrx_word' id='word_1_253' title='bbox 1496 2172 1630 2213; x_wconf 86' lang='lat' dir='ltr'>quaesto-</span> 
     </span>
     <span class='ocr_line' id='line_1_33' title="bbox 333 2217 1629 2259; baseline 0.001 -13"><span class='ocrx_word' id='word_1_254' title='bbox 333 2217 427 2252; x_wconf 84' lang='lat' dir='ltr'>rium,</span> <span class='ocrx_word' id='word_1_255' title='bbox 454 2217 564 2257; x_wconf 85' lang='lat' dir='ltr'>primis</span> <span class='ocrx_word' id='word_1_256' title='bbox 587 2218 696 2248; x_wconf 85' lang='lat' dir='ltr'>saltem</span> <span class='ocrx_word' id='word_1_257' title='bbox 713 2218 922 2259; x_wconf 86' lang='lat' dir='ltr'>temporibus,</span> <span class='ocrx_word' id='word_1_258' title='bbox 946 2217 979 2247; x_wconf 87' lang='lat' dir='ltr'>in</span> <span class='ocrx_word' id='word_1_259' title='bbox 995 2218 1149 2248; x_wconf 81' lang='lat' dir='ltr'>inferiore</span> <span class='ocrx_word' id='word_1_260' title='bbox 1166 2225 1258 2259; x_wconf 88' lang='lat' dir='ltr'>parte</span> <span class='ocrx_word' id='word_1_261' title='bbox 1280 2217 1453 2248; x_wconf 86' lang='lat' dir='ltr'>castrorum</span> <span class='ocrx_word' id='word_1_262' title='bbox 1470 2225 1549 2254; x_wconf 85' lang='lat' dir='ltr'>erat,</span> <span class='ocrx_word' id='word_1_263' title='bbox 1564 2217 1629 2247; x_wconf 80' lang='lat' dir='ltr'>vid.</span> 
     </span>
     <span class='ocr_line' id='line_1_34' title="bbox 329 2261 1628 2303; baseline 0.001 -12"><span class='ocrx_word' id='word_1_264' title='bbox 329 2262 417 2292; x_wconf 69' lang='lat' dir='ltr'>infra</span> <span class='ocrx_word' id='word_1_265' title='bbox 435 2262 453 2292; x_wconf 88' lang='lat' dir='ltr'>l.</span> <span class='ocrx_word' id='word_1_266' title='bbox 469 2272 517 2293; x_wconf 84' lang='lat'>10.</span> <span class='ocrx_word' id='word_1_267' title='bbox 534 2274 559 2293; x_wconf 88' lang='lat' dir='ltr'>c.</span> <span class='ocrx_word' id='word_1_268' title='bbox 574 2272 623 2301; x_wconf 83' lang='lat'>32.</span> <span class='ocrx_word' id='word_1_269' title='bbox 641 2264 671 2293; x_wconf 64' lang='grc' dir='ltr'>ὃς</span> <span class='ocrx_word' id='word_1_270' title='bbox 688 2263 706 2292; x_wconf 95' lang='lat' dir='ltr'>l.</span> <span class='ocrx_word' id='word_1_271' title='bbox 722 2273 771 2301; x_wconf 77' lang='lat'>34.</span> <span class='ocrx_word' id='word_1_272' title='bbox 794 2274 818 2293; x_wconf 87' lang='lat' dir='ltr'>c.</span> <span class='ocrx_word' id='word_1_273' title='bbox 834 2272 885 2300; x_wconf 83' lang='lat'>27.</span> <span class='ocrx_word' id='word_1_274' title='bbox 905 2265 1064 2292; x_wconf 70' lang='lat' dir='ltr'>Decumum</span> <span class='ocrx_word' id='word_1_275' title='bbox 1087 2270 1195 2293; x_wconf 82' lang='lat' dir='ltr'>autem</span> <span class='ocrx_word' id='word_1_276' title='bbox 1216 2261 1313 2299; x_wconf 61' lang='lat' dir='ltr'>dicta,</span> <span class='ocrx_word' id='word_1_277' title='bbox 1337 2262 1510 2293; x_wconf 77' lang='lat' dir='ltr'>secundum</span> <span class='ocrx_word' id='word_1_278' title='bbox 1527 2261 1628 2303; x_wconf 80' lang='lat' dir='ltr'>Lipfi-</span> 
     </span>
     <span class='ocr_line' id='line_1_35' title="bbox 332 2306 1629 2348; baseline 0 -12"><span class='ocrx_word' id='word_1_279' title='bbox 332 2318 398 2343; x_wconf 89' lang='lat' dir='ltr'>um,</span> <span class='ocrx_word' id='word_1_280' title='bbox 415 2318 431 2336; x_wconf 84' lang='lat' dir='ltr'>a</span> <span class='ocrx_word' id='word_1_281' title='bbox 449 2307 578 2337; x_wconf 81' lang='lat' dir='ltr'>decimis</span> <span class='ocrx_word' id='word_1_282' title='bbox 600 2308 787 2338; x_wconf 81' lang='lat' dir='ltr'>cohortibus</span> <span class='ocrx_word' id='word_1_283' title='bbox 802 2309 891 2348; x_wconf 77' lang='lat' dir='ltr'>juxta</span> <span class='ocrx_word' id='word_1_284' title='bbox 913 2318 982 2338; x_wconf 81' lang='lat' dir='ltr'>earn</span> <span class='ocrx_word' id='word_1_285' title='bbox 999 2307 1213 2338; x_wconf 76' lang='lat' dir='ltr'>tendentibus.</span> <span class='ocrx_word' id='word_1_286' title='bbox 1259 2308 1471 2347; x_wconf 71' lang='lat' dir='ltr'>Unaquaeque</span> <span class='ocrx_word' id='word_1_287' title='bbox 1484 2306 1569 2337; x_wconf 85' lang='lat' dir='ltr'>enim</span> <span class='ocrx_word' id='word_1_288' title='bbox 1585 2307 1629 2337; x_wconf 80' lang='lat' dir='ltr'>le-</span> 
     </span>
     <span class='ocr_line' id='line_1_36' title="bbox 332 2351 1629 2392; baseline 0 -11"><span class='ocrx_word' id='word_1_289' title='bbox 332 2351 385 2392; x_wconf 77' lang='lat' dir='ltr'>gio</span> <span class='ocrx_word' id='word_1_290' title='bbox 402 2351 433 2381; x_wconf 88' lang='lat' dir='ltr'>in</span> <span class='ocrx_word' id='word_1_291' title='bbox 448 2353 556 2382; x_wconf 78' lang='lat' dir='ltr'>decem</span> <span class='ocrx_word' id='word_1_292' title='bbox 574 2353 721 2383; x_wconf 80' lang='lat' dir='ltr'>cohortes</span> <span class='ocrx_word' id='word_1_293' title='bbox 737 2353 951 2383; x_wconf 82' lang='lat' dir='ltr'>dividebatur.</span> <span class='ocrx_word' id='word_1_294' title='bbox 999 2351 1115 2383; x_wconf 81' lang='lat' dir='ltr'>Primae</span> <span class='ocrx_word' id='word_1_295' title='bbox 1131 2359 1240 2382; x_wconf 83' lang='lat' dir='ltr'>autem</span> <span class='ocrx_word' id='word_1_296' title='bbox 1255 2352 1408 2392; x_wconf 86' lang='lat' dir='ltr'>cujusque</span> <span class='ocrx_word' id='word_1_297' title='bbox 1424 2351 1556 2392; x_wconf 80' lang='lat' dir='ltr'>legionis</span> <span class='ocrx_word' id='word_1_298' title='bbox 1574 2362 1629 2382; x_wconf 92' lang='lat' dir='ltr'>co-</span> 
     </span>
     <span class='ocr_line' id='line_1_37' title="bbox 331 2396 1628 2437; baseline 0 -11"><span class='ocrx_word' id='word_1_299' title='bbox 331 2397 441 2427; x_wconf 75' lang='lat' dir='ltr'>hortes</span> <span class='ocrx_word' id='word_1_300' title='bbox 456 2399 545 2437; x_wconf 69' lang='lat' dir='ltr'>juxta</span> <span class='ocrx_word' id='word_1_301' title='bbox 574 2397 766 2428; x_wconf 69' lang='lat' dir='ltr'>Praetorium</span> <span class='ocrx_word' id='word_1_302' title='bbox 791 2397 985 2434; x_wconf 81' lang='lat' dir='ltr'>tendebant3</span> <span class='ocrx_word' id='word_1_303' title='bbox 1009 2404 1121 2428; x_wconf 84' lang='lat' dir='ltr'>ceterae</span> <span class='ocrx_word' id='word_1_304' title='bbox 1138 2396 1256 2427; x_wconf 85' lang='lat' dir='ltr'>deinde</span> <span class='ocrx_word' id='word_1_305' title='bbox 1272 2407 1310 2426; x_wconf 85' lang='lat' dir='ltr'>ex</span> <span class='ocrx_word' id='word_1_306' title='bbox 1338 2396 1452 2426; x_wconf 89' lang='lat' dir='ltr'>ordine</span> <span class='ocrx_word' id='word_1_307' title='bbox 1473 2396 1571 2436; x_wconf 87' lang='lat' dir='ltr'>usque</span> <span class='ocrx_word' id='word_1_308' title='bbox 1587 2396 1628 2427; x_wconf 84' lang='lat' dir='ltr'>ad</span> 
     </span>
     <span class='ocr_line' id='line_1_38' title="bbox 332 2440 1629 2482; baseline 0 -11"><span class='ocrx_word' id='word_1_309' title='bbox 332 2442 470 2472; x_wconf 73' lang='lat' dir='ltr'>decimas</span> <span class='ocrx_word' id='word_1_310' title='bbox 486 2442 673 2482; x_wconf 80' lang='lat' dir='ltr'>easdemque</span> <span class='ocrx_word' id='word_1_311' title='bbox 697 2442 878 2482; x_wconf 80' lang='lat' dir='ltr'>postremas,</span> <span class='ocrx_word' id='word_1_312' title='bbox 901 2453 972 2482; x_wconf 82' lang='lat' dir='ltr'>quae</span> <span class='ocrx_word' id='word_1_313' title='bbox 989 2441 1023 2472; x_wconf 90' lang='lat' dir='ltr'>in</span> <span class='ocrx_word' id='word_1_314' title='bbox 1039 2441 1197 2482; x_wconf 49' lang='lat' dir='ltr'>postrema}</span> <span class='ocrx_word' id='word_1_315' title='bbox 1218 2440 1392 2471; x_wconf 78' lang='lat' dir='ltr'>castrorum</span> <span class='ocrx_word' id='word_1_316' title='bbox 1410 2449 1511 2482; x_wconf 83' lang='lat' dir='ltr'>parte,</span> <span class='ocrx_word' id='word_1_317' title='bbox 1533 2441 1629 2472; x_wconf 68' lang='lat' dir='ltr'>aded-</span> 
     </span>
     <span class='ocr_line' id='line_1_39' title="bbox 331 2486 1629 2527; baseline -0.001 -11"><span class='ocrx_word' id='word_1_318' title='bbox 331 2496 394 2525; x_wconf 82' lang='lat' dir='ltr'>que</span> <span class='ocrx_word' id='word_1_319' title='bbox 422 2498 522 2527; x_wconf 86' lang='lat' dir='ltr'>prope</span> <span class='ocrx_word' id='word_1_320' title='bbox 546 2495 673 2527; x_wconf 80' lang='lat' dir='ltr'>portam</span> <span class='ocrx_word' id='word_1_321' title='bbox 692 2490 878 2518; x_wconf 60' lang='lat' dir='ltr'>Det-:ananam</span> <span class='ocrx_word' id='word_1_322' title='bbox 894 2487 1093 2517; x_wconf 71' lang='lat' dir='ltr'>locabantur.</span> <span class='ocrx_word' id='word_1_323' title='bbox 1139 2486 1193 2527; x_wconf 84' lang='lat'>(2)</span> <span class='ocrx_word' id='word_1_324' title='bbox 1216 2486 1277 2516; x_wconf 84' lang='lat' dir='ltr'>Vel</span> <span class='ocrx_word' id='word_1_325' title='bbox 1293 2486 1539 2526; x_wconf 82' lang='lat' dir='ltr'>transponendae</span> <span class='ocrx_word' id='word_1_326' title='bbox 1556 2486 1629 2516; x_wconf 83' lang='lat' dir='ltr'>sunt</span> 
     </span>
     <span class='ocr_line' id='line_1_40' title="bbox 331 2529 1631 2573; baseline 0 -13"><span class='ocrx_word' id='word_1_327' title='bbox 331 2541 425 2561; x_wconf 68' lang='lat' dir='ltr'>voces</span> <span class='ocrx_word' id='word_1_328' title='bbox 444 2532 502 2562; x_wconf 82' lang='lat' dir='ltr'>hoc</span> <span class='ocrx_word' id='word_1_329' title='bbox 528 2533 636 2567; x_wconf 84' lang='lat' dir='ltr'>modo,</span> <span class='ocrx_word' id='word_1_330' title='bbox 658 2545 714 2561; x_wconf 73' lang='lat' dir='ltr'>rum</span> <span class='ocrx_word' id='word_1_331' title='bbox 736 2536 890 2573; x_wconf 62' lang='lat' dir='ltr'>psmgrinis</span> <span class='ocrx_word' id='word_1_332' title='bbox 915 2534 1007 2573; x_wconf 65' lang='lat' dir='ltr'>copiis,</span> <span class='ocrx_word' id='word_1_333' title='bbox 1028 2533 1132 2561; x_wconf 77' lang='lat' dir='ltr'>Latino</span> <span class='ocrx_word' id='word_1_334' title='bbox 1151 2532 1323 2571; x_wconf 67' lang='lat' dir='ltr'>Herniwque</span> <span class='ocrx_word' id='word_1_335' title='bbox 1337 2534 1476 2565; x_wconf 78' lang='lat' dir='ltr'>exercitu;</span> <span class='ocrx_word' id='word_1_336' title='bbox 1502 2529 1555 2560; x_wconf 71' lang='lat' dir='ltr'>vel</span> <span class='ocrx_word' id='word_1_337' title='bbox 1582 2530 1631 2560; x_wconf 73' lang='lat' dir='ltr'>di-</span> 
     </span>
     <span class='ocr_line' id='line_1_41' title="bbox 332 2574 1630 2616; baseline -0.002 -10"><span class='ocrx_word' id='word_1_338' title='bbox 332 2577 469 2606; x_wconf 77' lang='lat' dir='ltr'>cendum</span> <span class='ocrx_word' id='word_1_339' title='bbox 483 2576 537 2607; x_wconf 77' lang='lat' dir='ltr'>has</span> <span class='ocrx_word' id='word_1_340' title='bbox 549 2587 642 2607; x_wconf 74' lang='lat' dir='ltr'>voces</span> <span class='ocrx_word' id='word_1_341' title='bbox 662 2590 719 2606; x_wconf 67' lang='lat' dir='ltr'>cum</span> <span class='ocrx_word' id='word_1_342' title='bbox 738 2579 840 2606; x_wconf 72' lang='lat' dir='ltr'>Latino</span> <span class='ocrx_word' id='word_1_343' title='bbox 859 2578 1031 2616; x_wconf 59' lang='lat' dir='ltr'>Isernicvque</span> <span class='ocrx_word' id='word_1_344' title='bbox 1046 2578 1165 2605; x_wconf 68' lang='lat' dir='ltr'>exercia&#39;u</span> <span class='ocrx_word' id='word_1_345' title='bbox 1181 2574 1240 2605; x_wconf 77' lang='lat' dir='ltr'>effe</span> <span class='ocrx_word' id='word_1_346' title='bbox 1251 2574 1399 2616; x_wconf 59' lang='lat' dir='ltr'>glossema</span> <span class='ocrx_word' id='word_1_347' title='bbox 1415 2574 1630 2605; x_wconf 80' lang='lat' dir='ltr'>librariorum.</span> 
     </span>
     <span class='ocr_line' id='line_1_42' title="bbox 334 2618 1631 2662; baseline -0.001 -12"><span class='ocrx_word' id='word_1_348' title='bbox 334 2632 406 2650; x_wconf 69' lang='lat' dir='ltr'>nani</span> <span class='ocrx_word' id='word_1_349' title='bbox 422 2621 596 2662; x_wconf 70' lang='lat' dir='ltr'>peregrinae</span> <span class='ocrx_word' id='word_1_350' title='bbox 614 2621 715 2662; x_wconf 78' lang='lat' dir='ltr'>copiae</span> <span class='ocrx_word' id='word_1_351' title='bbox 733 2621 829 2651; x_wconf 70' lang='lat' dir='ltr'>nullae</span> <span class='ocrx_word' id='word_1_352' title='bbox 847 2621 916 2652; x_wconf 68' lang='lat' dir='ltr'>aliz:</span> <span class='ocrx_word' id='word_1_353' title='bbox 933 2623 1023 2651; x_wconf 78' lang='lat' dir='ltr'>fuere</span> <span class='ocrx_word' id='word_1_354' title='bbox 1040 2620 1138 2661; x_wconf 61' lang='lat' dir='ltr'>quam</span> <span class='ocrx_word' id='word_1_355' title='bbox 1154 2619 1291 2651; x_wconf 85' lang='lat' dir='ltr'>Latinus</span> <span class='ocrx_word' id='word_1_356' title='bbox 1303 2618 1528 2659; x_wconf 86' lang='lat' dir='ltr'>Hernicusque</span> <span class='ocrx_word' id='word_1_357' title='bbox 1541 2630 1631 2649; x_wconf 80' lang='lat' dir='ltr'>exer-</span> 
     </span>
     <span class='ocr_line' id='line_1_43' title="bbox 333 2662 1631 2706; baseline -0.002 -10"><span class='ocrx_word' id='word_1_358' title='bbox 333 2665 424 2701; x_wconf 72' lang='lat' dir='ltr'>citus,</span> <span class='ocrx_word' id='word_1_359' title='bbox 448 2674 481 2696; x_wconf 79' lang='lat' dir='ltr'>ut</span> <span class='ocrx_word' id='word_1_360' title='bbox 506 2666 604 2705; x_wconf 71' lang='lat' dir='ltr'>liquet</span> <span class='ocrx_word' id='word_1_361' title='bbox 622 2677 659 2696; x_wconf 77' lang='lat' dir='ltr'>ex</span> <span class='ocrx_word' id='word_1_362' title='bbox 677 2677 743 2706; x_wconf 80' lang='lat' dir='ltr'>cap.</span> <span class='ocrx_word' id='word_1_363' title='bbox 761 2677 854 2706; x_wconf 70' lang='lat' dir='ltr'>proec.</span> <span class='ocrx_word' id='word_1_364' title='bbox 899 2667 953 2706; x_wconf 84' lang='lat'>(3)</span> <span class='ocrx_word' id='word_1_365' title='bbox 977 2663 1193 2695; x_wconf 86' lang='lat' dir='ltr'>Historiarum</span> <span class='ocrx_word' id='word_1_366' title='bbox 1215 2663 1364 2705; x_wconf 85' lang='lat' dir='ltr'>scriptor,</span> <span class='ocrx_word' id='word_1_367' title='bbox 1385 2663 1441 2704; x_wconf 88' lang='lat' dir='ltr'>qui</span> <span class='ocrx_word' id='word_1_368' title='bbox 1466 2662 1546 2693; x_wconf 82' lang='lat' dir='ltr'>vixit</span> <span class='ocrx_word' id='word_1_369' title='bbox 1563 2663 1631 2706; x_wconf 84' lang='lat' dir='ltr'>Syl-</span> 
     </span>
     <span class='ocr_line' id='line_1_44' title="bbox 333 2707 1632 2752; baseline -0.002 -11"><span class='ocrx_word' id='word_1_370' title='bbox 333 2710 413 2741; x_wconf 68' lang='lat' dir='ltr'>hui³</span> <span class='ocrx_word' id='word_1_371' title='bbox 438 2710 648 2752; x_wconf 75' lang='lat' dir='ltr'>temporibus.</span> <span class='ocrx_word' id='word_1_372' title='bbox 698 2711 848 2751; x_wconf 54' lang='lat' dir='ltr'>Suspecta</span> <span class='ocrx_word' id='word_1_373' title='bbox 877 2711 943 2751; x_wconf 71' lang='lat' dir='ltr'>ejus</span> <span class='ocrx_word' id='word_1_374' title='bbox 961 2710 1038 2741; x_wconf 70' lang='lat' dir='ltr'>fides</span> <span class='ocrx_word' id='word_1_375' title='bbox 1053 2709 1096 2742; x_wconf 90' lang='lat' dir='ltr'>est</span> <span class='ocrx_word' id='word_1_376' title='bbox 1112 2708 1217 2740; x_wconf 84' lang='lat' dir='ltr'>Livic.</span> <span class='ocrx_word' id='word_1_377' title='bbox 1239 2708 1302 2739; x_wconf 85' lang='lat' dir='ltr'>vid.</span> <span class='ocrx_word' id='word_1_378' title='bbox 1319 2707 1404 2740; x_wconf 70' lang='lat' dir='ltr'>infra</span> <span class='ocrx_word' id='word_1_379' title='bbox 1426 2709 1445 2739; x_wconf 90' lang='lat'>1.</span> <span class='ocrx_word' id='word_1_380' title='bbox 1465 2707 1514 2739; x_wconf 84' lang='lat'>26.</span> <span class='ocrx_word' id='word_1_381' title='bbox 1537 2719 1561 2738; x_wconf 85' lang='lat' dir='ltr'>c.</span> <span class='ocrx_word' id='word_1_382' title='bbox 1578 2718 1632 2749; x_wconf 84' lang='lat'>49.</span> 
     </span>
    </p>
   </div>
  </div>
 </body>
</html>
