1853 3158
130 243 207 291 248
768 232 1164 282 'T.L1V11

349 358 408 406 ὅτ,
438 354 557 396 sicubi
577 354 632 394 est
654 362 871 403 certamen,
903 354 1020 395 scutis
1042 355 1181 409 magis,
1213 349 1334 406 quam
1351 350 1507 407 gladiis,
1528 340 1630 406 geri-v

349 423 415 453 tur
435 427 509 453 res.
553 412 815 452 Umbonibus
833 411 1067 465 incussaque
1085 415 1144 466 (ς)
1162 412 1221 451 ala
1238 410 1465 450 sternuntur
1481 407 1624 448 hostes.

349 472 451 526 plus·
472 471 625 525 capitur
657 470 883 519 hominum,
915 469 1037 523 quam
1072 470 1259 510 caeditur:
1291 476 1409 521 atque
1440 480 1520 506 una
1550 478 1628 504 vox

350 541 498 582 ponere
519 542 628 567 arma
652 527 881 582 jubentium
898 541 967 580 per
986 537 1111 567 totam
1139 526 1266 565 fertur
1287 525 1426 565 aciem.
1487 523 1628 575 Itaque

351 586 453 624 inter
475 586 602 638 ipsum
631 595 832 624 certamen
849 584 957 624 faeta
979 585 1127 625 deditio
1157 583 1212 623 est
1239 598 1261 622 a
1282 582 1420 636 primis
1453 579 1629 620 aucteri-

350 642 424 682 bus
450 642 555 682 belli.
589 643 747 696 postero
771 642 1144 696 insequentibusque
1161 640 1300 680 diebus
1324 643 1364 681 &
1386 638 1506 679 ceteri
1522 638 1632 677 Um-

350 699 514 740 brorum
532 700 669 754 populi
689 701 902 740 deduntur.
962 699 1194 740 Ocriculani
1216 697 1419 752 sponsione
1433 696 1474 736 in
1495 694 1633 735 amici-

350 758 446 796 tiam
469 758 633 811 accepti.
1351 768 1353 772 '

409 815 540 856 XLII.
573 815 732 863 Fabius,
764 815 900 854 aliena:
922 814 1033 853 sortis
1060 813 1189 853 victor
1207 811 1317 861 belli,
1349 810 1389 850 in
1410 810 1521 850 suam
1537 823 1631 864 pro-

349 872 523 912 vinciam
543 873 762 912 exercitum
778 872 947 912 reduxit.
979 871 1112 924 itaque
1134 871 1184 920 ei,
1216 869 1266 908 ob
1285 883 1347 921 res
1363 877 1446 907 tam
1461 867 1632 907 feliciter

350 930 492 984 gestas,
525 931 621 970 ficut
641 930 772 984 priore
794 943 899 969 anno
921 930 1092 983 populus
1122 927 1424 968 continuaverat
1451 925 1637 965 consula--

131 1013 302 1050 U.c.446.
351 996 454 1037 tum,
486 987 728 1026 ita'senatus
763 989 823 1040 (1)
844 987 899 1025 ¹in
932 986 1206 1039 insequentem
1239 998 1407 1033 annum,
1439 997 1521 1035 quo
1550 983 1631 1035 Ap.

131 1061 171 1091 A.
189 1058 224 1089 C.
242 1059 314 1096 306.
352 1045 562 1093 Claudius,
597 1045 645 1082 L.
681 1044 929 1082 Volumnius
964 1043 1144 1083 'consules
1179 1042 1359 1092 fuerunt,
1388 1039 1631 1095 prorogavit,

131 1102 310 1153 Apsslau·
351 1099 523 1140 maxime
547 1101 682 1154 Appio
716 1099 958 1147 adversante,
990 1100 1216 1152 imperium.
1279 1098 1459 1152 Appium
1496 1096 1632 1137 censo-

127 1148 254 1222 {iggq'nlig
266 1148 332 1177 Vo-
350 1173 434 1198 rem
456 1159 590 1212 petiffe
612 1157 877 1205 consulatum,
906 1157 1150 1209 comitiaque
1168 1158 1253 1210 ejus
1274 1156 1322 1196 ab
1343 1157 1391 1195 L.
1415 1155 1536 1195 Furio
1563 1153 1635 1193 tri-

128 1235 210 1267 COff,
349 1216 459 1256 buno
480 1215 606 1269 plebis
628 1215 895 1267 interpellata,
926 1215 1053 1254 donec
1088 1213 1124 1252 se
1150 1212 1313 1252 censura
1342 1211 1557 1260 abdicavit,
1588 1210 1629 1249 in

349 1273 587 1327 quibusdam
628 1271 836 1312 annalibus
874 1271 1046 1311 invenio.
1107 1271 1275 1310 Creatus
1308 1268 1464 1318 consul,
1505 1282 1632 1322 quum

240 1378 245 1384 ‚
269 1379 275 1384 ι
347 1332 511 1386 collegae
541 1344 692 1370 novum
725 1329 890 1378 bellum³
922 1329 1131 1369 Sallentini
1157 1327 1288 1368 hostes
1311 1327 1634 1377 decernerentur,

127 1377 275 1441 ζςῖἰῖῗίΐωῑ
349 1390 494 1430 Romae
516 1388 670 1437 mansit,
693 1397 737 1427 ut
758 1387 918 1426 urbanis
938 1386 1087 1426 artibus
1106 1391 1130 1437 †
1149 1400 1244 1439 opes
1265 1393 1441 1438 augeret,
1473 1383 1634 1436 quando

132 1434 210 1454 mu„
348 1446 441 1486 belli
478 1448 599 1486 decus
634 1459 756 1499 penes
792 1446 888 1485 alios
929 1445 1033 1484 efl'et.
1104 1443 1374 1482 Volumnium
1415 1439 1632 1494 provinciae

347 1504 456 1544 haud
473 1504 677 1557 poenituit.
698 1504 824 1542 multa
845 1502 1016 1542 secunda
1032 1501 1173 1555 proelia
1195 1500 1314 1540 fecit:
1346 1499 1498 1552 aliquot
1514 1496 1633 1537 urbes
1674 1548 1676 1551 .

349 1561 523 1601 hostium
545 1561 582 1600 vi
612 1561 728 1614 cepit.
763 1561 907 1613 praedae
943 1570 1025 1603 erat
1056 1559 1234 1613 largitor,
1270 1560 1307 1597 δε
1342 1555 1632 1611 benignitatem

348 1633 418 1672 per
440 1619 478 1658 se
499 1628 653 1673 gratam
669 1618 856 1658 comitate
877 1617 1114 1672 adjuvabat3
1147 1616 1396 1667 militemque
1414 1613 1460 1653 iis
1482 1611 1632 1652 artibus

348 1676 498 1717 fecerat
535 1679 575 1717 &
610 1676 776 1730 periculi
809 1679 850 1716 Sc
883 1675 1027 1716 laboris
1059 1674 1233 1714 avidum.
1294 1671 1519 1728 OgFabius
1540 1683 1633 1723 pro-

129 1747 260 1775 Sanmites
348 1734 486 1774 consul
507 1735 555 1773 ad
578 1734 717 1773 urbem
741 1732 886 1773 Allifas
907 1747 1000 1772 cum
1029 1731 1272 1772 Samnitium
1305 1729 1483 1768 exercitu
1515 1727 1633 1781 lignis

128 1791 209 1820 '²55³ss
348 1792 500 1833 collatis
522 1791 714 1845 confligit.
747 1787 912 1830 minime
935 1790 1120 1844 ambigua
1139 1802 1202 1828 res
1224 1787 1313 1827 fuit.
1373 1786 1462 1826 Fufi
1483 1784 1631 1832 hostes,

348 1860 468 1902 atque
501 1849 541 1887 in
576 1849 701 1888 castra
735 1848 939 1902 compulsi.
974 1861 1046 1887 nec
1082 1846 1206 1887 castra
1227 1845 1359 1884 forent
1389 1851 1557 1891 retenta,
1589 1841 1632 1880 ni

348 1908 540 1961 exiguum
561 1905 809 1959 superfuisset
835 1905 939 1944 diei:
970 1914 1060 1944 ante
1093 1903 1257 1942 noctem
1289 1911 1423 1941 tamen
1445 1899 1535 1939 sunt
1556 1899 1633 1938 cir-

348 1965 551 2013 cumsessa,
585 1966 623 2004 ἃ
658 1963 778 2003 ῃοᾶε
800 1962 1009 2011 custodita,
1041 1975 1090 2001 ne
1113 1961 1201 2014 quis
1222 1959 1322 1999 elabi
1344 1958 1479 2011 posset.
1540 1955 1635 1998 Pos-

348 2031 434 2061 tero
474 2022 555 2072 die,
594 2020 759 2060 vixdum
796 2022 884 2060 luce
922 2018 1043 2067 certa,
1086 2018 1236 2057 deditio
1277 2016 1362 2055 fieri
1401 2023 1557 2068 coepta:
1591 2017 1632 2055 &

350 2078 472 2132 paC’d,
504 2078 573 2131 qui
594 2077 837 2117 Samnitium
870 2076 1018 2126 forent,
1050 2086 1092 2114 ut
1115 2089 1207 2119 cum
1240 2073 1400 2128 singulis
1420 2071 1632 2111 vestimen-

348 2137 399 2176 tis
420 2136 709 2175 emitterentur.
771 2135 829 2174 Hi
850 2148 989 2173 omnes
1007 2133 1076 2172 sub
1094 2134 1240 2188 jugum
1257 2131 1368 2170 miffi.
1388 2129 1501 2169 sociis
1518 2129 1633 2169 Sam-

350 2194 494 2233 nitium
516 2192 615 2232 nihil
637 2201 813 2231 cautum.
846 2192 895 2231 ad
929 2191 1077 2244 septem
1110 2190 1233 2229 millia
1265 2188 1335 2228 sub
1355 2193 1379 2239 †
1399 2187 1545 2227 corona
1566 2200 1633 2226 ve-

350 2252 471 2290 niere.
502 2249 572 2302 qui
593 2249 631 2288 se
653 2249 780 2289 civem
797 2248 1022 2288 Hernicum
1044 2248 1211 2294 dixerat,
1244 2245 1416 2286 seorsum
1439 2245 1480 2283 in
1502 2242 1633 2285 custo-

350 2309 413 2348 dia
452 2307 623 2347 habitus.
683 2306 763 2347 Eos
797 2320 937 2346 omnes
972 2305 1118 2346 Fabius
1154 2305 1331 2344 Romam
1367 2303 1415 2341 ad
1452 2302 1631 2341 senatum

348 2423 434 2455 mina
451 2422 617 2466 regionum
642 2423 674 2454 &
690 2422 821 2454 urbium
842 2423 924 2463 saepe
940 2432 1002 2464 pro
1018 2432 1129 2453 earum
1145 2419 1258 2452 incolis
1275 2425 1452 2461 ponuntur.
1501 2417 1556 2458 (5)
1579 2419 1628 2448 ln-

348 2469 433 2500 cuffo
456 2469 587 2499 lacerto.
634 2468 755 2499 Eadem
770 2468 892 2501 locutio
909 2467 1018 2508 rursus
1035 2465 1175 2508 occurrit
1192 2465 1212 2506 l.
1230 2474 1281 2505 30.
1297 2476 1326 2507 c,
1345 2474 1398 2503 34.

392 2532 427 2561 C.
445 2540 496 2568 42.
519 2530 575 2570 (1)
590 2529 609 2560 i.
624 2541 652 2561 e.
671 2531 725 2571 (ex
742 2527 898 2565 sententia
914 2527 1057 2568 Dukeri)
1073 2528 1214 2569 populus
1238 2525 1476 2557 interveniente
1500 2525 1631 2558 decreto

346 2575 481 2605 senatus.
527 2576 612 2606 Nam
639 2573 813 2616 imperium
843 2585 861 2606 a
893 2574 1015 2615 populo
1047 2572 1287 2613 prorogabatur
1319 2569 1456 2601 comitiis
1484 2568 1635 2605 tributis;

345 2621 399 2667 sed
424 2620 504 2660 saepe
530 2630 570 2650 ex
595 2618 876 2664 senatusconsulto.
926 2617 1000 2664 Vifl.
1016 2617 1113 2659 supra
1130 2617 1149 2647 l.
1169 2617 1194 2647 8.
1213 2628 1238 2647 c.
1256 2625 1307 2653 23.
1330 2615 1415 2647 infra
1432 2614 1450 2645 l.
1471 2623 1562 2648 10.c.
1581 2622 1631 2644 22.

358 2688 364 2691 ν
383 2673 400 2696 2
426 2687 433 2695 .
449 2675 474 2695 c.
495 2672 546 2697 220
1058 2670 1061 2673 ·

344 2664 362 2708 i
408 2673 422 2705 7
1506 2700 1631 2740 misit:
