1853 3158
176 266 197 293 ι)

205 264 226 292 Ν

233 253 255 289 00

191 1002 230 1030 U.
245 1011 269 1030 c.
287 1009 359 1037 442.

189 1048 231 1075 Α.
249 1047 284 1076 C.
298 1055 371 1084 3¹0·

195 1090 394 1126 IVLValerio,

190 1137 229 1165 Ρ.
242 1135 346 1165 Decio

190 1179 273 1211 Coff.

198 2056 254 2096 Ap.
269 2055 399 2083 CJJudmt

201 2102 238 2130 δ’
259 2101 290 2128 C.
314 2101 400 2128 Pluu-

198 2148 252 2175 tius
270 2146 385 2185 (castres
392 2167 400 2174 .

862 242 1244 290 T.·L1V11

406 379 445 406 Gt
474 366 720 408 Samnitium
751 364 884 404 omnis
907 365 1128 405 multitudo
1145 375 1185 405 et
1203 365 1355 405 Nolani
1378 365 1551 420 agrestes
1568 377 1712 407 contu-

408 428 548 465 lerant.
582 424 787 471 Die'tator,
806 423 915 463 urbis
933 424 1006 462 situ
1021 423 1329 478 circumspecto,
1346 439 1427 477 quo
1441 425 1617 478 apertior
1628 425 1712 464 adi-

409 495 473 522 tus
490 484 539 521 ad
557 481 709 521 moenia
723 480 829 530 esset,
845 481 983 520 omnia
1000 480 1169 521 aedificia
1186 484 1245 535 (&
1264 481 1496 535 frequenter
1509 482 1710 537 ibi(3)ha-

409 541 628 594 bitabatur)
653 538 916 594 circumjecta
937 540 1062 579 muris
1078 539 1269 579 incendit.
1294 554 1367 580 nec
1385 540 1438 579 ita
1453 542 1586 580 multo
1608 539 1715 595 post,

413 601 487 639 {ive
510 615 531 638 a
562 598 736 638 Poetelio
759 597 972 646 dictatore,
995 598 1069 636 sive
1090 597 1137 636 ab
1160 597 1206 637 C.
1242 598 1366 649 Junio
1400 598 1578 647 consule,
1600 601 1711 653 (nam

413 668 632 710 utrumque
651 656 840 709 traditur)
856 655 963 695 Nola
980 655 1035 694 est
1052 665 1181 708 capta.
1244 655 1329 713 Qi
1344 665 1470 710 captae
1485 657 1609 697 decus
1625 656 1715 696 No-

413 718 459 755 lae
482 717 531 755 ad
568 714 775 755 consulem
810 712 990 762 trahunt,
1023 712 1236 768 adjiciunt,
1270 714 1495 754 Atinam&
1516 713 1715 754 Calatiam

413 773 462 814 ab
503 773 648 814 eodem
687 781 847 825 captas;
891 771 1112 810 Poetelium
1153 779 1304 821 autem,
1347 771 1571 826 pestilentia
1612 771 1716 823 orta,

413 833 514 872 clavi
552 830 703 885 figendi
742 829 863 870 causa
882 828 1122 868 dictatorem
1144 828 1317 868 dietum.
1375 828 1513 869 Sueffa
1537 833 1575 870 &
1609 831 1716 870 Pon-

413 892 478 930 tiae
515 891 659 929 eodem
693 902 799 927 anno
821 887 992 927 coloniae
1013 886 1200 926 deductae
1223 886 1326 926 sunt.
1389 886 1526 927 Sueffa
1549 888 1717 927 Aurun-

413 963 556 989 corum
593 946 748 986 fuerat:
793 944 932 985 Volsci
965 944 1148 996 Pontias,
1180 944 1350 984 insulam
1386 944 1497 984 fitam
1539 945 1580 984 in
1620 960 1716 985 con-

414 1006 553 1060 speetu
575 1005 703 1044 litoris
725 1003 799 1050 sui,
831 1003 1096 1042 incoluerant.
1132 1005 1189 1053 &,
1211 1003 1442 1043 Interamna
1461 1006 1502 1044 δι’
1525 1002 1716 1044 Casinum

414 1075 457 1103 ut
490 1064 790 1103 deducerentur
826 1060 1010 1109 coloniae,
1043 1060 1433 1100 senatusconsultum
1465 1061 1624 1102 saecum
1645 1061 1714 1101 est.

414 1122 478 1161 sed
513 1119 747 1160 triumviros
781 1130 983 1166 creavere,
1015 1131 1061 1156 ac
1094 1118 1234 1158 misere
1264 1120 1506 1159 colonorum
1540 1130 1716 1173 quatuor

413 1180 538 1219 millia
561 1176 816 1230 insequentes
839 1173 1023 1214 consules
1042 1174 1105 1213 M.
1129 1175 1331 1226 Valerius,
1364 1179 1407 1217 P.
1429 1177 1598 1218 Decius.

472 1235 632 1277 XXIX.
666 1241 692 1287 †
716 1232 935 1287 Profligato
957 1229 1041 1271 fere
1063 1231 1310 1272 Samnitium
1330 1233 1451 1283 bello,
1483 1235 1717 1289 priusquam

412 1311 459 1336 ea
481 1310 577 1336 cura
597 1299 621 1346 †
637 1293 852 1333 decederet
875 1290 1060 1331 Patribus
1083 1290 1298 1339 Romanis,
1321 1291 1478 1332 Etrusci
1497 1293 1590 1333 belli
1609 1293 1718 1333 fama

413 1364 552 1394 exorta
585 1352 655 1392 est.
690 1365 766 1390 nec
803 1358 887 1389 erat
909 1349 954 1388 ea
977 1348 1212 1402 tempestate
1235 1362 1333 1403 gens
1356 1349 1448 1400 alia,
1480 1351 1597 1405 cujus
1616 1357 1638 1404 †
1662 1351 1720 1391 se-

414 1409 598 1453 cundum
621 1409 802 1450 Gallicos
819 1407 1020 1447 tumultus
1041 1421 1152 1447 arma
1173 1407 1413 1447 terribiliora
1432 1408 1572 1460 ess'ent,
1593 1423 1722 1462 quum

415 1469 717 1525 propinquitate
741 1466 843 1522 agri,
864 1475 953 1505 tum
972 1465 1236 1505 multitudine
1267 1465 1497 1505 hominum.
1559 1467 1720 1520 Itaque,

416 1531 540 1569 altero
578 1527 790 1568 consulum
818 1525 860 1564 in
890 1524 1059 1564 Samnio
1094 1523 1286 1577 reliquias
1320 1523 1415 1564 belli
1436 1524 1720 1579 persequente,

414 1588 459 1627 P.
483 1587 654 1634 Decius,
687 1584 757 1639 qui
790 1582 965 1638 graviter
1001 1595 1107 1637 aeger
1139 1581 1288 1622 Romae
1309 1582 1524 1635 restiterat,
1555 1577 1723 1623 auctore

417 1646 556 1685 senatu
593 1644 837 1684 dictatorem
874 1643 936 1695 (1)
972 1640 1021 1682 C.
1053 1640 1226 1692 Junium
1260 1640 1493 1681 Bubulcum
1522 1641 1636 1681 dixit.
1673 1641 1722 1690 is,

417 1714 537 1758 prout
574 1703 631 1742 rei
666 1701 906 1756 magnitudo
943 1697 1186 1752 postulabat,
1218 1712 1360 1739 omnes
1391 1699 1574 1755 juniores
1596 1698 1724 1739 sacra-

418 1773 556 1802 mento
579 1761 729 1815 adigit:
760 1773 886 1807 arma,
919 1771 1092 1810 quaeque
1122 1757 1196 1796 alia
1218 1770 1280 1797 res
1302 1757 1446 1811 poscit,
1477 1754 1634 1801 summa
1661 1757 1723 1796 in-

416 1821 569 1860 dustria
591 1829 703 1873 parat
724 1834 732 1857 :
763 1820 824 1871 (2)
845 1830 920 1856 nec
951 1814 1074 1855 tantis
1110 1815 1368 1869 apparatibus
1389 1816 1518 1861 elatus
1547 1816 1596 1855 de
1618 1815 1724 1855 infe-

416 1880 542 1918 rendo
564 1878 670 1918 bello
693 1877 834 1931 agitat,
867 1873 1079 1928 quieturus
1100 1872 1210 1913 haud
1231 1870 1369 1922 dubie,
1391 1874 1462 1914 nisi
1485 1873 1590 1912 ultro
1612 1887 1723 1913 arma

417 1937 573 1977 Etrusci
596 1935 805 1975 inferrent.
868 1933 1022 1973 Eadem
1045 1931 1086 1970 in
1118 1931 1390 1984 comparando
1413 1930 1723 1985 cohibendoque

417 1995 523 2035 bello
575 1993 737 2034 consilia
781 1995 820 2032 &
859 1991 966 2045 apud
1001 1989 1191 2030 Etruscos
1229 1988 1356 2042 fuere.
1400 1989 1533 2028 neutri
1575 1988 1724 2030 finibus

418 2053 569 2107 egressi.
610 2055 648 2092 &
687 2050 854 2091 censura
891 2050 996 2089 clara
1033 2061 1081 2086 eo
1126 2061 1233 2086 anno
1266 2048 1347 2101 Ap.
1387 2047 1551 2087 Claudii
1600 2049 1637 2088 8<
1673 2046 1723 2087 C.

420 2111 565 2152 Plautii
601 2110 709 2157 suit3
744 2108 949 2147 memoriae
985 2115 1120 2144 tamen
1155 2105 1347 2145 felicioris
1379 2106 1429 2145 ad
1451 2105 1630 2159 posteros
1652 2119 1726 2145 no-

420 2184 514 2210 men
550 2168 690 2222 Appii,
723 2163 835 2221 quod
875 2167 933 2219 (3)
965 2163 1071 2202 viam
1101 2163 1290 2213 munivit,
1326 2166 1365 2204 δε
1405 2166 1467 2218 (4)
1504 2177 1651 2216 aquam
1684 2163 1725 2202 in

1579 2221 1727 2261 urbem

423 2354 529 2378 erant.
557 2347 593 2375 E.
642 2344 697 2386 (ζ)
721 2343 769 2374 Sic
788 2343 884 2383 supra
914 2341 931 2370 l.
963 2349 988 2370 2.
1019 2352 1043 2371 c.
1077 2339 1127 2371 62..
1155 2342 1286 2378 vicorum,
1309 2340 1406 2382 quibus
1422 2342 1591 2381 sequenter
1615 2340 1728 2370 habita·

424 2395 517 2424 batur.

471 2440 510 2469 C.
532 2446 584 2477 29.
602 2435 658 2475 (1)
680 2435 765 2476 Lege
794 2443 832 2464 ex
860 2430 1056 2462 auctoritate
1084 2429 1347 2472 Capitolinarum
1364 2430 1551 2461 tabularum
1567 2432 1728 2461 Amatorem

430 2486 459 2514 C.
478 2484 630 2523 Sulpicium
648 2482 783 2521 Longum,
806 2481 828 2509 is
855 2477 1015 2519 magistrum
1038 2479 1158 2517 equitum
1188 2478 1218 2506 C.
1236 2477 1360 2518 Julit'um
1377 2477 1526 2506 Bubulcum
1543 2478 1626 2506 dixit.
1672 2478 1730 2506 Sn-

427 2529 487 2569 pra
505 2527 602 2558 ctiam
631 2526 653 2557 l.
670 2535 696 2563 7.
717 2535 741 2554 c.
760 2523 789 2555 6.
805 2521 931 2558 Livius,
952 2521 1148 2552 dictatorem
1162 2530 1356 2558 memorans,
1379 2519 1518 2562 magistri
1530 2520 1649 2562 equitis
1665 2531 1725 2550 no—

428 2585 502 2605 men
531 2572 650 2602 addere
677 2569 803 2601 omisit:
829 2567 886 2598 ubi
913 2566 947 2597 id
973 2565 1060 2597 Livii
1076 2565 1173 2607 culpa
1189 2567 1314 2597 sae‘tum
1341 2565 1402 2596 effe
1431 2565 1548 2606 potuit.
1595 2566 1654 2596 Sed
1672 2564 1725 2596 hic

428 2619 536 2659 potius
565 2618 631 2654 eius
661 2613 801 2645 librariis
818 2612 1068 2644 adscribendum
1095 2611 1156 2648 est3
1180 2611 1257 2652 quia
1272 2611 1388 2653 Junius
1405 2621 1472 2641 non
1496 2610 1650 2645 dictator,
1672 2610 1725 2641 sed

428 2654 739 2705 magister‘equitum
756 2658 829 2693 fuit,
854 2665 890 2689 ut
917 2668 954 2687 ex
980 2656 1064 2688 fastis
1092 2656 1226 2687 constat.
1273 2657 1329 2697 (2)
1353 2657 1421 2686 Nec
1438 2664 1545 2686 tamen
1570 2657 1608 2686 eo
1625 2655 1729 2686 elatus

428 2709 470 2740 cst
514 2706 612 2738 tantis
644 2703 867 2747 apparatibus,
904 2709 939 2733 ut
966 2702 1122 2743 cogitaret
1154 2702 1194 2732 de
1226 2699 1410 2732 laceffendis
1450 2701 1538 2732 ultro
1572 2699 1724 2730 hostibus.

428 2755 484 2796 (τ)
508 2754 590 2796 Qae
616 2751 657 2781 ab
673 2751 740 2791 ejus
757 2749 887 2780 nomine
917 2750 1014 2789 Appia
1043 2746 1185 2776 vocitata
1209 2745 1260 2776 est.
1306 2745 1374 2787 lpse
1398 2756 1469 2776 eam
1493 2745 1534 2776 ab
1560 2744 1640 2775 urbe
1668 2746 1728 2776 Ca-

428 2786 527 2842 piiam
545 2797 642 2838 usque
654 2795 802 2827 deduxit.
850 2793 961 2825 Postea
978 2793 1018 2824 ad
1036 2791 1254 2823 Brundusium
1269 2790 1432 2833 producta
1448 2789 1498 2822 est.
1544 2790 1600 2832 (4)
1616 2789 1726 2866 Prlima

1664 2845 1723 2867 laeC
