1832 3137
424 284 1055 327 LIBER11.CAP.
1113 287 1164 327 11.
1582 293 1634 342 89

138 398 249 453 regia
269 396 687 452 potestate‚numere5.
747 396 1010 451 Omniajura,
1031 399 1165 438 omnia
1180 401 1240 452 (8)
1257 399 1419 453 insignia

141 457 259 510 primi
280 453 459 495 consules
475 463 651 492 tenuere.
686 454 725 492 id
746 453 869 493 modo
891 466 1052 495 cautum
1075 456 1147 505 est,
1169 470 1233 505 ne,
1255 457 1279 495 s1
1302 456 1418 495 ambo

141 513 274 564 fasces*
300 511 506 559 haberent,
546 511 771 563 duplicatus
812 521 938 552 terror
988 513 1198 552 videretur.
1270 514 1419 552 Brutus

142 570 250 623 prior
270 569 513 609 concedente
535 566 702 622 collega,
735 567 859 607 fasces
889 568 1051 608 habuit:
1082 570 1150 622 qui
1181 584 1261 609 non
1293 570 1419 610 acrior

142 627 286 666 vindex
308 625 498 665 libertatis
520 624 666 673 fuerat,
688 626 810 678 quam
832 626 974 666 deinde
1007 627 1139 666 custos
1170 626 1258 666 fuit.
1319 628 1420 667 Om-
1440 637 1638 677 P.R.juratfi

142 685 255 723 nium
276 681 452 737 primum
473 683 633 722 avidum
654 697 768 722 novae
788 682 977 724 libertatis
1007 685 1218 736 populum,
1247 698 1295 723 ne
1317 685 1421 737 post·
1439 685 1551 723 &gnari
1577 684 1634 711 ΕΟ·

142 742 308 780 modum
326 740 433 780 flecti
449 739 633 794 precibus
655 750 723 779 aut
743 740 857 779 donis
878 740 996 794 regiis
1014 741 1148 793 posset,
1162 742 1420 795 jur-*jurando
1438 739 1486 800 ”If
1501 740 1549 801 ''ns''
1572 726 1638 767 pas·

139 798 288 852 adegit,
310 798 511 839 neminem
532 797 677 837 Romae
695 798 869 850 paffuros
899 812 1075 851 regnare.
1136 798 1310 847 Deinde,
1340 813 1419 852 quo
1449 794 1454 800 Δ
1484 786 1500 801 u
1529 794 1536 800 ⁶

141 857 230 909 plus
261 856 405 895 virium
433 855 473 893 in
507 854 643 894 senatu
682 854 905 907 frequentia
941 855 1058 894 etiam
1090 855 1239 896 ordinis
1261 855 1422 903 faceret,

142 912 315 952 caedibus
337 913 439 967 regis
461 912 714 951 deminutum
735 913 900 951 Patrum
922 926 1151 960 numerum,
1183 912 1422 965 primoribus

143 970 334 1023 equestris
351 968 497 1024 gradus
519 969 634 1009 lecffis
657 970 706 1008 ad
735 972 796 1023 (9)
832 979 1101 1009 trecentorum
1130 970 1325 1008 summam
1356 984 1423 1008 ex-

141 1027 275 1081 plevit.
297 1028 568 1079 traditumque
589 1027 679 1065 inde
695 1026 835 1075 fertur,
858 1037 902 1065 ut
923 1029 1016 1080 (10)
1044 1028 1085 1065 in
1109 1026 1287 1066 senatum
1307 1041 1423 1066 voca-

141 1095 297 1135 rentur,
314 1085 383 1137 qui
403 1094 551 1138 patres,
569 1084 718 1137 quique
748 1083 958 1137 conscripti
992 1085 1124 1123 efl'ent.
1166 1084 1422 1137 conscriptos,

141 1142 340 1193 videlicet,
364 1142 404 1181 in
419 1156 567 1181 novum
591 1142 769 1181 senatum
786 1141 1036 1195 appellabant
1060 1145 1149 1195 (11)
1178 1142 1316 1181 lectos.
1376 1141 1422 1180 Id

142 1197 504 1253 mirum—quantum
519 1202 609 1253 (12)
626 1198 777 1252 profuit
794 1200 842 1238 ad
860 1200 1114 1239 concordiam
1132 1199 1315 1248 civitatis,
1328 1200 1423 1253 jun-

140 1257 370 1311 gendosque
384 1257 570 1297 Patribus
592 1259 683 1310 (13)
704 1256 827 1309 plebis
850 1257 1012 1299 animos.

200 1315 254 1353 ΙΙ.
289 1315 445 1354 Rerum
486 1315 629 1354 deinde
666 1314 890 1353 divinarum
935 1314 1068 1355 habita
1100 1329 1208 1354 cura.
1245 1316 1302 1364 ἃ,
1331 1313 1423 1365 quia
1440 1327 1502 1355 Rex
1526 1326 1639 1366 sacrfi-

138 1373 325 1425 quaedam
348 1372 504 1425 publica
526 1371 630 1412 sacra
647 1386 717 1424 per
738 1371 841 1424 ipsos
869 1386 981 1425 reges
998 1371 1177 1411 factitata
1209 1381 1337 1421 erant,
1373 1385 1422 1409 ne
1440 1374 1522 1401 culus·

143 1433 206 1483 (1)
230 1429 371 1469 ubiubi
403 1443 544 1483 regum
579 1429 814 1470 desiderium
846 1429 953 1476 efl'et,
989 1443 1123 1483 regern
1159 1427 1424 1471 sacrificulum

141 1496 292 1527 creant.
352 1487 396 1525 Id
421 1486 682 1525 sacerdotium
705 1485 885 1538 pontifici
907 1485 1120 1540 subjecere,
1141 1500 1189 1525 ne
1219 1488 1279 1538 (2)
1315 1485 1425 1523 addi-

143 1556 207 1584 tus
231 1543 383 1583 nomini
415 1542 543 1582 honos
565 1543 713 1596 aliquid
734 1542 921 1592 libertati,
942 1544 1056 1598 cujus
1077 1553 1172 1582 tunc
1194 1543 1321 1595 prima
1341 1550 1425 1580 erat

142 1616 253 1651 cura,
274 1601 463 1640 officeret.
479 1615 523 1639 ac
546 1600 675 1639 nescio
698 1602 755 1653 (3)
779 1614 844 1649 an,
860 1600 979 1639 nimis
1002 1601 1177 1652 undique
1199 1613 1287 1638 eam
1309 1599 1425 1637 mini-

145 1659 220 1706 mis
238 1672 398 1711 quoque
421 1657 538 1697 rebus
560 1657 794 1704 muniendo,
823 1658 988 1696 modum
1015 1657 1257 1696 excesserint.
1317 1655 1425 1695 Con-
1447 1666 1592 1694 Collatinus
1612 1667 1642 1695 oh

144 1716 236 1756 sulis
267 1716 375 1754 enim
397 1715 574 1764 alterius,
595 1728 720 1766 quum
754 1713 853 1752 nihil
885 1714 991 1753 aliud
1022 1713 1246 1763 offenderit,
1277 1727 1423 1751 nomen
1451 1710 1601 1762 ‘Tffrquf‘sjf
1627 1757 1632 1762 ¹

146 1772 316 1812 invisum
338 1771 486 1812 civitati
515 1770 604 1810 fuit.
678 1770 850 1810 IVimiZcm
885 1770 1106 1824 Tarquinios
1144 1786 1249 1824 regno
1277 1767 1532 1839 afficcffi’.sssm‘'²
1571 1767 1645 1784 ''¹²¹''

143 1832 291 1869 initium
338 1846 362 1868 α
397 1829 524 1883 Prgsso
549 1829 717 1884 fac‘lum.
781 1829 957 1883 Regmff
987 1829 1111 1868 deinde
1141 1829 1217 1867 Ser.
1247 1827 1424 1866 Tullium.
1484 1821 1491 1828 ⁶

144 1904 188 1928 ne
207 1888 291 1945 (4)
311 1887 504 1926 intervallo
519 1887 660 1940 quidem
662 1886 785 1942 fizHo,
804 1887 964 1935 oblitum,
984 1895 1158 1940 tanquam
1180 1886 1301 1933 alieni,
1325 1886 1428 1938 regni

1230 1943 1255 1982 S
1259 1943 1428 1996 (tperlmm

145 2039 188 2072 est
207 2042 237 2070 de
249 2053 279 2070 re
288 2041 398 2081 afferre
410 2046 437 2069 ut
454 2039 614 2081 minor-fiat.
639 2038 778 2070 Librarii
794 2039 872 2080 saepe
885 2038 940 2069 has
951 2049 1044 2069 voces
1058 2038 1342 2074 consunffi1m3nec
1354 2047 1428 2067 con·

145 2086 202 2116 stat
216 2096 324 2116 annon
335 2085 367 2114 ὃς
383 2084 441 2125 ipsi
457 2085 613 2114 auctores.
662 2084 716 2125 (8)
734 2086 855 2115 Praeter
866 2094 1029 2119 coronam,
1045 2083 1214 2124 sceptrum,
1230 2083 1260 2112 Sc
1278 2082 1428 2112 trabeam.

146 2131 342 2171 Quanquam
357 2129 416 2159 hac
434 2128 564 2168 quidem
585 2128 629 2159 usi
650 2129 803 2165 consules,
818 2129 871 2159 sed
892 2130 974 2158 raro.
987 2128 1050 2158 vid.
1067 2135 1133 2158 not.
1147 2138 1177 2164 4.
1196 2128 1244 2157 ad.
1261 2138 1285 2157 c.
1302 2136 1352 2162 41.
1367 2126 1386 2156 l.
1403 2136 1428 2156 1.

143 2175 201 2215 (9)
212 2173 284 2204 Vid.
301 2181 367 2204 not.
379 2183 407 2212 3.
423 2174 471 2203 ad.
489 2184 513 2203 c.
533 2182 582 2211 35.
599 2173 617 2202 l.
638 2183 663 2203 1.
709 2173 786 2214 (ιο)
802 2175 836 2203 In
848 2173 968 2204 curiam
982 2172 1158 2203 citarentur
1175 2182 1232 2212 per
1246 2181 1429 2213 praeconem.

147 2219 223 2260 (11)
239 2218 348 2249 Postea
372 2217 513 2248 obtinuit
526 2225 561 2248 ut
585 2218 743 2248 senatores
767 2228 877 2248 ornnes
909 2216 1086 2258 promiscue
1118 2218 1228 2247 Patres
1259 2214 1429 2255 conscripti

146 2263 404 2304 appellarentur..
451 2262 525 2303 (12)
543 2261 616 2293 vid.
629 2270 693 2295 not.
711 2272 735 2300 7.
752 2263 792 2292 ad
809 2273 833 2292 c.
854 2261 901 2292 16.
915 2263 932 2292 ¹..
948 2271 974 2291 1.
1019 2262 1096 2301 (ιῇ)
1111 2260 1222 2291 Livius
1232 2260 1296 2300 jam
1308 2259 1430 2289 dixerat

142 2311 276 2349 primores
292 2308 415 2350 equfstris
427 2306 532 2348 gradis
552 2306 585 2336 in
617 2307 762 2338 senatum
779 2308 877 2337 lectos
893 2306 961 2337 esse.
1006 2305 1176 2348 Dionysius
1194 2304 1300 2335 scribit
1322 2314 1431 2334 omnes

147 2351 237 2382 suiss'e
250 2353 290 2382 de
303 2351 404 2392 plebe.
429 2351 515 2381 Hinc
531 2351 688 2391 conjicere
704 2351 777 2382 licet
794 2362 847 2382 eos
869 2350 959 2383 fuiss'e
975 2350 1105 2392 quidem
1128 2351 1167 2381 de
1185 2349 1287 2391 plebe,
1312 2355 1344 2379 at
1375 2346 1431 2389 qni

144 2399 245 2437 cetfiaem
261 2397 398 2439 equsstrem
415 2395 578 2426 haberent.
594 2398 629 2427 Ε.

194 2459 231 2488 C.
247 2467 276 2488 2.
302 2457 356 2499 (Ι)
367 2457 385 2488 i.
397 2468 422 2487 e.
438 2457 472 2487 in
488 2457 553 2487 ulla
564 2465 655 2498 parte
667 2457 771 2488 offiCIi.
795 2456 844 2488 Sic
857 2459 1146 2498 qtmliſjyuall's,quantu
1160 2463 1279 2496 qwmtus,
1293 2456 1433 2490 undeunde,

149 2513 221 2544 pro,
235 2504 421 2543 qualiscunque
438 2502 496 2532 δερ.
541 2503 596 2542 (2)
613 2504 673 2539 Ne,
695 2502 716 2532 fi
733 2502 856 2532 nomini
873 2513 930 2543 per
947 2502 976 2532 se
992 2501 1158 2542 magnifico
1175 2501 1345 2531 adderetur
1377 2498 1431 2529 ali-

151 2547 223 2587 quis
241 2548 354 2583 ὴοῐιοε,
370 2546 403 2577 id
420 2545 560 2576 officeret
578 2546 728 2577 libertati.
775 2548 877 2576 Porro
894 2545 1022 2583 scivere,
1038 2557 1077 2576 ne
1094 2545 1158 2586 regi
1187 2543 1360 2575 sacrificulo
1376 2550 1429 2574 aut

151 2591 367 2632 magistratum
378 2601 497 2632 gerere,
508 2598 562 2620 aut
577 2591 755 2621 orationem
772 2591 889 2621 habere
905 2591 945 2620 ad
958 2590 1114 2632 populum
1132 2590 1248 2620 liceret.
1293 2589 1347 2629 (3)
1360 2589 1431 2627 Nes-

148 2639 187 2665 cio
203 2650 238 2665 an
256 2634 444 2666 affirmative
460 2636 647 2677 profertqffi
664 2636 750 2666 haud
768 2637 841 2665 raro
861 2636 1042 2676 usurpatur.
1089 2635 1141 2675 (4)
1158 2636 1205 2665 Ne
1227 2632 1431 2663 intervallum

152 2680 285 2720 quidem
295 2680 385 2715 illud,
404 2690 469 2719 quo
487 2679 667 2720 regnaverit
686 2681 770 2710 Serv,
785 2679 923 2716 Tullius,
936 2679 1059 2710 efficere
1076 2678 1209 2720 potuisse
1226 2686 1260 2708 ut
1273 2676 1432 2720 Superbus

152 2724 350 2767 Tarquinius
368 2723 610 2756 oblivisceretur
627 2723 718 2767 regni
735 2729 889 2765 tanquam
900 2723 1005 2762 alieni,
1019 2735 1077 2755 nec
1090 2724 1261 2764 quicquam
1272 2722 1335 2770 jain
1347 2721 1393 2769 ad⁴
1403 2720 1432 2749 se

1226 2774 1432 2808 pertlnenns3
