1832 3137
443 277 723 322 LIBER
784 278 1056 319 [CAP.
1116 277 1190 317 VI.
1618 284 1661 324 13

168 396 348 436 animum
378 393 572 433 memoria
607 401 824 445 nepotum:
863 389 1171 441 sciscitandoque
1204 386 1346 427 eodem
1387 388 1448 439 (5)

169 453 363 507 pervenit,
394 461 437 490 ut
467 450 574 490 haud
606 450 747 503 procul
771 448 876 495 ess'et,
908 448 1003 500 quin
1029 447 1207 486 Remum
1229 447 1290 499 (6)
1311 444 1449 498 agnos-

170 520 289 551 ceret.
349 510 408 548 Ita
435 508 610 560 undique
637 509 698 561 (7)
723 506 805 559 regi
841 506 955 544 dolus
982 504 1168 543 nectitur.
1230 503 1450 549 Romulus,

171 582 252 607 non
273 581 366 607 cum
388 565 505 621 globo
522 567 732 620 juvenum,
763 566 853 616 (nec
875 562 981 601 enim
1001 572 1083 601 erat
1105 562 1153 600 ad
1174 562 1253 600 vim
1275 569 1450 613 apertam
1562 605 1568 610 ·

170 628 258 679 par)
293 625 359 664 sed
391 623 476 663 aliis
511 623 588 662 alio
614 622 752 661 itinere
774 619 882 674 juffis
904 629 1011 658 certo
1031 630 1209 671 tempore
1231 619 1279 656 ad
1299 616 1449 670 regiam
1470 604 1670 679 Amulmgng-

172 682 306 721 venire
332 680 567 735 pastoribus,
608 681 656 718 ad
688 691 822 733 regem
854 677 1049 730 impetum
1074 676 1193 715 facit:
1226 678 1266 715 &
1288 689 1309 713 a
1329 676 1450 713 domo
1467 657 1646 724 Ήῗὲῗῇηηζ

171 740 398 779 Numitoris
412 739 487 778 alia
502 737 729 790 comparata
744 749 866 774 manu
880 735 940 789 adj
948 744 1038 773 uvat
1053 734 1221 772 Remus.
1243 732 1297 771 ita
1317 745 1452 787 regem
1471 740 1618 782 rzstituunt.

173 796 426 837 obtruncant.

230 855 305 894 VI.
365 854 572 901 Numitor,
594 853 696 891 inter
707 851 884 905 primum
905 851 1124 889 tumultum
1140 848 1271 887 hostes
1285 847 1454 886 invasisse

176 912 316 952 urbem
356 921 474 964 atque
515 912 673 950 adortos
713 909 864 964 regiam
899 907 1103 957 dielitans,
1144 920 1270 958 quum
1309 903 1457 957 pubem

177 970 377 1010 Albanam
412 970 453 1008 in
481 983 612 1008 arcem
648 967 826 1021 praefidio
858 965 1053 1018 armisque
1089 963 1346 1004 obtinendam
1368 976 1459 1000 avo-

175 1028 292 1067 caffet
322 1030 413 1081 (1);
434 1026 692 1080 posteaquam
709 1026 893 1080 juvenes,
914 1022 1136 1076 perpetrata
1151 1022 1275 1070 caede,
1297 1033 1459 1073 pergere

177 1086 227 1124 ad
247 1084 284 1124 se
306 1086 550 1139 gratulantes
583 1084 696 1131 vidit,
728 1080 930 1135 extemplo
953 1082 1145 1120 advocato
1165 1078 1348 1125 concilio,
1380 1077 1460 1116 sce-

178 1144 259 1182 lera
291 1142 333 1181 in
354 1142 392 1182 se
414 1141 562 1192 fratris,
592 1141 791 1196 originem
822 1151 1032 1193 nepotum,
1066 1146 1110 1177 ut
1131 1136 1270 1192 geniti,
1301 1143 1344 1174 ut
1365 1135 1461 1174 edu-

179 1200 272 1249 cati,
304 1209 348 1239 ut
381 1199 530 1254 cogniti
563 1199 699 1249 effent,
729 1198 879 1238 caedem
920 1196 1107 1249 deinceps
1138 1193 1313 1250 tyranni,
1345 1192 1460 1244 seque

180 1259 266 1312 ejus
302 1257 509 1297 amstorem
542 1257 724 1296 ostendit.
785 1256 974 1307 Juvenes,
1004 1268 1074 1307 per
1110 1252 1282 1292 mediam
1304 1250 1464 1290 concio-

181 1329 274 1354 nem
296 1315 453 1370 agmine
475 1314 645 1369 ingressi,
676 1327 802 1366 quum
825 1327 941 1352 avum
978 1325 1113 1366 regem
1142 1309 1376 1355 salutassent,
1408 1306 1464 1345 se-

181 1382 274 1412 cuta
294 1387 342 1411 ex
374 1372 484 1412 omni
505 1372 763 1411 multitudine
786 1369 1034 1410 consentiens
1070 1383 1142 1407 vox
1164 1376 1294 1405 ratum
1317 1378 1464 1403 nomen

182 1430 475 1483 imperiumque
492 1429 574 1483 regi
596 1429 740 1468 effecit.
801 1428 860 1466 Ita
881 1426 1086 1466 Numitori
1110 1424 1265 1464 Albana
1285 1421 1466 1476 permifl'zl

182 1502 242 1537 re,
274 1488 498 1526 Romulum
521 1487 780 1538 Remumque
803 1485 948 1538 cupido
970 1484 1089 1536 cepit,
1121 1483 1162 1520 in
1183 1482 1229 1521 iis
1255 1480 1366 1527 locis,
1398 1478 1466 1517 ubi

183 1545 362 1598 expoliti,
393 1544 540 1597 ubique
562 1543 719 1583 educati
752 1553 879 1591 erant,
910 1541 1018 1580 urbis
1059 1539 1289 1579 condendae.
1328 1540 1368 1577 &
1405 1535 1467 1574 su-

183 1612 338 1656 pererat
370 1602 586 1640 multitudo
608 1600 859 1639 Albanorum
887 1598 1218 1650 Latinorumque.
1241 1596 1291 1634 ad
1323 1594 1363 1633 id
1383 1592 1469 1646 pas-

184 1671 289 1699 tores
307 1673 466 1712 quoque
488 1658 739 1709 accesserant,
769 1657 838 1710 qui
859 1669 998 1695 omnes
1020 1655 1135 1694 facile
1153 1654 1260 1707 spem
1277 1651 1468 1700 facerent,
1489 1675 1571 1705 Urbis
1581 1676 1687 1704 mdc),—

184 1731 348 1772 parvam
386 1715 547 1765 Albam,
589 1729 756 1769 parvum
789 1714 1003 1753 Lavinium
1034 1727 1117 1766 prae
1151 1712 1195 1751 ea
1230 1710 1342 1757 urbe,
1378 1723 1468 1761 quae
1486 1723 1524 1749 φρ
1539 1720 1672 1762 corfinum

186 1775 442 1822 conderetur,
485 1773 583 1812 fore.
645 1772 865 1812 Intervenit
897 1771 1039 1810 deinde
1075 1769 1136 1808 his
1162 1765 1469 1823 cogitationibus
1488 1767 1607 1806 capiunt.

186 1833 337 1872 avitum
369 1833 539 1881 malum,
579 1831 690 1884 regni
724 1829 896 1882 cupido;
929 1821 1047 1880 atque
1083 1827 1175 1866 inde
1197 1826 1354 1865 foedum
1388 1837 1472 1863 cer-

187 1900 322 1930 tamen
343 1899 527 1929 coortum
549 1904 569 1927 a
592 1888 682 1927 satis
718 1887 804 1926 miti
845 1885 1042 1940 principio
1073 1887 1161 1938 (2),
1185 1883 1373 1936 quoniam
1405 1896 1472 1935 ge-

188 1948 288 1986 mini
309 1948 443 1997 effent‚
464 1960 537 1986 nec
554 1945 679 1985 {etatis
693 1944 931 1984 verecundia
952 1943 1163 1982 discrimen
1184 1941 1314 1980 facere
1336 1940 1473 1992 pofl'et,

189 2015 234 2044 ut
255 2005 341 2055 Dii,
372 2018 544 2058 quorum
561 2004 696 2043 tutelae
716 2017 760 2042 ea
794 2003 878 2041 loca
919 2001 1053 2049 effent,
1084 1999 1259 2054 auguriis
1280 1999 1472 2052 legerent,

188 2063 258 2116 qui
280 2077 428 2102 nomen
448 2076 561 2102 nova:
583 2060 670 2100 urbi
692 2062 817 2109 daret,
849 2059 917 2112 qui
949 2058 1151 2098 conditam
1172 2055 1339 2109 imperio
1361 2067 1472 2108 rege-

1398 2120 1469 2150 ret.

187 2239 342 2278 juvenum
369 2248 442 2268 cum
458 2237 503 2273 ea,
525 2236 588 2277 quit
609 2235 668 2267 effe
694 2235 854 2267 debebant
881 2242 1023 2275 nepotes,
1045 2233 1067 2262 sl
1088 2232 1192 2263 adhuc
1219 2231 1373 2261 viverent.
1417 2227 1472 2269 (5)

192 2283 362 2322 Plusquam
377 2282 551 2313 verisimilis
575 2281 617 2312 est
632 2281 817 2321 conjec‘tura
832 2279 1001 2310 doc‘tiss'xmi
1031 2275 1195 2313 Cre-wiern,
1220 2275 1387 2317 legendum
1414 2271 1474 2302 efi'e

191 2330 217 2357 εὶ)
232 2331 343 2357 demum.
388 2326 575 2357 Lec‘tionem
592 2333 698 2356 tamen
715 2325 879 2366 vulgarem
892 2324 930 2354 fic
948 2321 1153 2363 interpretari
1170 2320 1348 2362 pofi‘umus:
1375 2316 1474 2348 scisci-

193 2372 292 2402 tando
307 2372 392 2402 e6dem
405 2371 562 2412 pervenit,
583 2371 632 2412 quc)
647 2370 735 2411 prius
760 2369 977 2410 comparando
995 2375 1120 2398 aetatem
1145 2376 1256 2396 eorum
1272 2363 1475 2401 indolemque

194 2416 435 2456 propendebat3
458 2416 502 2446 ita
515 2423 550 2446 ut
567 2416 653 2446 haud
667 2415 779 2456 procul
801 2413 875 2445 efi'et
894 2414 951 2443 ἃς.
975 2415 1009 2442 E.
1054 2411 1108 2452 (ὁ)
1131 2410 1150 2440 i.
1166 2421 1191 2440 c.
1204 2409 1309 2451 palam
1324 2409 1354 2438 8<
1366 2417 1475 2438 coram

194 2461 337 2501 populo:
363 2471 438 2491 nam
453 2461 541 2501 quod
563 2462 664 2490 Remo
695 2470 793 2501 genus
815 2459 907 2489 suum
931 2456 1079 2499 patefecit
1102 2466 1139 2486 ex
1156 2466 1194 2485 eo
1207 2454 1362 2495 conjicere
1393 2451 1477 2486 licet,

194 2507 282 2545 quod
299 2506 467 2535 Amulium
490 2516 564 2535 mox
590 2506 721 2536 adortus
738 2503 788 2535 est.
813 2505 845 2533 E.
890 2504 945 2544 (7)
968 2502 1022 2532 Ab
1035 2500 1176 2531 Romulo
1192 2507 1280 2530 extra
1290 2498 1413 2534 urbem,
1435 2495 1476 2526 ab

196 2552 298 2581 Remo
321 2558 416 2590 atque
434 2549 603 2581 Numitore
615 2549 706 2580 intra.

243 2614 278 2643 C.
295 2611 323 2643 6.
348 2612 400 2653 (1)
424 2611 443 2642 i.
459 2623 484 2642 e.
514 2610 672 2642 avertisset
699 2621 739 2641 nc
767 2609 919 2641 auxilium
947 2609 1011 2649 regi
1028 2611 1156 2639 ferrent.
1205 2606 1256 2648 (2)
1282 2607 1413 2645 Nempe,
1429 2609 1474 2636 ut,

197 2656 349 2697 quoniam
362 2656 457 2687 essent
470 2655 672 2697 gemini.....dii
685 2654 823 2697 auguriis
835 2655 973 2696 legerent
975 2677 1015 2684 .....
1020 2655 1064 2683 lta
1077 2653 1183 2683 locum
1196 2651 1421 2691 interpretatus
1435 2645 1477 2677 est

202 2706 231 2732 tx
250 2702 446 2744 interpunxit
463 2700 649 2732 Crevierius.
696 2699 978 2731 Drakenboxchius
997 2698 1112 2738 aliique
1130 2696 1297 2737 periodum
1314 2693 1477 2725 claudunt,

1411 2745 1476 2766 non
