1905 3168
805 246 855 287 T.
916 247 1172 289 LIVII

352 359 534 401 Albanus
575 355 790 407 exercitus,
838 356 1044 396 Romanas
1078 356 1255 411 legiones
1291 359 1377 412 jam
1419 358 1504 412 spes
1544 368 1643 409 tota,

350 418 531 458 nondum
553 426 687 455 tamen
709 428 818 462 cura,
841 412 1082 464 deseruerat,
1103 415 1304 455 exanimes
1327 418 1388 469 (6)
1405 418 1490 457 vice
1508 417 1644 465 unius,

351 489 473 528 quem
515 484 593 513 tres
644 471 812 512 Curiatii
853 471 1208 511 circumsteterant.
1270 472 1388 514 Forte
1422 473 1453 514 is
1490 475 1644 527 integer

352 533 443 581 suit,
495 540 540 573 ut
580 529 767 571 universis
799 528 904 569 solus
944 542 1199 582 nequaquam
1235 544 1320 585 par,
1363 531 1413 570 fic
1455 530 1643 571 adversus

354 590 526 643 singulos
562 587 688 628 ferox.
720 601 830 641 ergo,
863 596 907 626 ut
928 585 1149 642 segregaret
1170 602 1346 642 pugnam
1379 602 1536 638 eorum,
1579 604 1644 628 ca·-

352 647 463 703 peffit
491 646 647 701 fugam,
691 645 744 685 ita
780 654 888 684 ratus
917 643 1136 693 secuturos,
1180 654 1223 684 ut
1256 659 1458 698 quemque
1478 647 1643 686 vulnere

354 705 547 745 affectum
577 717 721 757 corpus
758 702 911 742 smeret.
981 703 1073 754 Jam
1106 702 1356 755 aliquantum
1392 703 1505 756 spatii
1525 717 1573 743 ex
1595 718 1645 743 eo

354 764 459 812 loco,
502 761 570 806 ubi
612 770 837 815 pugnatum
878 759 951 808 est,
997 759 1222 814 aufugerat,
1269 774 1396 812 quum
1432 760 1645 814 respiciens

353 821 460 861 videt
482 820 637 874 magnis
669 817 883 862 intervallis
920 817 1154 870 sequentes:
1200 831 1328 856 unum
1363 817 1472 857 haud
1505 819 1646 871 procul

351 878 400 918 ab
434 878 512 918 sese
545 877 683 919 abeffe.
715 876 756 914 in
787 889 881 914 eum
916 889 1064 928 magno
1099 875 1252 928 impetu
1285 874 1415 914 rediit.
1475 874 1527 914 Et
1547 876 1647 914 dum

354 936 536 976 Albanus
571 934 769 975 exercitus
804 933 992 972 inclamat
1029 932 1232 980 Curiatiis,
1274 932 1331 971 uti
1365 946 1484 986 opem
1516 931 1648 972 ferant

351 994 479 1043 fratri,
516 994 601 1048 jam
633 990 846 1042 Horatius,
877 989 977 1030 caeso
998 989 1126 1039 hoste,
1157 989 1286 1030 vidior
1308 989 1524 1031 secundam
1544 1005 1648 1045 pug-

350 1066 444 1092 nam
466 1050 637 1105 petebat.
670 1059 758 1088 tum
775 1049 963 1098 clamore,
995 1047 1123 1101 qualis
1139 1061 1188 1086 ex
1204 1047 1402 1101 insperato
1422 1047 1648 1088 faventium

348 1113 413 1164 (7)
434 1109 547 1160 solet,
569 1107 748 1148 Romani
765 1106 954 1160 adjuvant
975 1105 1144 1146 militem
1161 1104 1301 1145 suum:
1334 1108 1372 1146 &
1396 1105 1461 1145 ille
1479 1104 1648 1160 defungi

347 1167 486 1221 praelio
507 1166 679 1206 festinat,
739 1162 859 1204 Prius
873 1163 1022 1217 itaque,
1045 1161 1167 1216 quam
1190 1164 1303 1211 alter,
1322 1163 1392 1217 qui
1410 1177 1483 1203 nec
1505 1163 1651 1216 procul

347 1224 501 1275 aberat,
533 1223 723 1276 consequi
755 1222 893 1276 poffet,
926 1224 967 1261 ὅτ
995 1221 1165 1261 alterum
1202 1221 1432 1261 Curiatium
1467 1220 1646 1261 conficit.

347 1283 537 1335 Jamque,
568 1290 727 1334 aequato
745 1281 897 1327 Marte,
930 1279 1070 1334 singuli
1092 1278 1348 1332 supererant3
1380 1278 1446 1318 sed
1468 1292 1541 1318 nec
1563 1278 1648 1332 spe,

346 1353 423 1379 ,nec
456 1338 606 1379 viribus
643 1351 769 1391 pares.
813 1338 1001 1386 alterum,
1045 1336 1243 1376 intactum
1280 1336 1387 1376 ferro
1423 1349 1569 1389 corpus
1604 1339 1647 1376 δε

346 1397 549 1451 geminata
570 1395 754 1444 vietoria,
785 1393 963 1434 ferocem
991 1394 1034 1432 in
1065 1403 1268 1434 certamen
1289 1394 1454 1433 tertium
1475 1393 1650 1441 dabant;

346 1456 463 1505 alter,
493 1453 635 1493 fessum
658 1455 720 1506 (8)
750 1452 930 1499 vulnere5
960 1450 1102 1493 feffum
1135 1451 1252 1491 cursu
1287 1450 1449 1490 trahens
1485 1464 1648 1504 corpus,

347 1512 557 1565 ⁴vietusque
589 1513 651 1564 (9)
682 1509 853 1549 fratrum
887 1518 977 1548 ante
1009 1507 1047 1548 se
1088 1507 1231 1563 strage,
1275 1507 1420 1548 vitstori
1459 1507 1649 1563 objicitur

346 1569 464 1609 hosti.
488 1583 562 1608 nec
583 1568 682 1608 illud
699 1567 884 1621 praelium
899 1566 989 1606 fuit.
1052 1566 1266 1606 Romanus
1286 1565 1502 1616 exsultans,
1524 1566 1648 1614 Duos,

346 1627 495 1680 inquit,
512 1627 693 1683 fratrum
716 1625 903 1664 Manibus
921 1624 1002 1663 dedi
1018 1642 1029 1663 .·
1061 1626 1212 1663 tertium
1239 1640 1351 1663 cauae
1379 1624 1459 1662 belli
1486 1623 1647 1678 hzgjusce,

347 1694 389 1736 ut
424 1685 617 1724 Romanus
648 1683 792 1722 Albano
825 1683 990 1734 imperet,
1031 1681 1129 1720 dabo.
1192 1679 1305 1721 Male
1328 1684 1418 1735 (10)
1440 1680 1649 1731 sustinenti

348 1756 458 1782 arma
495 1742 674 1796 gladium
708 1737 876 1794 superne
903 1739 1048 1794 jugulo
1080 1738 1242 1794 defigit:
1268 1740 1471 1793 jacentem
1493 1738 1647 1792 spoliat2

348 1800 528 1841 Romani
549 1808 712 1838 ovantes
732 1812 778 1838 ac
807 1798 1052 1851 gratulantes
1084 1797 1302 1836 Horatium
1334 1796 1564 1850 accipiunt·,
1596 1797 1648 1836 ed

349 1859 500 1912 majore
537 1871 630 1897 cum
662 1855 824 1911 gaudio,
856 1858 940 1907 quo
961 1868 1086 1908 prope
1110 1857 1198 1909 (11)
1230 1864 1385 1894 metum
1417 1868 1479 1894 res
1501 1853 1646 1894 fuerat.

351 1916 418 1956 Ad
440 1915 684 1968 sepulturam
705 1913 796 1952 inde
827 1912 989 1952 suorum
1023 1926 1279 1965 nequaquam
1310 1911 1472 1966 paribus
1503 1911 1649 1951 animis

350 1983 586 2020 vertuntur3
639 1971 788 2025 quippe
829 1969 998 2023 imperio
1035 1970 1146 2008 alteri
1177 1969 1322 2017 εωᾶὶί,4
1344 1969 1455 2009 alteri
1483 1968 1649 2016 ditionis

347 2030 489 2070 alienae
511 2029 622 2069 faeti.
683 2028 875 2081 Sepulcra
903 2026 1073 2075 exstant,
1095 2041 1176 2080 quo
1198 2027 1365 2080 quisque
1382 2028 1471 2067 loco
1489 2026 1647 2066 cecidit.

347 2089 430 2127 duo
454 2088 641 2126 Romana
663 2101 744 2125 uno
766 2087 855 2124 loeo
876 2082 1043 2138 propius
1066 2084 1228 2133 Albam,
1260 2085 1335 2124 tria
1368 2083 1528 2123 Albana
1561 2084 1649 2135 Ro-

349 2160 458 2185 mam
480 2142 642 2193 versu53
675 2143 740 2183 sed
763 2142 946 2183 distantia
967 2142 1079 2191 loeis,
1114 2145 1152 2185 &
1177 2152 1221 2181 ut
1242 2151 1467 2196 pugnaturn
1488 2141 1558 2182 est.

350 2263 436 2292 infra
450 2273 474 2292 c.
489 2271 539 2300 43.
587 2263 678 2292 Arma
701 2260 773 2291 sunt
786 2258 918 2301 proprie
929 2269 997 2299 quae
1007 2272 1096 2289 armos
1113 2266 1225 2301 tegunt
1239 2271 1244 2288 :
1265 2260 1350 2290 Serv.
1366 2258 1444 2299 saepe
1460 2264 1568 2289 autem
1584 2268 1649 2297 vox

350 2306 443 2337 latius
461 2314 559 2347 patet.
605 2305 661 2346 (6)
684 2304 838 2336 Exterriti
856 2312 991 2345 propter
1005 2303 1237 2335 conditionem.
1255 2303 1305 2340 fic,
1320 2306 1405 2333 vicem
1421 2305 1531 2345 alicujus
1548 2305 1648 2340 dolere,

348 2353 380 2381 ἅς
400 2350 520 2381 fimilia.
544 2353 578 2381 E.
624 2351 678 2391 (7)
695 2352 781 2390 Saepe
804 2349 867 2379 haec
894 2359 957 2378 vox
984 2349 1024 2379 de
1051 2347 1281 2383 acclamatione
1299 2347 1430 2378 circensi
1457 2348 1645 2389 usurpatur,

349 2397 437 2426 'l'um
454 2403 562 2427 autem
579 2395 700 2426 clamor
716 2394 882 2430 maximus,
898 2404 971 2423 cum
987 2391 1023 2430 is,
1046 2404 1142 2433 quem
1161 2394 1263 2434 prope
1287 2392 1413 2423 vidium
1429 2392 1649 2430 crediderunt,

349 2451 388 2472 ex
407 2440 570 2481 insperato
587 2439 694 2470 νίιῖὶοι·
710 2438 827 2470 evadit.
873 2438 929 2479 (8)
951 2439 1034 2468 Rem
1049 2438 1150 2479 ipsam
1175 2438 1275 2468 verba
1302 2437 1382 2468 mire
1399 2435 1587 2479 depingunt.
1611 2439 1648 2468 E.

349 2486 488 2526 (9)Ja1n
505 2484 592 2525 quasi
606 2484 720 2519 vietus,
739 2484 781 2514 ob
794 2485 933 2514 fratrum
950 2490 1024 2513 ante
1041 2483 1071 2513 se
1087 2483 1336 2513 interfectorum
1347 2483 1470 2513 caedem.
1489 2483 1564 2523 (10)
1582 2481 1648 2521 Vix

349 2540 515 2561 armorum
542 2530 757 2568 tenendorum
790 2526 925 2569 potenti.
948 2528 1025 2568 (11)
1049 2531 1104 2557 An
1126 2535 1215 2569 prope
1232 2536 1354 2557 metum
1379 2527 1581 2558 solummodo
1597 2537 1647 2558 res

350 2574 481 2605 suerat?
505 2577 629 2605 Annon
653 2573 766 2604 Livius
794 2575 958 2603 Romanos
984 2579 1071 2602 metu
1104 2572 1235 2613 prorsus
1267 2571 1426 2603 exanimes
1456 2573 1522 2613 jam
1543 2570 1648 2602 dixit?

349 2618 530 2649 Difficultas
552 2620 667 2659 (quam
682 2618 874 2659 interpretes
891 2627 932 2646 ne
948 2623 1104 2647 notarunt
1122 2616 1270 2656 quidem)
1286 2616 1326 2647 fic
1352 2616 1498 2653 tollitur;
1521 2618 1560 2647 ec‘)
1580 2627 1646 2646 ma-

347 2664 397 2709 jus
414 2663 475 2694 fuit
495 2663 659 2705 gaudium,
682 2664 771 2703 quod
779 2662 975 2704 proximssprst
990 2669 1083 2695 metum
1099 2661 1303 2694 subsecutum
1315 2661 1377 2700 est3
1403 2664 1507 2694 minimo
1519 2664 1646 2703 tempmis

348 2711 497 2742 intervallo
513 2715 602 2750 metu
619 2707 652 2739 in
668 2707 823 2751 gaudium
839 2707 940 2738 vetsO.
964 2707 998 2738 E.
1486 2748 1630 2790 XXVI

1485 2780 1504 2790 'A'
1590 2791 1593 2793 .
1637 2781 1646 2793 Β
