<?xml version="1.0" encoding="UTF-8"?>
<!DOCTYPE html PUBLIC "-//W3C//DTD XHTML 1.0 Transitional//EN"
    "http://www.w3.org/TR/xhtml1/DTD/xhtml1-transitional.dtd">
<html xmlns="http://www.w3.org/1999/xhtml" xml:lang="en" lang="en">
 <head>
  <title>
</title>
<meta http-equiv="Content-Type" content="text/html;charset=utf-8" />
  <meta name='ocr-system' content='tesseract 3.04.00' />
  <meta name='ocr-capabilities' content='ocr_page ocr_carea ocr_par ocr_line ocrx_word'/>
</head>
<body>
  <div class='ocr_page' id='page_1' title='image "./historiaeromanae01livyuoft_0558.png"; bbox 0 0 1853 3158; ppageno 0'>
   <div class='ocr_carea' id='block_1_1' title="bbox 171 298 1220 344">
    <p class='ocr_par' dir='ltr' id='par_1_1' title="bbox 171 298 1220 344">
     <span class='ocr_line' id='line_1_1' title="bbox 171 298 1220 344; baseline 0.006 -6"><span class='ocrx_word' id='word_1_1' title='bbox 171 298 228 339; x_wconf 81' lang='lat'>86</span> <span class='ocrx_word' id='word_1_2' title='bbox 851 301 1220 344; x_wconf 84' lang='lat' dir='ltr'>T.L1V11</span> 
     </span>
    </p>
   </div>
   <div class='ocr_carea' id='block_1_2' title="bbox 173 415 1703 2031">
    <p class='ocr_par' dir='ltr' id='par_1_2' title="bbox 173 415 1703 2031">
     <span class='ocr_line' id='line_1_2' title="bbox 394 415 1688 473; baseline 0.005 -15"><span class='ocrx_word' id='word_1_3' title='bbox 394 415 585 458; x_wconf 62' lang='lat' dir='ltr'>adversus</span> <span class='ocrx_word' id='word_1_4' title='bbox 606 424 764 458; x_wconf 88' lang='lat' dir='ltr'>montes</span> <span class='ocrx_word' id='word_1_5' title='bbox 795 417 1022 458; x_wconf 86' lang='lat' dir='ltr'>consisteret</span> <span class='ocrx_word' id='word_1_6' title='bbox 1048 418 1183 461; x_wconf 90' lang='lat' dir='ltr'>hostis.</span> <span class='ocrx_word' id='word_1_7' title='bbox 1247 421 1335 473; x_wconf 85' lang='lat'>(12)</span> <span class='ocrx_word' id='word_1_8' title='bbox 1365 419 1567 462; x_wconf 55' lang='lat' dir='ltr'>Instructo</span> <span class='ocrx_word' id='word_1_9' title='bbox 1596 423 1688 464; x_wconf 87' lang='lat' dir='ltr'>vani</span> 
     </span>
     <span class='ocr_line' id='line_1_3' title="bbox 394 475 1694 533; baseline 0.005 -19"><span class='ocrx_word' id='word_1_10' title='bbox 394 475 556 515; x_wconf 84' lang='lat' dir='ltr'>terroris</span> <span class='ocrx_word' id='word_1_11' title='bbox 579 483 789 529; x_wconf 83' lang='lat' dir='ltr'>apparatu,</span> <span class='ocrx_word' id='word_1_12' title='bbox 821 476 890 529; x_wconf 92' lang='lat' dir='ltr'>qui</span> <span class='ocrx_word' id='word_1_13' title='bbox 913 477 1076 529; x_wconf 88' lang='lat' dir='ltr'>quidem</span> <span class='ocrx_word' id='word_1_14' title='bbox 1098 487 1225 518; x_wconf 90' lang='lat' dir='ltr'>terror</span> <span class='ocrx_word' id='word_1_15' title='bbox 1241 479 1331 533; x_wconf 89' lang='lat' dir='ltr'>plus</span> <span class='ocrx_word' id='word_1_16' title='bbox 1353 477 1454 532; x_wconf 71' lang='lat' dir='ltr'>pene</span> <span class='ocrx_word' id='word_1_17' title='bbox 1473 481 1577 520; x_wconf 90' lang='lat' dir='ltr'>veris</span> <span class='ocrx_word' id='word_1_18' title='bbox 1597 481 1694 520; x_wconf 91' lang='lat' dir='ltr'>viri-</span> 
     </span>
     <span class='ocr_line' id='line_1_4' title="bbox 395 529 1694 588; baseline 0.004 -15"><span class='ocrx_word' id='word_1_19' title='bbox 395 532 470 574; x_wconf 85' lang='lat' dir='ltr'>bus</span> <span class='ocrx_word' id='word_1_20' title='bbox 492 532 662 587; x_wconf 87' lang='lat' dir='ltr'>profuit,</span> <span class='ocrx_word' id='word_1_21' title='bbox 693 529 827 588; x_wconf 73' lang='lat' dir='ltr'>primo</span> <span class='ocrx_word' id='word_1_22' title='bbox 849 535 1010 574; x_wconf 89' lang='lat' dir='ltr'>credere</span> <span class='ocrx_word' id='word_1_23' title='bbox 1031 535 1152 576; x_wconf 86' lang='lat' dir='ltr'>duces</span> <span class='ocrx_word' id='word_1_24' title='bbox 1176 536 1405 585; x_wconf 87' lang='lat' dir='ltr'>Gallorum,</span> <span class='ocrx_word' id='word_1_25' title='bbox 1427 551 1507 576; x_wconf 91' lang='lat' dir='ltr'>non</span> <span class='ocrx_word' id='word_1_26' title='bbox 1531 537 1694 578; x_wconf 89' lang='lat' dir='ltr'>descen-</span> 
     </span>
     <span class='ocr_line' id='line_1_5' title="bbox 396 591 1693 650; baseline 0.005 -21"><span class='ocrx_word' id='word_1_27' title='bbox 396 591 508 630; x_wconf 87' lang='lat' dir='ltr'>suros</span> <span class='ocrx_word' id='word_1_28' title='bbox 543 591 583 630; x_wconf 90' lang='lat' dir='ltr'>in</span> <span class='ocrx_word' id='word_1_29' title='bbox 625 605 788 644; x_wconf 88' lang='lat' dir='ltr'>aequum</span> <span class='ocrx_word' id='word_1_30' title='bbox 824 591 1058 641; x_wconf 77' lang='lat' dir='ltr'>Roman033</span> <span class='ocrx_word' id='word_1_31' title='bbox 1099 593 1261 645; x_wconf 88' lang='lat' dir='ltr'>deinde,</span> <span class='ocrx_word' id='word_1_32' title='bbox 1293 593 1361 633; x_wconf 92' lang='lat' dir='ltr'>ubi</span> <span class='ocrx_word' id='word_1_33' title='bbox 1397 595 1594 650; x_wconf 80' lang='lat' dir='ltr'>degreffos</span> <span class='ocrx_word' id='word_1_34' title='bbox 1629 610 1693 636; x_wconf 92' lang='lat' dir='ltr'>re-</span> 
     </span>
     <span class='ocr_line' id='line_1_6' title="bbox 396 647 1694 707; baseline 0.004 -19"><span class='ocrx_word' id='word_1_35' title='bbox 396 647 516 704; x_wconf 71' lang='lat' dir='ltr'>pente</span> <span class='ocrx_word' id='word_1_36' title='bbox 557 649 759 699; x_wconf 87' lang='lat' dir='ltr'>viderunt,</span> <span class='ocrx_word' id='word_1_37' title='bbox 812 652 848 690; x_wconf 68' lang='lat'>81</span> <span class='ocrx_word' id='word_1_38' title='bbox 894 650 962 704; x_wconf 78' lang='lat' dir='ltr'>ipsi</span> <span class='ocrx_word' id='word_1_39' title='bbox 1004 651 1107 690; x_wconf 88' lang='lat' dir='ltr'>avidi</span> <span class='ocrx_word' id='word_1_40' title='bbox 1148 651 1377 692; x_wconf 83' lang='lat' dir='ltr'>certaminis</span> <span class='ocrx_word' id='word_1_41' title='bbox 1419 653 1459 691; x_wconf 87' lang='lat' dir='ltr'>in</span> <span class='ocrx_word' id='word_1_42' title='bbox 1502 654 1694 707; x_wconf 87' lang='lat' dir='ltr'>proelium</span> 
     </span>
     <span class='ocr_line' id='line_1_7' title="bbox 397 705 1695 763; baseline 0.004 -17"><span class='ocrx_word' id='word_1_43' title='bbox 397 716 546 747; x_wconf 86' lang='lat' dir='ltr'>ruunt:</span> <span class='ocrx_word' id='word_1_44' title='bbox 577 705 764 762; x_wconf 72' lang='lat' dir='ltr'>priusque</span> <span class='ocrx_word' id='word_1_45' title='bbox 786 722 921 763; x_wconf 88' lang='lat' dir='ltr'>pugna</span> <span class='ocrx_word' id='word_1_46' title='bbox 943 708 1081 762; x_wconf 87' lang='lat' dir='ltr'>coepit,</span> <span class='ocrx_word' id='word_1_47' title='bbox 1114 707 1236 762; x_wconf 67' lang='lat' dir='ltr'>quarn</span> <span class='ocrx_word' id='word_1_48' title='bbox 1259 709 1414 763; x_wconf 84' lang='lat' dir='ltr'>{ignum</span> <span class='ocrx_word' id='word_1_49' title='bbox 1443 710 1491 751; x_wconf 89' lang='lat' dir='ltr'>ab</span> <span class='ocrx_word' id='word_1_50' title='bbox 1523 711 1695 751; x_wconf 87' lang='lat' dir='ltr'>ducibus</span> 
     </span>
     <span class='ocr_line' id='line_1_8' title="bbox 397 767 573 806; baseline 0 -1"><span class='ocrx_word' id='word_1_51' title='bbox 397 767 573 806; x_wconf 87' lang='lat' dir='ltr'>daretur.</span> 
     </span>
     <span class='ocr_line' id='line_1_9' title="bbox 174 821 1696 880; baseline -0.002 -11"><span class='ocrx_word' id='word_1_52' title='bbox 174 839 308 869; x_wconf 74' lang='lat' dir='ltr'>Proelium</span> <span class='ocrx_word' id='word_1_53' title='bbox 328 850 378 880; x_wconf 66' lang='lat' dir='ltr'>quo</span> <span class='ocrx_word' id='word_1_54' title='bbox 455 824 552 864; x_wconf 90' lang='lat' dir='ltr'>XV.</span> <span class='ocrx_word' id='word_1_55' title='bbox 586 821 733 865; x_wconf 70' lang='lat' dir='ltr'>Acrius</span> <span class='ocrx_word' id='word_1_56' title='bbox 753 823 928 864; x_wconf 86' lang='lat' dir='ltr'>invasere</span> <span class='ocrx_word' id='word_1_57' title='bbox 951 823 1061 864; x_wconf 89' lang='lat' dir='ltr'>Galli</span> <span class='ocrx_word' id='word_1_58' title='bbox 1083 826 1145 877; x_wconf 92' lang='lat'>(1)</span> <span class='ocrx_word' id='word_1_59' title='bbox 1167 824 1352 863; x_wconf 84' lang='lat' dir='ltr'>dextrum</span> <span class='ocrx_word' id='word_1_60' title='bbox 1381 840 1532 866; x_wconf 87' lang='lat' dir='ltr'>cornu:</span> <span class='ocrx_word' id='word_1_61' title='bbox 1563 840 1696 880; x_wconf 87' lang='lat' dir='ltr'>neque</span> 
     </span>
     <span class='ocr_line' id='line_1_10' title="bbox 173 879 1696 935; baseline 0 -13"><span class='ocrx_word' id='word_1_62' title='bbox 173 885 323 935; x_wconf 53' lang='lat' dir='ltr'>vincufltur</span> <span class='ocrx_word' id='word_1_63' title='bbox 397 882 577 923; x_wconf 87' lang='lat' dir='ltr'>sustineri</span> <span class='ocrx_word' id='word_1_64' title='bbox 605 882 832 935; x_wconf 84' lang='lat' dir='ltr'>potuiffent,</span> <span class='ocrx_word' id='word_1_65' title='bbox 864 882 906 921; x_wconf 92' lang='lat' dir='ltr'>ni</span> <span class='ocrx_word' id='word_1_66' title='bbox 932 879 1035 921; x_wconf 74' lang='lat' dir='ltr'>forte</span> <span class='ocrx_word' id='word_1_67' title='bbox 1052 895 1100 920; x_wconf 91' lang='lat' dir='ltr'>eo</span> <span class='ocrx_word' id='word_1_68' title='bbox 1121 882 1210 921; x_wconf 92' lang='lat' dir='ltr'>loco</span> <span class='ocrx_word' id='word_1_69' title='bbox 1232 882 1405 923; x_wconf 60' lang='lat' dir='ltr'>difflator</span> <span class='ocrx_word' id='word_1_70' title='bbox 1426 883 1570 933; x_wconf 82' lang='lat' dir='ltr'>fuiffet,</span> <span class='ocrx_word' id='word_1_71' title='bbox 1601 885 1696 924; x_wconf 86' lang='lat' dir='ltr'>Sex.</span> 
     </span>
     <span class='ocr_line' id='line_1_11' title="bbox 176 929 1698 995; baseline 0 -15"><span class='ocrx_word' id='word_1_72' title='bbox 176 929 264 959; x_wconf 53' lang='lat' dir='ltr'>Galli.</span> <span class='ocrx_word' id='word_1_73' title='bbox 396 941 581 981; x_wconf 90' lang='lat' dir='ltr'>Tullium</span> <span class='ocrx_word' id='word_1_74' title='bbox 599 939 762 979; x_wconf 90' lang='lat' dir='ltr'>nomine</span> <span class='ocrx_word' id='word_1_75' title='bbox 784 940 995 993; x_wconf 90' lang='lat' dir='ltr'>increpans</span> <span class='ocrx_word' id='word_1_76' title='bbox 1009 939 1287 993; x_wconf 82' lang='lat' dir='ltr'>rogitansque:</span> <span class='ocrx_word' id='word_1_77' title='bbox 1321 941 1458 980; x_wconf 83' lang='lat' dir='ltr'>Siccine</span> <span class='ocrx_word' id='word_1_78' title='bbox 1465 947 1698 995; x_wconf 66' lang='lat' dir='ltr'>pugnaturos·</span> 
     </span>
     <span class='ocr_line' id='line_1_12' title="bbox 399 997 1694 1054; baseline 0 -16"><span class='ocrx_word' id='word_1_79' title='bbox 399 999 532 1039; x_wconf 86' lang='lat' dir='ltr'>milites</span> <span class='ocrx_word' id='word_1_80' title='bbox 540 997 808 1052; x_wconf 59' lang='lat' dir='ltr'>spopondiſjbt?</span> <span class='ocrx_word' id='word_1_81' title='bbox 841 998 901 1036; x_wconf 81' lang='lat' dir='ltr'>ubi</span> <span class='ocrx_word' id='word_1_82' title='bbox 933 998 990 1036; x_wconf 86' lang='lat' dir='ltr'>illi</span> <span class='ocrx_word' id='word_1_83' title='bbox 1019 997 1191 1036; x_wconf 80' lang='lat' dir='ltr'>clamores</span> <span class='ocrx_word' id='word_1_84' title='bbox 1196 997 1280 1052; x_wconf 82' lang='lat' dir='ltr'>fint</span> <span class='ocrx_word' id='word_1_85' title='bbox 1308 1015 1417 1038; x_wconf 80' lang='lat' dir='ltr'>arma</span> <span class='ocrx_word' id='word_1_86' title='bbox 1439 999 1694 1054; x_wconf 56' lang='lat' dir='ltr'>poscentium?</span> 
     </span>
     <span class='ocr_line' id='line_1_13' title="bbox 400 1055 1697 1110; baseline 0 -14"><span class='ocrx_word' id='word_1_87' title='bbox 400 1057 461 1096; x_wconf 83' lang='lat' dir='ltr'>ubi</span> <span class='ocrx_word' id='word_1_88' title='bbox 481 1058 586 1094; x_wconf 84' lang='lat' dir='ltr'>minae</span> <span class='ocrx_word' id='word_1_89' title='bbox 605 1055 738 1109; x_wconf 74' lang='lat' dir='ltr'>injzffu</span> <span class='ocrx_word' id='word_1_90' title='bbox 760 1056 989 1106; x_wconf 76' lang='lat' dir='ltr'>imperatoris</span> <span class='ocrx_word' id='word_1_91' title='bbox 1008 1055 1182 1106; x_wconf 80' lang='lat' dir='ltr'>proelium</span> <span class='ocrx_word' id='word_1_92' title='bbox 1204 1057 1360 1096; x_wconf 77' lang='lat' dir='ltr'>inituros</span> <span class='ocrx_word' id='word_1_93' title='bbox 1375 1060 1394 1094; x_wconf 74' lang='lat'><em>?</em></span> <span class='ocrx_word' id='word_1_94' title='bbox 1427 1072 1469 1095; x_wconf 86' lang='lat' dir='ltr'>en</span> <span class='ocrx_word' id='word_1_95' title='bbox 1492 1057 1604 1110; x_wconf 83' lang='lat' dir='ltr'>ipsum</span> <span class='ocrx_word' id='word_1_96' title='bbox 1626 1059 1697 1096; x_wconf 87' lang='lat' dir='ltr'>im-</span> 
     </span>
     <span class='ocr_line' id='line_1_14' title="bbox 392 1112 1699 1167; baseline 0.002 -15"><span class='ocrx_word' id='word_1_97' title='bbox 392 1121 602 1167; x_wconf 79' lang='lat' dir='ltr'>peratorem</span> <span class='ocrx_word' id='word_1_98' title='bbox 636 1112 745 1151; x_wconf 56' lang='lat' dir='ltr'>clara*</span> <span class='ocrx_word' id='word_1_99' title='bbox 777 1126 859 1149; x_wconf 86' lang='lat' dir='ltr'>voce</span> <span class='ocrx_word' id='word_1_100' title='bbox 889 1127 1018 1150; x_wconf 84' lang='lat' dir='ltr'>vocare</span> <span class='ocrx_word' id='word_1_101' title='bbox 1049 1112 1099 1151; x_wconf 82' lang='lat' dir='ltr'>ad</span> <span class='ocrx_word' id='word_1_102' title='bbox 1121 1114 1314 1165; x_wconf 85' lang='lat' dir='ltr'>proelium,</span> <span class='ocrx_word' id='word_1_103' title='bbox 1349 1115 1402 1155; x_wconf 57' lang='grc' dir='ltr'>ἅθ’</span> <span class='ocrx_word' id='word_1_104' title='bbox 1428 1116 1483 1153; x_wconf 85' lang='lat' dir='ltr'>ire</span> <span class='ocrx_word' id='word_1_105' title='bbox 1509 1123 1699 1154; x_wconf 83' lang='lat' dir='ltr'>armatum</span> 
     </span>
     <span class='ocr_line' id='line_1_15' title="bbox 398 1167 1697 1225; baseline 0.002 -15"><span class='ocrx_word' id='word_1_106' title='bbox 398 1180 486 1211; x_wconf 81' lang='lat' dir='ltr'>ante</span> <span class='ocrx_word' id='word_1_107' title='bbox 499 1170 627 1223; x_wconf 82' lang='lat' dir='ltr'>prima</span> <span class='ocrx_word' id='word_1_108' title='bbox 638 1167 764 1222; x_wconf 69' lang='lat' dir='ltr'>signa.</span> <span class='ocrx_word' id='word_1_109' title='bbox 799 1169 918 1221; x_wconf 82' lang='lat' dir='ltr'>ecquis</span> <span class='ocrx_word' id='word_1_110' title='bbox 935 1168 1153 1222; x_wconf 84' lang='lat' dir='ltr'>sequeretur</span> <span class='ocrx_word' id='word_1_111' title='bbox 1171 1186 1308 1219; x_wconf 84' lang='lat' dir='ltr'>eorum,</span> <span class='ocrx_word' id='word_1_112' title='bbox 1339 1173 1402 1225; x_wconf 83' lang='lat' dir='ltr'>qui</span> <span class='ocrx_word' id='word_1_113' title='bbox 1423 1170 1523 1211; x_wconf 60' lang='lat' dir='ltr'>mod&amp;</span> <span class='ocrx_word' id='word_1_114' title='bbox 1543 1173 1697 1212; x_wconf 67' lang='lat' dir='ltr'>duHuri</span> 
     </span>
     <span class='ocr_line' id='line_1_16' title="bbox 385 1225 1696 1285; baseline 0.002 -18"><span class='ocrx_word' id='word_1_115' title='bbox 385 1229 543 1285; x_wconf 82' lang='lat' dir='ltr'>fuerint</span> <span class='ocrx_word' id='word_1_116' title='bbox 555 1250 567 1272; x_wconf 89' lang='lat'>,-</span> <span class='ocrx_word' id='word_1_117' title='bbox 602 1228 640 1264; x_wconf 85' lang='lat' dir='ltr'>in</span> <span class='ocrx_word' id='word_1_118' title='bbox 657 1226 784 1282; x_wconf 71' lang='lat' dir='ltr'>cqstris</span> <span class='ocrx_word' id='word_1_119' title='bbox 791 1225 950 1282; x_wconf 81' lang='lat' dir='ltr'>feroces,</span> <span class='ocrx_word' id='word_1_120' title='bbox 982 1226 1020 1263; x_wconf 86' lang='lat' dir='ltr'>in</span> <span class='ocrx_word' id='word_1_121' title='bbox 1039 1227 1115 1264; x_wconf 83' lang='lat' dir='ltr'>acie</span> <span class='ocrx_word' id='word_1_122' title='bbox 1127 1228 1295 1278; x_wconf 76' lang='lat' dir='ltr'>pavidi?</span> <span class='ocrx_word' id='word_1_123' title='bbox 1341 1230 1451 1268; x_wconf 88' lang='lat' dir='ltr'>Vera</span> <span class='ocrx_word' id='word_1_124' title='bbox 1468 1229 1696 1269; x_wconf 77' lang='lat' dir='ltr'>audiebant.</span> 
     </span>
     <span class='ocr_line' id='line_1_17' title="bbox 399 1282 1699 1339; baseline 0.002 -14"><span class='ocrx_word' id='word_1_125' title='bbox 399 1286 536 1339; x_wconf 88' lang='lat' dir='ltr'>itaque</span> <span class='ocrx_word' id='word_1_126' title='bbox 557 1294 690 1323; x_wconf 83' lang='lat' dir='ltr'>tantos</span> <span class='ocrx_word' id='word_1_127' title='bbox 711 1284 841 1337; x_wconf 88' lang='lat' dir='ltr'>pudor</span> <span class='ocrx_word' id='word_1_128' title='bbox 863 1282 1044 1322; x_wconf 87' lang='lat' dir='ltr'>stimulos</span> <span class='ocrx_word' id='word_1_129' title='bbox 1065 1283 1255 1332; x_wconf 82' lang='lat' dir='ltr'>admovit,</span> <span class='ocrx_word' id='word_1_130' title='bbox 1286 1294 1331 1324; x_wconf 88' lang='lat' dir='ltr'>ut</span> <span class='ocrx_word' id='word_1_131' title='bbox 1358 1296 1520 1326; x_wconf 87' lang='lat' dir='ltr'>ruerent</span> <span class='ocrx_word' id='word_1_132' title='bbox 1541 1288 1582 1326; x_wconf 92' lang='lat' dir='ltr'>in</span> <span class='ocrx_word' id='word_1_133' title='bbox 1607 1287 1699 1327; x_wconf 89' lang='lat' dir='ltr'>hos-</span> 
     </span>
     <span class='ocr_line' id='line_1_18' title="bbox 398 1340 1701 1399; baseline -0.005 -15"><span class='ocrx_word' id='word_1_134' title='bbox 398 1344 503 1384; x_wconf 85' lang='lat' dir='ltr'>tium</span> <span class='ocrx_word' id='word_1_135' title='bbox 524 1344 616 1390; x_wconf 88' lang='lat' dir='ltr'>tela,</span> <span class='ocrx_word' id='word_1_136' title='bbox 649 1341 829 1381; x_wconf 83' lang='lat' dir='ltr'>alienatis</span> <span class='ocrx_word' id='word_1_137' title='bbox 851 1356 871 1380; x_wconf 91' lang='lat' dir='ltr'>a</span> <span class='ocrx_word' id='word_1_138' title='bbox 894 1340 1087 1380; x_wconf 66' lang='lat' dir='ltr'>memoria</span> <span class='ocrx_word' id='word_1_139' title='bbox 1108 1341 1275 1394; x_wconf 83' lang='lat' dir='ltr'>periculi</span> <span class='ocrx_word' id='word_1_140' title='bbox 1297 1342 1455 1382; x_wconf 88' lang='lat' dir='ltr'>animis.</span> <span class='ocrx_word' id='word_1_141' title='bbox 1515 1345 1596 1385; x_wconf 86' lang='lat' dir='ltr'>Hic</span> <span class='ocrx_word' id='word_1_142' title='bbox 1618 1345 1701 1399; x_wconf 84' lang='lat' dir='ltr'>pri-</span> 
     </span>
     <span class='ocr_line' id='line_1_19' title="bbox 399 1396 1700 1454; baseline 0.001 -13"><span class='ocrx_word' id='word_1_143' title='bbox 399 1416 468 1441; x_wconf 89' lang='lat' dir='ltr'>mo</span> <span class='ocrx_word' id='word_1_144' title='bbox 500 1402 674 1454; x_wconf 84' lang='lat' dir='ltr'>impetus</span> <span class='ocrx_word' id='word_1_145' title='bbox 703 1396 827 1454; x_wconf 71' lang='lat' dir='ltr'>prope</span> <span class='ocrx_word' id='word_1_146' title='bbox 855 1413 996 1439; x_wconf 84' lang='lat' dir='ltr'>vecors</span> <span class='ocrx_word' id='word_1_147' title='bbox 1022 1397 1198 1437; x_wconf 83' lang='lat' dir='ltr'>turbavit</span> <span class='ocrx_word' id='word_1_148' title='bbox 1216 1398 1371 1440; x_wconf 87' lang='lat' dir='ltr'>hostes:</span> <span class='ocrx_word' id='word_1_149' title='bbox 1402 1414 1525 1454; x_wconf 84' lang='lat' dir='ltr'>eques</span> <span class='ocrx_word' id='word_1_150' title='bbox 1556 1403 1700 1443; x_wconf 87' lang='lat' dir='ltr'>deinde</span> 
     </span>
     <span class='ocr_line' id='line_1_20' title="bbox 399 1456 1701 1511; baseline 0 -12"><span class='ocrx_word' id='word_1_151' title='bbox 399 1460 559 1499; x_wconf 80' lang='lat' dir='ltr'>emissus</span> <span class='ocrx_word' id='word_1_152' title='bbox 580 1457 761 1498; x_wconf 84' lang='lat' dir='ltr'>turbatos</span> <span class='ocrx_word' id='word_1_153' title='bbox 783 1457 937 1496; x_wconf 82' lang='lat' dir='ltr'>avertit.</span> <span class='ocrx_word' id='word_1_154' title='bbox 998 1456 1087 1510; x_wconf 89' lang='lat' dir='ltr'>Ipse</span> <span class='ocrx_word' id='word_1_155' title='bbox 1115 1456 1304 1508; x_wconf 63' lang='lat' dir='ltr'>dietator,</span> <span class='ocrx_word' id='word_1_156' title='bbox 1334 1457 1544 1511; x_wconf 89' lang='lat' dir='ltr'>postquam</span> <span class='ocrx_word' id='word_1_157' title='bbox 1566 1459 1701 1499; x_wconf 87' lang='lat' dir='ltr'>laban-</span> 
     </span>
     <span class='ocr_line' id='line_1_21' title="bbox 400 1515 1701 1569; baseline -0.001 -11"><span class='ocrx_word' id='word_1_158' title='bbox 400 1528 482 1558; x_wconf 88' lang='lat' dir='ltr'>tem</span> <span class='ocrx_word' id='word_1_159' title='bbox 504 1515 583 1556; x_wconf 72' lang='lat' dir='ltr'>una</span> <span class='ocrx_word' id='word_1_160' title='bbox 605 1526 716 1569; x_wconf 86' lang='lat' dir='ltr'>parte</span> <span class='ocrx_word' id='word_1_161' title='bbox 735 1515 834 1555; x_wconf 85' lang='lat' dir='ltr'>vidit</span> <span class='ocrx_word' id='word_1_162' title='bbox 856 1515 983 1555; x_wconf 86' lang='lat' dir='ltr'>aciem</span> <span class='ocrx_word' id='word_1_163' title='bbox 1006 1517 1082 1568; x_wconf 79' lang='lat'>(2),</span> <span class='ocrx_word' id='word_1_164' title='bbox 1115 1515 1221 1569; x_wconf 84' lang='lat' dir='ltr'>signa</span> <span class='ocrx_word' id='word_1_165' title='bbox 1252 1518 1310 1569; x_wconf 87' lang='lat'>(3)</span> <span class='ocrx_word' id='word_1_166' title='bbox 1344 1516 1385 1554; x_wconf 91' lang='lat' dir='ltr'>in</span> <span class='ocrx_word' id='word_1_167' title='bbox 1406 1516 1552 1555; x_wconf 79' lang='lat' dir='ltr'>laevum</span> <span class='ocrx_word' id='word_1_168' title='bbox 1574 1531 1701 1557; x_wconf 90' lang='lat' dir='ltr'>cornu</span> 
     </span>
     <span class='ocr_line' id='line_1_22' title="bbox 399 1572 1701 1627; baseline 0 -11"><span class='ocrx_word' id='word_1_169' title='bbox 399 1575 573 1623; x_wconf 85' lang='lat' dir='ltr'>confert,</span> <span class='ocrx_word' id='word_1_170' title='bbox 606 1572 688 1627; x_wconf 77' lang='lat' dir='ltr'>quo</span> <span class='ocrx_word' id='word_1_171' title='bbox 707 1573 866 1613; x_wconf 87' lang='lat' dir='ltr'>turbam</span> <span class='ocrx_word' id='word_1_172' title='bbox 882 1573 1058 1613; x_wconf 90' lang='lat' dir='ltr'>hostium</span> <span class='ocrx_word' id='word_1_173' title='bbox 1075 1573 1309 1627; x_wconf 85' lang='lat' dir='ltr'>congregari</span> <span class='ocrx_word' id='word_1_174' title='bbox 1330 1573 1542 1622; x_wconf 80' lang='lat' dir='ltr'>cernebat3</span> <span class='ocrx_word' id='word_1_175' title='bbox 1577 1577 1617 1616; x_wconf 84' lang='lat'>&amp;</span> <span class='ocrx_word' id='word_1_176' title='bbox 1639 1575 1701 1624; x_wconf 84' lang='lat' dir='ltr'>iis,</span> 
     </span>
     <span class='ocr_line' id='line_1_23' title="bbox 401 1630 1697 1686; baseline 0 -13"><span class='ocrx_word' id='word_1_177' title='bbox 401 1634 472 1686; x_wconf 88' lang='lat' dir='ltr'>qui</span> <span class='ocrx_word' id='word_1_178' title='bbox 508 1634 549 1673; x_wconf 88' lang='lat' dir='ltr'>in</span> <span class='ocrx_word' id='word_1_179' title='bbox 591 1641 729 1671; x_wconf 85' lang='lat' dir='ltr'>monte</span> <span class='ocrx_word' id='word_1_180' title='bbox 765 1641 895 1681; x_wconf 88' lang='lat' dir='ltr'>erant,</span> <span class='ocrx_word' id='word_1_181' title='bbox 939 1631 1109 1685; x_wconf 82' lang='lat' dir='ltr'>signum,</span> <span class='ocrx_word' id='word_1_182' title='bbox 1141 1632 1250 1683; x_wconf 86' lang='lat' dir='ltr'>quod</span> <span class='ocrx_word' id='word_1_183' title='bbox 1285 1642 1542 1682; x_wconf 83' lang='lat' dir='ltr'>convenerat,</span> <span class='ocrx_word' id='word_1_184' title='bbox 1574 1630 1697 1673; x_wconf 84' lang='lat' dir='ltr'>dedit.</span> 
     </span>
     <span class='ocr_line' id='line_1_24' title="bbox 400 1690 1703 1743; baseline -0.001 -12"><span class='ocrx_word' id='word_1_185' title='bbox 400 1691 487 1731; x_wconf 85' lang='lat' dir='ltr'>Ubi</span> <span class='ocrx_word' id='word_1_186' title='bbox 504 1691 596 1729; x_wconf 88' lang='lat' dir='ltr'>inde</span> <span class='ocrx_word' id='word_1_187' title='bbox 614 1703 775 1742; x_wconf 83' lang='lat' dir='ltr'>quoque</span> <span class='ocrx_word' id='word_1_188' title='bbox 792 1703 920 1728; x_wconf 85' lang='lat' dir='ltr'>novus</span> <span class='ocrx_word' id='word_1_189' title='bbox 943 1690 1094 1728; x_wconf 80' lang='lat' dir='ltr'>clamor</span> <span class='ocrx_word' id='word_1_190' title='bbox 1114 1698 1241 1737; x_wconf 87' lang='lat' dir='ltr'>ortus,</span> <span class='ocrx_word' id='word_1_191' title='bbox 1277 1691 1315 1729; x_wconf 88' lang='lat'>&amp;</span> <span class='ocrx_word' id='word_1_192' title='bbox 1339 1690 1502 1729; x_wconf 88' lang='lat' dir='ltr'>tendere</span> <span class='ocrx_word' id='word_1_193' title='bbox 1525 1692 1586 1743; x_wconf 86' lang='lat'>(4)</span> <span class='ocrx_word' id='word_1_194' title='bbox 1602 1690 1703 1730; x_wconf 80' lang='lat' dir='ltr'>obli.-</span> 
     </span>
     <span class='ocr_line' id='line_1_25' title="bbox 401 1745 1701 1802; baseline -0.001 -14"><span class='ocrx_word' id='word_1_195' title='bbox 401 1764 484 1802; x_wconf 90' lang='lat' dir='ltr'>quo</span> <span class='ocrx_word' id='word_1_196' title='bbox 505 1757 640 1788; x_wconf 73' lang='lat' dir='ltr'>mont:</span> <span class='ocrx_word' id='word_1_197' title='bbox 670 1750 718 1786; x_wconf 80' lang='lat' dir='ltr'>aci</span> <span class='ocrx_word' id='word_1_198' title='bbox 745 1746 871 1787; x_wconf 87' lang='lat' dir='ltr'>castra</span> <span class='ocrx_word' id='word_1_199' title='bbox 893 1747 1107 1786; x_wconf 85' lang='lat' dir='ltr'>Gallorum</span> <span class='ocrx_word' id='word_1_200' title='bbox 1129 1745 1196 1785; x_wconf 88' lang='lat' dir='ltr'>vis1</span> <span class='ocrx_word' id='word_1_201' title='bbox 1226 1746 1341 1795; x_wconf 80' lang='lat' dir='ltr'>sunt3</span> <span class='ocrx_word' id='word_1_202' title='bbox 1374 1757 1461 1786; x_wconf 91' lang='lat' dir='ltr'>tum</span> <span class='ocrx_word' id='word_1_203' title='bbox 1495 1758 1620 1798; x_wconf 87' lang='lat' dir='ltr'>metu,</span> <span class='ocrx_word' id='word_1_204' title='bbox 1651 1762 1701 1790; x_wconf 86' lang='lat' dir='ltr'>ne</span> 
     </span>
     <span class='ocr_line' id='line_1_26' title="bbox 402 1803 1701 1858; baseline -0.001 -12"><span class='ocrx_word' id='word_1_205' title='bbox 402 1807 726 1854; x_wconf 82' lang='lat' dir='ltr'>excluderentur,</span> <span class='ocrx_word' id='word_1_206' title='bbox 758 1805 894 1845; x_wconf 81' lang='lat' dir='ltr'>omiffa</span> <span class='ocrx_word' id='word_1_207' title='bbox 915 1817 1051 1858; x_wconf 85' lang='lat' dir='ltr'>pugna</span> <span class='ocrx_word' id='word_1_208' title='bbox 1071 1803 1143 1852; x_wconf 88' lang='lat' dir='ltr'>est,</span> <span class='ocrx_word' id='word_1_209' title='bbox 1175 1804 1372 1857; x_wconf 90' lang='lat' dir='ltr'>cursuque</span> <span class='ocrx_word' id='word_1_210' title='bbox 1395 1804 1519 1849; x_wconf 85' lang='lat' dir='ltr'>effuso</span> <span class='ocrx_word' id='word_1_211' title='bbox 1542 1806 1591 1844; x_wconf 91' lang='lat' dir='ltr'>ad</span> <span class='ocrx_word' id='word_1_212' title='bbox 1620 1805 1701 1846; x_wconf 65' lang='lat' dir='ltr'>cas—</span> 
     </span>
     <span class='ocr_line' id='line_1_27' title="bbox 403 1861 1699 1915; baseline -0.002 -11"><span class='ocrx_word' id='word_1_213' title='bbox 403 1874 463 1904; x_wconf 85' lang='lat' dir='ltr'>tra</span> <span class='ocrx_word' id='word_1_214' title='bbox 496 1863 740 1903; x_wconf 79' lang='lat' dir='ltr'>ferebantur.</span> <span class='ocrx_word' id='word_1_215' title='bbox 773 1862 842 1902; x_wconf 92' lang='lat' dir='ltr'>ubi</span> <span class='ocrx_word' id='word_1_216' title='bbox 878 1876 1006 1915; x_wconf 91' lang='lat' dir='ltr'>quum</span> <span class='ocrx_word' id='word_1_217' title='bbox 1042 1861 1271 1901; x_wconf 83' lang='lat' dir='ltr'>occurriffet</span> <span class='ocrx_word' id='word_1_218' title='bbox 1306 1862 1362 1901; x_wconf 87' lang='lat' dir='ltr'>eis</span> <span class='ocrx_word' id='word_1_219' title='bbox 1398 1862 1460 1902; x_wconf 91' lang='lat' dir='ltr'>M.</span> <span class='ocrx_word' id='word_1_220' title='bbox 1496 1863 1699 1912; x_wconf 79' lang='lat' dir='ltr'>Valerius,</span> 
     </span>
     <span class='ocr_line' id='line_1_28' title="bbox 402 1919 1703 1978; baseline -0.006 -16"><span class='ocrx_word' id='word_1_221' title='bbox 402 1922 591 1978; x_wconf 77' lang='lat' dir='ltr'>magister</span> <span class='ocrx_word' id='word_1_222' title='bbox 611 1921 810 1976; x_wconf 85' lang='lat' dir='ltr'>equiturn,</span> <span class='ocrx_word' id='word_1_223' title='bbox 844 1920 946 1974; x_wconf 79' lang='lat' dir='ltr'>(qui,</span> <span class='ocrx_word' id='word_1_224' title='bbox 976 1919 1187 1974; x_wconf 87' lang='lat' dir='ltr'>profligato</span> <span class='ocrx_word' id='word_1_225' title='bbox 1207 1921 1266 1974; x_wconf 83' lang='lat'>(5)</span> <span class='ocrx_word' id='word_1_226' title='bbox 1284 1920 1424 1959; x_wconf 84' lang='lat' dir='ltr'>dextro</span> <span class='ocrx_word' id='word_1_227' title='bbox 1441 1934 1584 1970; x_wconf 87' lang='lat' dir='ltr'>cornu,</span> <span class='ocrx_word' id='word_1_228' title='bbox 1607 1920 1703 1961; x_wconf 72' lang='lat' dir='ltr'>obe-</span> 
     </span>
     <span class='ocr_line' id='line_1_29' title="bbox 1521 1978 1702 2031; baseline 0.011 -14"><span class='ocrx_word' id='word_1_229' title='bbox 1521 1978 1702 2031; x_wconf 80' lang='lat' dir='ltr'>quitabat</span> 
     </span>
    </p>
   </div>
   <div class='ocr_carea' id='block_1_3' title="bbox 401 2093 1702 2186">
    <p class='ocr_par' dir='ltr' id='par_1_3' title="bbox 401 2093 1702 2186">
     <span class='ocr_line' id='line_1_30' title="bbox 401 2093 1702 2174; baseline -0.004 -43"><span class='ocrx_word' id='word_1_230' title='bbox 401 2099 481 2141; x_wconf 83' lang='lat'>(12)</span> <span class='ocrx_word' id='word_1_231' title='bbox 491 2097 665 2174; x_wconf 50' lang='lat' dir='ltr'>som&#39;nibus</span> <span class='ocrx_word' id='word_1_232' title='bbox 680 2095 843 2129; x_wconf 58' lang='lat' dir='ltr'>instruitis</span> <span class='ocrx_word' id='word_1_233' title='bbox 866 2097 908 2128; x_wconf 87' lang='lat' dir='ltr'>ad</span> <span class='ocrx_word' id='word_1_234' title='bbox 931 2095 1081 2128; x_wconf 84' lang='lat' dir='ltr'>timorem</span> <span class='ocrx_word' id='word_1_235' title='bbox 1097 2095 1239 2127; x_wconf 83' lang='lat' dir='ltr'>hostibus</span> <span class='ocrx_word' id='word_1_236' title='bbox 1260 2093 1470 2137; x_wconf 81' lang='lat' dir='ltr'>injiciendum</span> <span class='ocrx_word' id='word_1_237' title='bbox 1489 2095 1595 2127; x_wconf 86' lang='lat' dir='ltr'>fallaci</span> <span class='ocrx_word' id='word_1_238' title='bbox 1613 2094 1702 2137; x_wconf 83' lang='lat' dir='ltr'>equi-</span> 
     </span>
     <span class='ocr_line' id='line_1_31' title="bbox 402 2154 601 2186; baseline -0.015 -9"><span class='ocrx_word' id='word_1_239' title='bbox 402 2154 474 2177; x_wconf 76' lang='lat' dir='ltr'>tum</span> <span class='ocrx_word' id='word_1_240' title='bbox 504 2155 601 2186; x_wconf 81' lang='lat' dir='ltr'>pecie.</span> 
     </span>
    </p>
   </div>
   <div class='ocr_carea' id='block_1_4' title="bbox 402 2203 1705 2862">
    <p class='ocr_par' dir='ltr' id='par_1_4' title="bbox 402 2203 1705 2835">
     <span class='ocr_line' id='line_1_32' title="bbox 450 2203 1702 2247; baseline -0.002 -9"><span class='ocrx_word' id='word_1_241' title='bbox 450 2209 483 2238; x_wconf 91' lang='lat' dir='ltr'>C.</span> <span class='ocrx_word' id='word_1_242' title='bbox 503 2217 553 2246; x_wconf 81' lang='lat'>15.</span> <span class='ocrx_word' id='word_1_243' title='bbox 576 2206 632 2247; x_wconf 87' lang='lat'>(1)</span> <span class='ocrx_word' id='word_1_244' title='bbox 655 2204 943 2237; x_wconf 82' lang='lat' dir='ltr'>Drakenborchius</span> <span class='ocrx_word' id='word_1_245' title='bbox 971 2204 1141 2246; x_wconf 87' lang='lat' dir='ltr'>legendum</span> <span class='ocrx_word' id='word_1_246' title='bbox 1167 2203 1296 2245; x_wconf 85' lang='lat' dir='ltr'>conjicit</span> <span class='ocrx_word' id='word_1_247' title='bbox 1324 2207 1420 2234; x_wconf 68' lang='lat' dir='ltr'>dextro</span> <span class='ocrx_word' id='word_1_248' title='bbox 1440 2217 1530 2241; x_wconf 79' lang='lat' dir='ltr'>cornu,</span> <span class='ocrx_word' id='word_1_249' title='bbox 1552 2211 1589 2235; x_wconf 87' lang='lat' dir='ltr'>ut</span> <span class='ocrx_word' id='word_1_250' title='bbox 1613 2203 1702 2235; x_wconf 81' lang='lat' dir='ltr'>dicat</span> 
     </span>
     <span class='ocr_line' id='line_1_33' title="bbox 404 2248 1702 2284; baseline -0.002 -1"><span class='ocrx_word' id='word_1_251' title='bbox 404 2251 518 2284; x_wconf 85' lang='lat' dir='ltr'>Livius</span> <span class='ocrx_word' id='word_1_252' title='bbox 536 2251 647 2282; x_wconf 86' lang='lat' dir='ltr'>Gallos</span> <span class='ocrx_word' id='word_1_253' title='bbox 663 2251 767 2281; x_wconf 74' lang='lat' dir='ltr'>acrius</span> <span class='ocrx_word' id='word_1_254' title='bbox 795 2251 910 2281; x_wconf 81' lang='lat' dir='ltr'>dextro</span> <span class='ocrx_word' id='word_1_255' title='bbox 934 2260 1036 2281; x_wconf 88' lang='lat' dir='ltr'>cornu</span> <span class='ocrx_word' id='word_1_256' title='bbox 1066 2249 1123 2280; x_wconf 91' lang='lat' dir='ltr'>suo</span> <span class='ocrx_word' id='word_1_257' title='bbox 1150 2249 1293 2280; x_wconf 81' lang='lat' dir='ltr'>invasiffe</span> <span class='ocrx_word' id='word_1_258' title='bbox 1309 2251 1484 2280; x_wconf 86' lang='lat' dir='ltr'>Romanos.</span> <span class='ocrx_word' id='word_1_259' title='bbox 1528 2248 1702 2280; x_wconf 85' lang='lat' dir='ltr'>Rationem</span> 
     </span>
     <span class='ocr_line' id='line_1_34' title="bbox 404 2294 1704 2336; baseline -0.003 -8"><span class='ocrx_word' id='word_1_260' title='bbox 404 2296 639 2328; x_wconf 74' lang='lat' dir='ltr'>emendationis</span> <span class='ocrx_word' id='word_1_261' title='bbox 655 2295 741 2326; x_wconf 72' lang='lat' dir='ltr'>infra</span> <span class='ocrx_word' id='word_1_262' title='bbox 758 2294 940 2326; x_wconf 85' lang='lat' dir='ltr'>videbimus</span> <span class='ocrx_word' id='word_1_263' title='bbox 956 2302 1014 2325; x_wconf 90' lang='lat' dir='ltr'>not</span> <span class='ocrx_word' id='word_1_264' title='bbox 1035 2304 1065 2332; x_wconf 80' lang='lat'>5.</span> <span class='ocrx_word' id='word_1_265' title='bbox 1112 2295 1159 2325; x_wconf 82' lang='lat' dir='ltr'>lta</span> <span class='ocrx_word' id='word_1_266' title='bbox 1176 2296 1242 2325; x_wconf 85' lang='lat' dir='ltr'>fere</span> <span class='ocrx_word' id='word_1_267' title='bbox 1259 2294 1356 2336; x_wconf 69' lang='lat' dir='ltr'>supra</span> <span class='ocrx_word' id='word_1_268' title='bbox 1372 2295 1391 2325; x_wconf 91' lang='lat' dir='ltr'>l.</span> <span class='ocrx_word' id='word_1_269' title='bbox 1410 2305 1438 2331; x_wconf 88' lang='grc'>4.</span> <span class='ocrx_word' id='word_1_270' title='bbox 1454 2305 1480 2324; x_wconf 88' lang='lat' dir='ltr'>c.</span> <span class='ocrx_word' id='word_1_271' title='bbox 1502 2294 1551 2325; x_wconf 88' lang='lat'>18.</span> <span class='ocrx_word' id='word_1_272' title='bbox 1597 2296 1704 2324; x_wconf 65' lang='lat' dir='ltr'>Dim-</span> 
     </span>
     <span class='ocr_line' id='line_1_35' title="bbox 403 2340 1705 2382; baseline -0.004 -9"><span class='ocrx_word' id='word_1_273' title='bbox 403 2350 448 2373; x_wconf 58' lang='grc' dir='ltr'>ἴον</span> <span class='ocrx_word' id='word_1_274' title='bbox 463 2345 560 2372; x_wconf 76' lang='lat' dir='ltr'>dextro</span> <span class='ocrx_word' id='word_1_275' title='bbox 575 2354 656 2372; x_wconf 80' lang='lat' dir='ltr'>cornu</span> <span class='ocrx_word' id='word_1_276' title='bbox 670 2341 804 2370; x_wconf 50' lang='lat' dir='ltr'>adversam</span> <span class='ocrx_word' id='word_1_277' title='bbox 822 2341 952 2381; x_wconf 50' lang='lat' dir='ltr'>Faliscos,</span> <span class='ocrx_word' id='word_1_278' title='bbox 961 2340 1072 2382; x_wconf 70' lang='lat' dir='ltr'>stnfflro</span> <span class='ocrx_word' id='word_1_279' title='bbox 1089 2347 1182 2369; x_wconf 81' lang='lat' dir='ltr'>contra</span> <span class='ocrx_word' id='word_1_280' title='bbox 1203 2342 1235 2370; x_wconf 92' lang='lat' dir='ltr'><em>V</em></span> <span class='ocrx_word' id='word_1_281' title='bbox 1232 2342 1341 2379; x_wconf 55' lang='lat' dir='ltr'>{ientem</span> <span class='ocrx_word' id='word_1_282' title='bbox 1361 2341 1532 2381; x_wconf 73' lang='lat' dir='ltr'>Capitolittus</span> <span class='ocrx_word' id='word_1_283' title='bbox 1550 2340 1705 2382; x_wconf 52' lang='lat' dir='ltr'>Qincqius</span> 
     </span>
     <span class='ocr_line' id='line_1_36' title="bbox 404 2383 1704 2430; baseline -0.002 -13"><span class='ocrx_word' id='word_1_284' title='bbox 404 2390 501 2417; x_wconf 76' lang='lat' dir='ltr'>intulit</span> <span class='ocrx_word' id='word_1_285' title='bbox 513 2388 608 2430; x_wconf 74' lang='lat' dir='ltr'>signa.</span> <span class='ocrx_word' id='word_1_286' title='bbox 653 2385 751 2428; x_wconf 76' lang='lat' dir='ltr'>{Illud</span> <span class='ocrx_word' id='word_1_287' title='bbox 777 2387 857 2416; x_wconf 83' lang='lat' dir='ltr'>vero</span> <span class='ocrx_word' id='word_1_288' title='bbox 883 2383 985 2415; x_wconf 89' lang='lat' dir='ltr'>obstat</span> <span class='ocrx_word' id='word_1_289' title='bbox 1013 2395 1079 2424; x_wconf 87' lang='lat' dir='ltr'>quo</span> <span class='ocrx_word' id='word_1_290' title='bbox 1104 2384 1211 2415; x_wconf 86' lang='lat' dir='ltr'>minus</span> <span class='ocrx_word' id='word_1_291' title='bbox 1228 2383 1500 2415; x_wconf 88' lang='lat' dir='ltr'>Drakenborchio</span> <span class='ocrx_word' id='word_1_292' title='bbox 1516 2383 1561 2414; x_wconf 85' lang='lat' dir='ltr'>ita</span> <span class='ocrx_word' id='word_1_293' title='bbox 1578 2383 1704 2424; x_wconf 89' lang='lat' dir='ltr'>conjec—</span> 
     </span>
     <span class='ocr_line' id='line_1_37' title="bbox 405 2427 1704 2471; baseline -0.004 -8"><span class='ocrx_word' id='word_1_294' title='bbox 405 2431 487 2463; x_wconf 84' lang='lat' dir='ltr'>tanti</span> <span class='ocrx_word' id='word_1_295' title='bbox 506 2431 666 2468; x_wconf 63' lang='lat' dir='ltr'>affenfiar,</span> <span class='ocrx_word' id='word_1_296' title='bbox 688 2431 788 2470; x_wconf 80' lang='lat' dir='ltr'>quod,</span> <span class='ocrx_word' id='word_1_297' title='bbox 811 2437 970 2470; x_wconf 87' lang='lat' dir='ltr'>quantum</span> <span class='ocrx_word' id='word_1_298' title='bbox 988 2440 1045 2471; x_wconf 88' lang='lat' dir='ltr'>ego</span> <span class='ocrx_word' id='word_1_299' title='bbox 1062 2428 1204 2466; x_wconf 87' lang='lat' dir='ltr'>memini,</span> <span class='ocrx_word' id='word_1_300' title='bbox 1227 2429 1368 2461; x_wconf 85' lang='lat' dir='ltr'>summus</span> <span class='ocrx_word' id='word_1_301' title='bbox 1393 2428 1426 2460; x_wconf 87' lang='lat' dir='ltr'>in</span> <span class='ocrx_word' id='word_1_302' title='bbox 1444 2428 1585 2460; x_wconf 83' lang='lat' dir='ltr'>exercitu</span> <span class='ocrx_word' id='word_1_303' title='bbox 1601 2427 1704 2468; x_wconf 89' lang='lat' dir='ltr'>impe-</span> 
     </span>
     <span class='ocr_line' id='line_1_38' title="bbox 402 2472 1702 2517; baseline -0.004 -9"><span class='ocrx_word' id='word_1_304' title='bbox 402 2485 496 2508; x_wconf 66' lang='lat' dir='ltr'>rator</span> <span class='ocrx_word' id='word_1_305' title='bbox 513 2477 636 2517; x_wconf 77' lang='lat' dir='ltr'>semper</span> <span class='ocrx_word' id='word_1_306' title='bbox 660 2476 810 2507; x_wconf 76' lang='lat' dir='ltr'>dextrum</span> <span class='ocrx_word' id='word_1_307' title='bbox 838 2474 873 2505; x_wconf 91' lang='lat' dir='ltr'>in</span> <span class='ocrx_word' id='word_1_308' title='bbox 890 2473 956 2506; x_wconf 89' lang='lat' dir='ltr'>acie</span> <span class='ocrx_word' id='word_1_309' title='bbox 979 2485 1081 2505; x_wconf 84' lang='lat' dir='ltr'>cornu</span> <span class='ocrx_word' id='word_1_310' title='bbox 1107 2474 1248 2512; x_wconf 87' lang='lat' dir='ltr'>tenebat,</span> <span class='ocrx_word' id='word_1_311' title='bbox 1270 2475 1373 2505; x_wconf 88' lang='lat' dir='ltr'>donec</span> <span class='ocrx_word' id='word_1_312' title='bbox 1390 2474 1425 2505; x_wconf 86' lang='lat' dir='ltr'>in</span> <span class='ocrx_word' id='word_1_313' title='bbox 1441 2473 1539 2505; x_wconf 89' lang='lat' dir='ltr'>aliam</span> <span class='ocrx_word' id='word_1_314' title='bbox 1554 2472 1702 2513; x_wconf 72' lang='lat' dir='ltr'>quamvis</span> 
     </span>
     <span class='ocr_line' id='line_1_39' title="bbox 404 2517 1705 2562; baseline -0.005 -9"><span class='ocrx_word' id='word_1_315' title='bbox 404 2529 532 2562; x_wconf 85' lang='lat' dir='ltr'>partem</span> <span class='ocrx_word' id='word_1_316' title='bbox 549 2521 712 2553; x_wconf 87' lang='lat' dir='ltr'>labantem</span> <span class='ocrx_word' id='word_1_317' title='bbox 733 2519 894 2551; x_wconf 86' lang='lat' dir='ltr'>tranfiret.</span> <span class='ocrx_word' id='word_1_318' title='bbox 941 2521 987 2550; x_wconf 86' lang='lat' dir='ltr'>At</span> <span class='ocrx_word' id='word_1_319' title='bbox 1017 2530 1055 2550; x_wconf 78' lang='lat' dir='ltr'>ex</span> <span class='ocrx_word' id='word_1_320' title='bbox 1082 2519 1345 2551; x_wconf 82' lang='lat' dir='ltr'>Drakenborchii</span> <span class='ocrx_word' id='word_1_321' title='bbox 1370 2517 1526 2550; x_wconf 62' lang='lat' dir='ltr'>sententia</span> <span class='ocrx_word' id='word_1_322' title='bbox 1551 2517 1705 2554; x_wconf 60' lang='lat' dir='ltr'>dietaton</span> 
     </span>
     <span class='ocr_line' id='line_1_40' title="bbox 404 2560 1703 2607; baseline -0.004 -10"><span class='ocrx_word' id='word_1_323' title='bbox 404 2566 500 2597; x_wconf 85' lang='lat' dir='ltr'>initio</span> <span class='ocrx_word' id='word_1_324' title='bbox 516 2566 620 2597; x_wconf 87' lang='lat' dir='ltr'>statim</span> <span class='ocrx_word' id='word_1_325' title='bbox 637 2564 740 2607; x_wconf 81' lang='lat' dir='ltr'>proelii</span> <span class='ocrx_word' id='word_1_326' title='bbox 757 2564 915 2596; x_wconf 79' lang='lat' dir='ltr'>sinistrum</span> <span class='ocrx_word' id='word_1_327' title='bbox 929 2566 1152 2595; x_wconf 83' lang='lat' dir='ltr'>Romanorum</span> <span class='ocrx_word' id='word_1_328' title='bbox 1169 2575 1272 2595; x_wconf 86' lang='lat' dir='ltr'>cornu</span> <span class='ocrx_word' id='word_1_329' title='bbox 1289 2564 1404 2595; x_wconf 87' lang='lat' dir='ltr'>tenuit.</span> <span class='ocrx_word' id='word_1_330' title='bbox 1421 2563 1471 2606; x_wconf 89' lang='lat' dir='ltr'>E.]</span> <span class='ocrx_word' id='word_1_331' title='bbox 1516 2562 1572 2603; x_wconf 87' lang='lat'>(2)</span> <span class='ocrx_word' id='word_1_332' title='bbox 1587 2560 1703 2593; x_wconf 87' lang='lat' dir='ltr'>Aciem</span> 
     </span>
     <span class='ocr_line' id='line_1_41' title="bbox 405 2607 1705 2652; baseline -0.003 -10"><span class='ocrx_word' id='word_1_333' title='bbox 405 2621 521 2652; x_wconf 86' lang='lat' dir='ltr'>nempe</span> <span class='ocrx_word' id='word_1_334' title='bbox 538 2610 686 2647; x_wconf 89' lang='lat' dir='ltr'>hostium,</span> <span class='ocrx_word' id='word_1_335' title='bbox 698 2609 753 2641; x_wconf 88' lang='lat' dir='ltr'>ubi</span> <span class='ocrx_word' id='word_1_336' title='bbox 771 2620 868 2650; x_wconf 88' lang='lat' dir='ltr'>eques</span> <span class='ocrx_word' id='word_1_337' title='bbox 883 2611 1050 2640; x_wconf 84' lang='lat' dir='ltr'>Romanus</span> <span class='ocrx_word' id='word_1_338' title='bbox 1066 2620 1120 2639; x_wconf 85' lang='lat' dir='ltr'>eos</span> <span class='ocrx_word' id='word_1_339' title='bbox 1133 2609 1282 2643; x_wconf 82' lang='lat' dir='ltr'>turbatos</span> <span class='ocrx_word' id='word_1_340' title='bbox 1295 2610 1361 2651; x_wconf 84' lang='lat' dir='ltr'>jam</span> <span class='ocrx_word' id='word_1_341' title='bbox 1373 2615 1544 2640; x_wconf 86' lang='lat' dir='ltr'>averterat.</span> <span class='ocrx_word' id='word_1_342' title='bbox 1569 2607 1624 2647; x_wconf 88' lang='lat'>(3)</span> <span class='ocrx_word' id='word_1_343' title='bbox 1639 2608 1705 2638; x_wconf 84' lang='lat' dir='ltr'>Ve-</span> 
     </span>
     <span class='ocr_line' id='line_1_42' title="bbox 405 2651 1704 2697; baseline -0.003 -11"><span class='ocrx_word' id='word_1_344' title='bbox 405 2655 455 2687; x_wconf 80' lang='lat' dir='ltr'>nit</span> <span class='ocrx_word' id='word_1_345' title='bbox 472 2667 545 2686; x_wconf 91' lang='lat' dir='ltr'>cum</span> <span class='ocrx_word' id='word_1_346' title='bbox 561 2652 601 2686; x_wconf 59' lang='lat' dir='ltr'>iis„</span> <span class='ocrx_word' id='word_1_347' title='bbox 615 2654 709 2697; x_wconf 79' lang='lat' dir='ltr'>signis</span> <span class='ocrx_word' id='word_1_348' title='bbox 725 2654 888 2696; x_wconf 88' lang='lat' dir='ltr'>copiisque</span> <span class='ocrx_word' id='word_1_349' title='bbox 905 2665 984 2694; x_wconf 86' lang='lat' dir='ltr'>quas</span> <span class='ocrx_word' id='word_1_350' title='bbox 1001 2653 1086 2684; x_wconf 84' lang='lat' dir='ltr'>circa</span> <span class='ocrx_word' id='word_1_351' title='bbox 1101 2654 1131 2685; x_wconf 89' lang='lat' dir='ltr'>se</span> <span class='ocrx_word' id='word_1_352' title='bbox 1148 2654 1288 2685; x_wconf 83' lang='lat' dir='ltr'>habebat</span> <span class='ocrx_word' id='word_1_353' title='bbox 1315 2654 1356 2685; x_wconf 92' lang='lat' dir='ltr'>ad</span> <span class='ocrx_word' id='word_1_354' title='bbox 1383 2653 1501 2684; x_wconf 86' lang='lat' dir='ltr'>laevum</span> <span class='ocrx_word' id='word_1_355' title='bbox 1527 2662 1629 2683; x_wconf 88' lang='lat' dir='ltr'>cornu</span> <span class='ocrx_word' id='word_1_356' title='bbox 1656 2651 1704 2683; x_wconf 85' lang='lat' dir='ltr'>sui</span> 
     </span>
     <span class='ocr_line' id='line_1_43' title="bbox 402 2696 1703 2741; baseline -0.003 -10"><span class='ocrx_word' id='word_1_357' title='bbox 402 2699 575 2737; x_wconf 67' lang='lat' dir='ltr'>exercitus,</span> <span class='ocrx_word' id='word_1_358' title='bbox 586 2700 738 2731; x_wconf 72' lang='lat' dir='ltr'>adversus</span> <span class='ocrx_word' id='word_1_359' title='bbox 754 2700 843 2740; x_wconf 77' lang='lat' dir='ltr'>qnod</span> <span class='ocrx_word' id='word_1_360' title='bbox 860 2698 1048 2741; x_wconf 86' lang='lat' dir='ltr'>congregari</span> <span class='ocrx_word' id='word_1_361' title='bbox 1066 2700 1097 2729; x_wconf 72' lang='grc' dir='ltr'>δε</span> <span class='ocrx_word' id='word_1_362' title='bbox 1114 2698 1302 2740; x_wconf 87' lang='lat' dir='ltr'>conglobari</span> <span class='ocrx_word' id='word_1_363' title='bbox 1321 2698 1452 2729; x_wconf 85' lang='lat' dir='ltr'>videbat</span> <span class='ocrx_word' id='word_1_364' title='bbox 1468 2696 1578 2728; x_wconf 86' lang='lat' dir='ltr'>hostes.</span> <span class='ocrx_word' id='word_1_365' title='bbox 1603 2697 1703 2738; x_wconf 75' lang='lat' dir='ltr'>Qod</span> 
     </span>
     <span class='ocr_line' id='line_1_44' title="bbox 405 2741 1704 2786; baseline -0.004 -10"><span class='ocrx_word' id='word_1_366' title='bbox 405 2744 429 2776; x_wconf 85' lang='lat' dir='ltr'><strong>fi</strong></span> <span class='ocrx_word' id='word_1_367' title='bbox 446 2744 479 2776; x_wconf 88' lang='lat' dir='ltr'>in</span> <span class='ocrx_word' id='word_1_368' title='bbox 495 2745 589 2776; x_wconf 87' lang='lat' dir='ltr'>initio</span> <span class='ocrx_word' id='word_1_369' title='bbox 606 2744 720 2786; x_wconf 80' lang='lat' dir='ltr'>capitis</span> <span class='ocrx_word' id='word_1_370' title='bbox 735 2747 830 2775; x_wconf 78' lang='lat' dir='ltr'>dextro</span> <span class='ocrx_word' id='word_1_371' title='bbox 854 2758 947 2780; x_wconf 73' lang='lat' dir='ltr'>cornu,</span> <span class='ocrx_word' id='word_1_372' title='bbox 970 2754 1031 2785; x_wconf 82' lang='lat' dir='ltr'>pro</span> <span class='ocrx_word' id='word_1_373' title='bbox 1055 2747 1195 2781; x_wconf 73' lang='lat' dir='ltr'>dextrum,</span> <span class='ocrx_word' id='word_1_374' title='bbox 1216 2744 1367 2785; x_wconf 79' lang='lat' dir='ltr'>legamus,</span> <span class='ocrx_word' id='word_1_375' title='bbox 1389 2741 1444 2774; x_wconf 70' lang='lat' dir='ltr'>hic</span> <span class='ocrx_word' id='word_1_376' title='bbox 1459 2741 1704 2783; x_wconf 86' lang='lat' dir='ltr'>intelligendum</span> 
     </span>
     <span class='ocr_line' id='line_1_45' title="bbox 406 2785 1704 2835; baseline -0.004 -14"><span class='ocrx_word' id='word_1_377' title='bbox 406 2789 468 2822; x_wconf 86' lang='lat' dir='ltr'>erit</span> <span class='ocrx_word' id='word_1_378' title='bbox 494 2790 615 2823; x_wconf 80' lang='lat' dir='ltr'>laevum</span> <span class='ocrx_word' id='word_1_379' title='bbox 636 2791 749 2835; x_wconf 70' lang='lat' dir='ltr'>hqstium</span> <span class='ocrx_word' id='word_1_380' title='bbox 776 2799 889 2822; x_wconf 82' lang='lat' dir='ltr'>cornu.</span> <span class='ocrx_word' id='word_1_381' title='bbox 935 2789 990 2831; x_wconf 75' lang='lat'>(4)</span> <span class='ocrx_word' id='word_1_382' title='bbox 1014 2785 1157 2831; x_wconf 63' lang='lat' dir='ltr'>Obliqui</span> <span class='ocrx_word' id='word_1_383' title='bbox 1182 2787 1234 2820; x_wconf 66' lang='lat' dir='ltr'>vii</span> <span class='ocrx_word' id='word_1_384' title='bbox 1260 2798 1317 2830; x_wconf 84' lang='lat' dir='ltr'>per</span> <span class='ocrx_word' id='word_1_385' title='bbox 1341 2794 1499 2820; x_wconf 87' lang='lat' dir='ltr'>montem.</span> <span class='ocrx_word' id='word_1_386' title='bbox 1544 2785 1598 2829; x_wconf 83' lang='lat'>(5)</span> <span class='ocrx_word' id='word_1_387' title='bbox 1624 2787 1704 2835; x_wconf 63' lang='lat' dir='ltr'>Haec</span> 
     </span>
    </p>

    <p class='ocr_par' dir='ltr' id='par_1_5' title="bbox 1595 2841 1704 2862">
     <span class='ocr_line' id='line_1_46' title="bbox 1595 2841 1704 2862; baseline -0.018 0"><span class='ocrx_word' id='word_1_388' title='bbox 1595 2841 1704 2862; x_wconf 84' lang='lat' dir='ltr'>omnia</span> 
     </span>
    </p>
   </div>
  </div>
 </body>
</html>
