1853 3158
344 234 627 277 LIBER
687 231 760 271 IX.
821 230 1004 271 CAP„
1066 225 1180 269 XVI.

181 353 296 393 XVI.
329 350 557 397 Convenit,
567 348 652 402 jam
686 346 778 386 inde
814 359 884 399 per
916 345 1097 385 consules
1128 344 1280 396 reliqua
1313 341 1406 381 belli

123 411 316 464 perfecta.
379 407 523 448 Aulius
557 418 651 444 cum
686 403 919 443 Ferentanis
954 417 1034 442 uno
1069 402 1242 441 secundo
1263 399 1407 453 proelio

122 474 145 520 †
177 466 410 512 debellavit3
442 463 662 514 urbemque
699 461 839 514 ipsam,
871 459 953 513 quo
988 460 1025 499 se
1062 459 1148 499 fusa
1184 459 1409 498 contulerat

123 526 243 574 acies,
274 522 470 564 obfidibus
503 518 723 572 imperatis,
756 519 796 557 in
823 518 1067 557 deditionem
1090 516 1255 570 accepit.
1315 514 1408 554 Pari

122 581 284 621 fortun-21
319 578 526 620 consulum
561 577 658 616 alter
692 590 785 615 cum
820 575 1050 623 Satricanis,
1084 575 1153 627 qui
1189 574 1294 613 cives
1321 573 1408 611 Ro*

122 640 230 678 mani
264 638 348 692 post
385 635 610 675 Caudinam
645 634 799 673 cladem
835 634 884 671 ad
922 632 1123 671 Samnites
1164 630 1408 678 defecerant,

120 697 425 749 praesidiumque
459 706 604 738 eorum
638 692 678 730 in
716 690 857 729 urbem
893 699 1143 741 acceperant,
1175 702 1259 727 rem
1282 687 1404 741 gessit.

123 767 216 792 nam
251 765 376 805 quum
413 751 461 789 ad
496 749 646 788 moenia
678 747 823 788 Satrici
859 747 1044 785 admotus
1077 746 1169 784 ess'et
1194 745 1408 792 exercitus,

122 809 354 863 legatisque,
403 806 521 847 missis
563 807 611 846 ad
651 819 792 859 pacem
825 817 918 844 cum
954 801 1138 855 precibus
1178 803 1408 854 petendam,

120 867 228 906 triste
263 865 495 919 responsum
531 864 579 903 ab
614 863 774 903 consule
811 861 1013 901 redditum
1034 859 1142 908 effet,
1174 858 1412 912 nfflprafizlio

125 924 348 963 Samnitium
370 923 555 977 intetsfhHo
585 930 651 960 emt
682 920 834 969 tradito,
867 934 910 957 ne
927 918 978 957 ad
990 918 1034 971 se
1056 925 1260 955 remearent
1275 938 1288 961 ;
1320 916 1411 968 plus

120 981 168 1020 ea
200 995 313 1031 voce,
345 979 468 1033 quam
501 978 621 1020 armis
656 977 790 1028 illatis,
820 976 982 1016 terroris
1015 974 1167 1015 colonis
1203 972 1413 1028 injectam.

121 1039 262 1091 Itaque
284 1034 448 1077 subinde
467 1043 490 1087 †
511 1035 771 1088 exsequentes
793 1033 1010 1087 quaerendo
1039 1047 1059 1071 a
1095 1029 1254 1071 consule
1276 1030 1411 1083 legati,

122 1110 299 1149 quonam
337 1093 528 1147 sepaEto
565 1107 714 1145 paucos
754 1095 790 1131 Se
828 1091 1010 1130 infirmos
1032 1089 1211 1128 crederet
1232 1087 1412 1141 praefidio

122 1163 204 1191 tam
235 1152 366 1192 valido
391 1154 428 1191 &
453 1161 606 1190 armato
639 1151 720 1189 vim
743 1152 804 1202 (1)
825 1149 1027 1195 allaturos,
1060 1146 1107 1186 ab
1144 1145 1283 1184 iisdem
1317 1158 1414 1183 con-

123 1211 250 1249 filium
288 1219 420 1263 petere
453 1208 559 1264 juffi,
593 1207 739 1260 quibus
772 1204 1005 1245 aufi'toribus
1040 1203 1266 1257 praefidium
1287 1202 1328 1241 in
1346 1216 1414 1240 ur-

124 1268 216 1307 bem
248 1267 501 1320 accepissent,
532 1265 765 1304 discedunt:
808 1260 994 1317 aegreque
1024 1262 1251 1314 impetrato,
1284 1269 1328 1299 ut
1364 1260 1413 1298 de

123 1324 170 1364 ea
190 1339 232 1364 re
253 1324 405 1364 consuli
427 1323 607 1362 senatum
630 1324 709 1376 (2),
738 1319 1000 1374 responsaque
1023 1320 1071 1358 ad
1094 1318 1130 1357 se
1153 1317 1293 1357 referri
1316 1317 1414 1355 sme-

125 1393 201 1437 ret,
232 1383 282 1421 ad
317 1381 407 1421 suos
442 1381 624 1420 redeunt.
685 1379 792 1418 Duae
829 1377 1026 1417 sa&iones
1059 1376 1239 1415 senatum
1260 1380 1284 1426 †
1305 1373 1415 1413 disti-

123 1439 298 1487 nebant3
332 1453 425 1486 una,
457 1439 572 1492 cujus
604 1436 804 1490 principes
825 1445 937 1475 erant
958 1432 1198 1473 defectionis
1221 1447 1242 1471 a
1264 1432 1413 1484 populo

127 1499 317 1537 Romano
339 1495 549 1543 au&ores;
581 1497 717 1544 altera,
749 1493 929 1533 fidelium
952 1492 1114 1532 civium.
1145 1499 1342 1530 certatum
1365 1488 1414 1528 ab

127 1555 304 1607 utrisque
338 1564 473 1592 tamen
508 1552 579 1600 est,
612 1562 656 1591 ut
683 1553 733 1591 ad
768 1550 1104 1590 reconciliandam
1144 1561 1284 1601 pacem
1318 1560 1416 1586 con-

124 1612 198 1651 suli
219 1625 338 1665 opera
360 1613 421 1664 (3)
455 1619 679 1649 navaretur.
737 1609 834 1647 Pars
867 1609 990 1646 altera
1021 1610 1166 1659 (quum
1189 1604 1416 1658 praesidium

124 1669 384 1716 Samnitium,
407 1668 499 1720 quia
521 1666 621 1705 nihil
643 1666 732 1705 satis
754 1665 963 1718 praeparati
994 1673 1078 1703 erat
1099 1663 1147 1702 ad
1169 1662 1415 1701 obsidionem

125 1727 389 1773 tolerandam,
421 1725 669 1764 excefl‘urum
703 1723 884 1776 proxima
918 1721 1038 1761 noete
1075 1721 1184 1773 esset)
1226 1718 1417 1758 enuncia-

126 1799 169 1824 re
191 1787 251 1839 (4)
276 1782 429 1824 consuli
467 1781 557 1821 satis
578 1781 735 1828 habuit,
768 1779 847 1833 qua
868 1779 1001 1819 110&ss
1023 1778 1136 1826 hora,
1169 1779 1232 1831 (5)
1255 1776 1416 1829 quaque

128 1843 260 1895 porta,
295 1844 331 1881 ἃ
368 1854 489 1892 quam
524 1840 565 1878 in
598 1840 703 1878 viam
738 1838 960 1892 egressurus
980 1835 1104 1876 hostis
1124 1834 1242 1874 foret.
1276 1834 1417 1881 altera,

128 1899 274 1952 quibus
311 1898 443 1937 invitis
478 1897 672 1937 descitum
695 1897 743 1935 ad
765 1895 966 1935 Samnites
986 1903 1086 1942 erat,
1118 1891 1259 1931 eadem
1294 1890 1417 1930 noete

131 1968 287 2009 portam
304 1956 423 1995 etiam
441 1954 593 1995 consuli
607 1962 862 2007 aperuerunt,
878 1951 1128 2003 armatosque
1147 1947 1419 2002 clam(6)hos-

103 2018 106 2019 ⁷
130 2028 187 2054 tes
217 2015 258 2053 in
295 2013 434 2052 urbem
463 2021 716 2066 acceperunt.
767 2011 827 2049 Ita
849 2009 998 2063 duplici
1014 2007 1239 2062 proditione
1261 2008 1298 2046 8<
1317 2020 1419 2059 prae-

131 2073 272 2111 fidium
307 2071 566 2118 Samnitium,
602 2068 747 2112 insessis
780 2069 883 2108 circa
919 2067 1024 2106 viam
1047 2063 1283 2104 silvestribus
1305 2063 1420 2113 locis,

130 2129 370 2182 necopinato
412 2128 637 2181 oppressum
669 2126 740 2176 est,
786 2129 826 2166 &
868 2124 915 2164 ab
955 2123 1052 2163 urbe
1094 2123 1210 2175 plena
1243 2121 1420 2160 hostium

133 2187 283 2224 clamor
319 2186 520 2231 sublatu53
553 2196 840 2236 momentoque
877 2183 995 2221 unius
1031 2180 1140 2219 horae
1163 2179 1286 2219 caesus
1305 2178 1422 2218 Sam-

131 2243 207 2292 nis,
238 2243 467 2283 Satricanus
501 2251 658 2296 captus,
698 2243 734 2280 ἃ
774 2241 908 2280 omnia
944 2240 985 2280 in
1020 2237 1213 2292 potestate
1248 2235 1421 2277 consulis

1293 2305 1419 2333 erant.

178 2418 213 2447 C.
240 2416 290 2450 16.
315 2417 368 2457 (1)
395 2417 462 2447 Vim
490 2417 574 2445 alicui
589 2418 692 2458 afferre
709 2413 850 2446 occurrit
867 2413 951 2444 infre]
969 2413 992 2444 l.
1011 2413 1061 2452 38.
1081 2423 1106 2443 C.
1127 2420 1182 2444 20.
1205 2411 1225 2441 l.
1242 2419 1293 2447 42.
1317 2421 1346 2440 c.
1374 2418 1423 2443 22).

134 2464 155 2493 l.
176 2472 225 2500 45.
243 2473 267 2492 c.
292 2471 340 2501 19.
385 2462 440 2501 (2)
465 2463 510 2490 Sc.
536 2461 745 2490 Satricanum.
791 2459 846 2499 (3)
875 2460 992 2499 Operam
1020 2470 1130 2487 navare
1157 2454 1299 2486 occurrit
1326 2454 1420 2493 supra

136 2508 152 2537 l.
170 2517 196 2537 2.
210 2518 234 2536 c.
252 2516 302 2544 43.
327 2506 346 2536 l.
366 2515 392 2543 7.
409 2517 434 2536 c.
455 2506 507 2535 16.
525 2506 555 2534 δε
579 2505 663 2535 alibi.
712 2504 767 2544 (4)
791 2505 863 2533 Hoc
885 2503 1023 2533 verbum
1040 2499 1171 2543 proprie
1189 2499 1309 2530 dicitur
1325 2499 1364 2528 de
1379 2498 1426 2531 iis,

133 2552 189 2591 qni
218 2561 334 2581 arcana
361 2551 513 2591 produnt.
541 2549 627 2579 iufra
655 2549 674 2578 l.
704 2558 755 2578 10.
786 2559 811 2578 c.
841 2557 868 2584 3.
892 2547 911 2576 l.
941 2557 990 2587 39.
1016 2558 1045 2577 c.
1076 2556 1114 2576 10
1144 2546 1176 2575 δε
1196 2553 1244 2582 13.
1280 2545 1311 2574 ὃς
1339 2542 1425 2574 alibi.

133 2596 189 2635 (5)
215 2594 413 2636 Compositio
430 2596 498 2624 hcec
520 2593 685 2627 orationis,
708 2601 743 2623 ut
762 2593 792 2622 in
811 2592 914 2622 tribus
931 2591 1061 2622 diversis
1079 2589 1299 2631 proponendis
1316 2587 1427 2618 secun·

134 2642 214 2671 dum
230 2651 288 2681 per
304 2654 363 2680 que,
388 2639 521 2670 tertium
539 2649 596 2679 per
616 2640 653 2669 {3²
672 2638 720 2668 vel
745 2651 777 2667 aa
805 2637 911 2678 primo
932 2636 1179 2671 connectantur,
1202 2632 1299 2663 Livio
1316 2633 1424 2662 admo-

134 2685 212 2715 dum
240 2692 345 2715 amata
377 2684 427 2714 est.
474 2685 579 2724 Egrede'
605 2683 691 2725 por-tc}
716 2682 758 2713 cst
786 2681 882 2712 etiam
899 2681 987 2722 apud
1008 2680 1078 2711 Cic.
1109 2680 1132 2710 l.
1165 2688 1191 2709 Ι.
1215 2677 1310 2708 Tusc.
1343 2688 1366 2706 c.
1401 2686 1427 2710 ῖ.

134 2730 190 2770 (6)
214 2729 258 2759 Hi
285 2731 362 2772 hrsscs
386 2727 585 2770 intelligendi
615 2728 687 2759 sunt
717 2727 774 2767 ipfi
800 2725 950 2765 Romani,
976 2731 1220 2767 oppugnatores
1248 2720 1347 2755 urbis,
1371 2721 1424 2758 qui

141 2774 144 2776 ’
177 2775 267 2805 Tomi.
286 2775 320 2804 11.
745 2773 769 2801 Ρ
1267 2766 1297 2798 ὃς
1316 2764 1427 2806 pann-‚1

1549 232 1628 279 209
