1832 3137
404 278 1025 326 LIBERI.CAP.
1087 278 1243 320 XXVI.
1636 296 1688 337 39

243 396 400 438 XXVI.
417 393 655 446 Priusquam
670 391 760 430 inde
775 389 1090 444 digrederentur,
1106 389 1262 444 roganti
1277 388 1412 429 Metto
1426 402 1474 428 ex

185 455 339 496 foedere
353 453 435 493 ietto
455 451 554 505 quid
567 451 795 503 imperaret,
808 447 1142 501 imperatTullus,
1157 448 1213 486 uti
1220 448 1475 502 juventutem

184 514 228 553 in
249 511 368 551 armis
388 508 558 549 habeat:
589 507 754 547 usurum
775 505 812 544 se
834 519 973 544 eorum
995 506 1129 559 opera,
1162 505 1186 543 fi
1208 504 1357 544 bellum
1380 517 1475 545 cum

183 568 424 624 Vejentibus
446 566 562 606 foret.
585 565 638 604 ita
659 562 857 604 exercitus
874 562 966 602 inde
988 563 1129 603 domos
1151 561 1327 602 abduefi.
1359 561 1476 601 Prin-

185 640 280 680 ceps
314 624 510 665 Horatius
541 622 636 671 ibat,
673 620 883 675 trigemina
912 619 1033 673 spolia
1053 634 1135 673 prae
1155 619 1192 658 se
1214 633 1379 674 gerens:
1409 619 1476 659 cui

185 683 296 724 soror
321 683 450 737 virgo,
481 695 571 735 quae
601 677 791 733 desponsa
810 677 881 717 uni
902 690 950 716 ex
968 677 1158 718 Curiatiis
1186 676 1330 724 fuerat,
1362 675 1477 716 obvia

185 749 278 780 ante
314 749 472 794 portam
507 739 716 792 Capenam
742 735 846 774 fuit:
877 735 1118 789 cognitoque
1146 733 1260 787 super
1287 733 1477 773 humeros

186 797 320 838 fratris
337 798 620 850 paludamento
641 797 703 849 (1)
726 793 866 846 sponfi,
899 793 1007 845 quod
1029 791 1110 845 ipsa
1131 790 1372 839 confecerat,
1405 790 1479 830 sol-
1499 791 1636 821 Horatius
1649 793 1698 831 fi>-

185 855 243 895 vit
260 855 406 905 crines,
430 857 467 894 &
486 853 669 892 flebiliter
685 851 848 891 nomine
865 849 1051 903 sponsum
1069 858 1277 888 mortuum
1295 849 1478 901 appellat.
1498 849 1584 867 mem
1598 839 1698 867 ‘'cffidss·

186 913 333 954 Movet
354 911 479 952 feroci
496 910 635 966 juveni
657 909 837 948 animum
859 907 1121 961 comploratio
1158 905 1300 945 sororis
1329 906 1368 943 in
1400 905 1481 945 vic—

185 969 291 1009 tori&
306 969 373 1009 sua
389 977 582 1022 tantoque
596 967 742 1022 gaudio
764 965 938 1020 publico.
999 963 1150 1005 strieto
1172 964 1306 1016 itaque
1327 963 1477 1016 gladio,

185 1028 302 1067 simul
337 1026 466 1067 verbis
500 1025 727 1079 increpans,
777 1022 975 1077 transfigit
1020 1022 1208 1076 puellam.
1289 1020 1365 1059 Abi
1399 1020 1481 1059 hinc

186 1100 270 1125 cum
291 1086 486 1124 immaturo
507 1082 591 1140 (2)
610 1097 730 1122 amore
748 1081 984 1136 adsponsmn,
1017 1079 1162 1132 inquit,
1193 1079 1299 1118 oblita
1300 1077 1480 1133 fi‘atrum

185 1151 413 1182 mortuorum
453 1142 620 1194 vivique,
661 1140 776 1179 ‚oblita
812 1140 958 1192 patriae.
1041 1137 1100 1176 Sic
1145 1145 1216 1184 eat,
1267 1151 1483 1189 quaecunque

188 1201 361 1241 Romana
388 1200 521 1254 lugebit
550 1198 688 1254 hcstem.
752 1197 881 1236 Atrox
907 1194 1034 1235 visum
1057 1195 1097 1233 id
1118 1193 1276 1233 facinus
1295 1192 1482 1232 Patribus

187 1258 402 1312 plebique:
432 1257 499 1297 sed
524 1270 663 1297 recens
697 1255 887 1294 meritum
913 1252 1024 1292 faeto
1046 1254 1106 1306 (3)
1128 1250 1318 1291 obstabat.
1349 1261 1483 1289 tamen

186 1325 325 1369 raptus
347 1315 387 1354 in
404 1316 472 1370 jus
493 1315 543 1355 ad
564 1327 713 1368 regem.
775 1313 882 1360 Rex,
910 1325 960 1350 ne
982 1309 1062 1363 ipse
1085 1319 1166 1348 tam
1182 1307 1301 1348 tristis
1323 1307 1485 1361 ingrati-

186 1387 268 1426 que
290 1374 340 1413 ad
360 1374 505 1427 vulgus
526 1371 684 1425 judicii,
706 1379 791 1419 aut,
812 1365 1036 1408 secundum
1053 1366 1269 1420 judicium,
1302 1364 1484 1417 supplicii

188 1430 334 1471 auetor
354 1430 461 1478 effet,
493 1428 663 1469 concilio
678 1427 817 1480 populi
835 1427 1043 1473 advocato,
1065 1424 1317 1470 Duumviros,
1338 1421 1485 1474 inquit,

190 1490 255 1542 qui
272 1487 429 1527 Horatio
437 1486 715 1540 perduellionem
747 1483 830 1540 (4)
844 1482 1032 1537 judicent,
1065 1480 1090 1535 (
1095 1494 1115 1534 5
1125 1483 1148 1537 )
1159 1478 1360 1534 secundimz
1374 1479 1483 1531 legem

176 1546 295 1602 facio.
337 1544 423 1583 Lex
444 1543 634 1583 horrendi
656 1543 716 1595 (6)
732 1541 920 1581 carminis
941 1549 1025 1579 erat
1044 1554 1052 1578 :
1085 1539 1301 1578 Duzmzviri
1313 1536 1483 1589 perduel-

191 1603 319 1642 lionem
329 1601 512 1656 judicent.
578 1600 617 1638 Si
635 1616 657 1638 a
679 1599 892 1637 duumviris
904 1597 1133 1650 provocarit,
1145 1595 1395 1646 provocatione
1407 1608 1484 1632 cer-
1504 1618 1539 1647 In
1568 1620 1602 1649 -m
1625 1629 1701 1648 v

190 1668 290 1700 tato:
314 1658 358 1713 ſs
389 1660 550 1705 vincent,
592 1664 701 1710 caput
732 1656 891 1695 obnubilo
904 1672 916 1694 .·
961 1653 1098 1709 infelici
1132 1652 1155 1705 (
1164 1654 1215 1708 7)
1235 1653 1357 1691 arbori
1401 1650 1487 1705 rgste
1505 1632 1572 1694 tum]
1647 1638 1684 1648 m

1252 1707 1457 1765 suspendite
1473 1726 1488 1750 .-

240 1834 276 1865 C.
290 1832 340 1864 26.
363 1832 419 1873 (1)
443 1832 665 1863 Paludamentum
681 1828 812 1870 proprie
826 1827 968 1870 chlamys
980 1826 1201 1870 imperatoria;
1218 1824 1270 1855 sed
1288 1824 1319 1854 δε
1332 1835 1394 1866 pro
1406 1824 1489 1855 veste

193 1877 326 1910 militari
340 1877 474 1908 sumitur
491 1877 557 1917 ejus
574 1875 629 1916 qui
646 1885 712 1905 non
728 1873 802 1905 esset
815 1874 999 1914 imperator.
1044 1872 1100 1913 (2)
1122 1875 1140 1889 “
1157 1868 1408 1910 Intempestivo.’'
1440 1869 1488 1900 Sic

195 1922 380 1955 Crevierius
397 1920 534 1961 aliique3
557 1920 674 1960 quibus
696 1926 804 1950 tamen
824 1928 883 1959 ego
910 1916 1056 1950 affentire
1084 1925 1218 1956 nequeo.
1264 1915 1440 1944 Immaturum
1456 1913 1489 1944 id

193 1967 315 1999 dicitur
329 1967 417 2007 quod
428 1972 542 2007 praeter
555 1964 601 1995 sui
619 1963 772 2004 temporis
788 1963 921 1993 modum
928 1968 1107 2003 properatum
1122 1961 1171 2002 ss:
1199 1966 1234 1989 ut
1250 1961 1401 1988 immatura
1417 1971 1491 1988 mors

193 2012 228 2042 ἃ
247 2011 374 2042 fimilia:
402 2020 569 2050 nunquam
585 2016 692 2040 autem
707 2010 883 2049 (quantum
902 2017 960 2047 ego
980 2005 1061 2044 scio)
1076 2004 1211 2035 sumitur
1227 2013 1288 2044 pro
1304 2004 1494 2045 intempgstivo,

196 2055 392 2097 simpliciter,
414 2056 466 2087 seu
480 2055 567 2095 quod
580 2053 699 2084 Gallice
716 2052 850 2083 dicimus
863 2054 919 2082 mal
932 2051 949 2080 ἆ
960 2058 1072 2092 propos.
1098 2052 1145 2080 At
1158 2048 1255 2089 quaeri
1272 2047 1384 2089 potest,
1399 2046 1492 2087 quid-

196 2112 274 2132 nam
288 2100 377 2131 aliud
400 2111 459 2141 per
484 2110 597 2131 vocem
623 2101 764 2128 immaturo
786 2095 837 2127 hic
865 2095 1043 2136 intelligere
1065 2092 1250 2135 possumus?
1297 2093 1337 2122 Et
1361 2091 1492 2131 quidem

196 2145 369 2177 audentior
382 2145 485 2176 multo
501 2152 644 2175 veterem
656 2143 765 2174 abnuo
781 2140 1094 2182 interpretationem,
1108 2138 1206 2178 quam
1219 2147 1337 2168 novam
1348 2137 1490 2178 profero.

196 2190 326 2232 Opinor
352 2197 459 2221 tamen
487 2199 628 2220 amorem
655 2186 798 2218 Horatiae
823 2186 897 2216 ideo
924 2184 987 2215 dici
1012 2187 1194 2218 immaturum,
1232 2182 1319 2222 quod
1348 2181 1492 2211 nondum

196 2242 303 2276 nupta
327 2234 389 2266 fuit
415 2245 489 2265 cum
511 2244 598 2264 mors
624 2231 728 2273 sponsl
753 2231 839 2272 spem
861 2230 928 2271 ejus
940 2232 1053 2259 irritam
1078 2227 1230 2264 reddidit,
1257 2225 1380 2256 fructfis
1398 2224 1493 2255 instar

197 2286 262 2310 ante
277 2287 380 2321 tempus
397 2279 549 2320 decerpti.
574 2280 608 2308 E.
654 2277 709 2318 (3)
726 2275 924 2316 impediebat
942 2284 1007 2314 quo
1024 2272 1129 2303 minus
1146 2273 1270 2303 faetum
1292 2271 1352 2301 hoc
1370 2280 1430 2310 pro
1448 2268 1493 2299 rei

197 2323 369 2355 atrocitate
385 2324 631 2365 expenderetur.
679 2321 733 2362 (4)
752 2320 781 2351 h.
798 2331 823 2351 e.
847 2318 1036 2350 sententiam
1052 2319 1158 2348 ferant
1174 2316 1207 2346 in
1225 2314 1410 2350 Horatium,
1425 2321 1495 2344 tana

200 2379 298 2409 quam
315 2367 543 2410 perduellionis
561 2365 770 2398 manifestum.
817 2366 972 2395 perduellis
993 2362 1080 2393 idem
1101 2362 1143 2393 est
1167 2371 1202 2391 ac
1220 2359 1314 2390 hostis
1338 2360 1374 2399 (a
1389 2357 1496 2389 radice

199 2415 317 2443 duellum
348 2413 503 2454 bellum):
539 2413 571 2443 ὅτ
591 2413 739 2454 perduellio
773 2408 905 2450 proprie
921 2408 1043 2439 crimen
1071 2406 1143 2437 laesae
1160 2404 1336 2446 majestatis.
1382 2402 1497 2433 Homi-

201 2456 325 2489 cidium
336 2465 445 2488 autem
472 2455 719 2498 complee‘titum
750 2465 825 2485 nam
848 2453 903 2493 qui
927 2452 1030 2484 civem
1054 2449 1216 2487 interficit,
1241 2456 1335 2479 contra
1358 2451 1498 2478 civitatem

200 2510 323 2545 peccat.
368 2502 423 2543 (5)
453 2501 502 2532 Sic
529 2512 602 2532 cnm
623 2498 892 2531 Drakenborchio
917 2498 1024 2528 locum
1049 2494 1344 2536 interpungendum
1369 2492 1497 2522 oensem

203 2555 294 2590 patet
311 2546 408 2584 enim,
430 2557 468 2577 ex
495 2545 570 2588 legis
596 2545 692 2586 ipsius
709 2543 859 2579 carmine,
885 2544 974 2582 quod
1004 2542 1044 2572 de
1070 2539 1213 2571 creandis
1230 2536 1409 2569 duumviris
1435 2536 1500 2577 lege

201 2599 335 2623 cautum
351 2590 422 2622 fuit.
446 2593 480 2621 E.
504 2591 558 2632 (6)
573 2590 647 2621 Vid.
660 2597 725 2621 not.
745 2599 794 2619 11.
811 2588 852 2620 ad
876 2598 943 2628 cap.
966 2596 1016 2624 24.
1031 2585 1135 2627 supra.
1159 2585 1212 2625 (7)
1231 2584 1356 2624 Infelices
1371 2581 1500 2612 arbores

204 2638 294 2677 apud
310 2636 460 2676 antiquos
480 2635 695 2671 habebantur,
718 2644 786 2674 quae
810 2634 881 2663 nihil
894 2635 1010 2673 ferunt,
1031 2643 1076 2661 nec
1087 2632 1225 2670 strzmtnr
1240 2640 1366 2668 unquam.
1416 2624 1498 2655 Plin.

205 2681 319 2718 Plures
335 2689 443 2716 tamen
459 2679 651 2724 interpretes
668 2677 721 2712 hic
738 2689 796 2721 per
814 2679 948 2722 &filicem
964 2677 1088 2711 arborem
1105 2672 1288 2717 intelligunt
1306 2670 1442 2713 stipitem
1465 2677 1501 2697 ex

1437 2722 1501 2753 qilQ
