1853 3158
211 270 291 310 144

208 1358 242 1387 V
240 1359 265 1386 in
271 1364 333 1388 cunt
349 1358 406 1388 Ro-

208 1405 296 1433 mani-

898 263 951 304 T.
1013 262 1270 306 LIVII

490 375 542 416 X.
580 377 828 418 Procedente
849 378 996 419 deinde
1017 379 1251 429 certamine,
1283 394 1413 433 quum
1447 379 1534 420 aliis
1555 382 1733 434 partibus

431 434 696 488 multitudo†
727 435 931 489 superaret
965 437 1223 488 Latinorum,
1257 439 1442 478 Manlius
1478 439 1633 489 consul,
1664 456 1735 482 au·

430 491 517 532 dito
549 503 698 533 eventu
719 495 898 549 collegae,
931 508 1076 548 quum,
1107 505 1152 536 ut
1168 497 1236 551 jus
1257 495 1396 550 fasque
1429 506 1529 546 erat,
1557 498 1731 540 lacrimis

430 563 514 589 non
535 549 672 591 minus
704 566 827 606 quam
848 552 1034 594 laudibus
1054 554 1198 594 debitis
1220 554 1455 608 prosecutus
1474 563 1558 594 tam
1578 569 1733 596 memo-

429 606 597 649 rabilem
625 620 799 650 mortem
820 611 940 660 effet3
971 611 1184 666 paullisper
1204 612 1467 661 addubitavit,
1498 626 1549 652 an
1570 614 1734 653 consur-

428 667 551 719 gendi
567 667 655 722 jam
685 668 831 709 triariis
851 678 1012 723 tempus
1035 670 1152 710 esset:
1183 670 1344 719 deinde,
1376 668 1522 710 melius
1544 681 1654 711 ratus
1671 671 1732 711 in-

428 733 563 779 tegros
584 739 653 766 eos
675 727 724 766 ad
746 726 935 767 ultimum
957 727 1172 768 discrimen
1193 726 1355 779 servari,
1386 728 1573 769 accensos
1591 729 1640 768 ab
1657 744 1731 769 no->

426 782 579 823 viffim‘a
599 784 684 824 acie
706 793 797 824 ante
815 785 922 840 signa
942 785 1160 840 procedere
1176 784 1307 840 jubet.
1369 786 1454 844 Qi
1470 785 1538 826 ubi
1560 785 1731 836 subiere,

424 843 631 895 externplo
653 842 804 891 Latini,
834 852 1027 896 tanquam
1056 843 1165 883 idem
1200 842 1413 883 adversarii
1434 843 1629 895 feciffent‚
1661 845 1733 884 tri·

426 898 531 938 arios
568 899 658 939 suos
695 901 997 941 excitaverunt:
1046 901 1116 954 qui
1153 900 1403 954 aliquamdiu
1435 901 1572 956 pugna
1603 903 1730 942 atroci

424 970 555 1009 quum
580 960 617 998 &
639 958 763 998 semet
781 965 804 1009 †
819 959 888 1012 ipsi
916 957 1157 1014 fatigassent,
1182 961 1219 999 &
1238 958 1369 999 hastas
1391 968 1460 999 aut
1481 962 1545 1012 (1)
1564 959 1731 1014 praefre-

424 1014 584 1068 giffent‚
606 1025 675 1054 aut
696 1015 957 1066 hebetassent‚
980 1017 1176 1070 pellerent
1196 1017 1234 1056 vi
1256 1027 1393 1057 tamen
1414 1016 1590 1068 hostem,
1620 1023 1646 1070 †
1661 1019 1731 1058 de-

424 1070 618 1110 bellatum
646 1073 731 1126 jam
767 1073 858 1124 rati,
890 1084 1210 1127 perventumque
1244 1076 1293 1114 ad
1325 1085 1548 1115 extremam
1570 1076 1730 1125 aciem3

425 1138 513 1168 tum
532 1129 671 1168 consul
688 1129 851 1179 triariis,
885 1130 1099 1184 Consurgite
1115 1147 1227 1184 nunc,
1259 1133 1406 1186 inquit,
1437 1134 1574 1187 integri
1593 1133 1731 1173 adver-

423 1184 621 1242 sicsfiſjbs,
654 1202 826 1226 memores
852 1189 988 1240 patriae
1001 1198 1272 1242 parentumque
1295 1191 1347 1232 ΕΞ*
1366 1192 1560 1245 conjugum
1580 1207 1625 1230 ac
1642 1191 1728 1230 libe-

425 1260 553 1284 rorum
568 1267 583 1291 ,·
617 1261 787 1285 memores
818 1245 968 1299 consulis
994 1255 1065 1298 pro
1096 1246 1219 1300 vfstrd
1255 1249 1414 1288 -υἱὲἳονίἄ
1444 1258 1558 1288 morte
1588 1264 1729 1289 occum-

424 1303 554 1344 bentis.
614 1303 702 1343 Ubi
735 1303 860 1342 triarii
883 1303 1221 1343 consurrexerunt
1243 1304 1404 1359 integri,
1434 1306 1731 1360 refulgentibus

425 1361 563 1413 armis,
594 1375 699 1401 nova
731 1376 779 1401 ex
803 1361 1018 1415 improviso
1039 1370 1178 1401 exorta
1198 1362 1317 1410 acies,
1349 1363 1520 1416 receptis
1543 1364 1585 1402 in
1606 1364 1732 1404 inter-

425 1420 526 1458 valla
547 1419 738 1459 ordinum
753 1419 1008 1473 antepilanis,
1023 1420 1199 1459 clamore
1217 1419 1373 1459 sublato
1393 1426 1419 1473 †
1438 1420 1635 1475 principia
1651 1422 1731 1463 La-

426 1477 604 1517 tinorum
639 1477 888 1531 perturbant.
927 1477 1127 1531 hastisque
1161 1492 1230 1517 ora
1266 1477 1482 1527 fodientes,
1513 1479 1646 1532 primo
1666 1494 1731 1519 ro-

423 1534 520 1575 bore
541 1536 721 1575 virorum
744 1535 862 1585 caeso,
894 1550 965 1589 per
992 1536 1090 1575 alios
1121 1536 1366 1590 manipulos,
1396 1537 1506 1576 velut
1537 1537 1729 1588 inermes,

424 1591 551 1648 prope
573 1594 716 1634 intaffl
747 1593 928 1642 evasere3
961 1592 1153 1647 tantaque
1189 1595 1298 1634 caede
1319 1608 1536 1648 perrupere
1568 1597 1734 1645 euneos,

426 1661 471 1690 ut
491 1653 557 1691 vix
580 1662 764 1706 quartam
797 1661 953 1706 partem
983 1652 1259 1706 relinquerent
1279 1652 1470 1693 hostium.
1530 1652 1733 1693 Samnites

424 1723 606 1762 quoque,
638 1710 709 1750 sub
731 1710 932 1750 radicibus
954 1710 1104 1750 montis
1126 1711 1267 1764 procul
1289 1710 1490 1760 instrucffi,
1521 1710 1730 1764 praebuere

424 1776 622 1807 terrorem
663 1769 831 1811 Latinis,
895 1766 1092 1809 Ceterum
1129 1769 1232 1807 inter
1263 1782 1405 1808 omnes
1442 1769 1547 1808 cives
1588 1768 1731 1808 socios-

425 1839 504 1878 que
526 1828 588 1880 (2)
610 1826 812 1880 praecipua
834 1827 920 1865 laus
942 1827 1028 1881 ejus
1047 1825 1141 1865 belli
1159 1839 1280 1879 penes
1295 1826 1477 1866 consules
1495 1826 1596 1866 fuit:
1629 1841 1731 1879 quo-

425 1897 515 1922 rum
545 1885 645 1923 alter
666 1898 807 1924 omnes
830 1885 959 1923 minas
981 1884 1240 1937 periculaque
1272 1883 1320 1923 ab
1339 1884 1431 1923 Diis
1453 1884 1605 1937 superis
1627 1883 1731 1923 infe-

426 1940 557 1994 risque
588 1942 628 1980 in
663 1942 701 1982 se
730 1956 858 1981 unum
879 1942 1022 1981 vertit:
1054 1943 1152 1981 alter
1181 1943 1227 1981 ea
1248 1942 1395 1981 virtute
1415 1955 1544 1995 eoque
1566 1941 1730 1981 consilio

426 1999 468 2038 in
501 2000 647 2052 proelio
682 1999 775 2049 fuit,
808 2010 852 2039 ut
885 1998 1001 2039 facile
1025 2000 1258 2039 convenerit
1274 2000 1383 2039 inter
1416 2000 1627 2039 Romanos
1649 1999 1729 2039 La-

427 2056 626 2110 tinosque,
659 2058 728 2110 qui
750 2059 837 2113 ejus
854 2072 1002 2112 pugnae
1022 2058 1258 2096 memoriam
1276 2057 1443 2111 posteris
1459 2057 1731 2108 tradiderunt,

427 2115 556 2154 utrius
578 2116 701 2168 partis
722 2116 774 2154 T.
808 2116 992 2155 Manlius
1025 2116 1107 2154 dux
1129 2114 1277 2165 fuifl'et,
1307 2117 1395 2170 ejus
1417 2114 1597 2153 futuram
1619 2113 1728 2154 haud

426 2171 548 2212 dubie
568 2173 681 2212 fuiss'e
702 2173 928 2212 viftoriam.
989 2172 1126 2225 Latini
1143 2186 1190 2211 ex
1206 2172 1304 2227 fuga
1325 2173 1362 2212 se
1380 2173 1615 2212 Minturnas
1634 2186 1732 2212 con-

427 2231 620 2269 tulerunt.
658 2230 783 2270 castra
814 2237 838 2283 †
870 2228 1094 2270 secundum
1130 2230 1321 2283 proelium
1357 2240 1488 2284 capta,
1531 2230 1729 2283 multique

429 2289 617 2328 mortales
638 2287 691 2328 ibi
711 2288 789 2328 vivi
812 2288 994 2342 oppreffi,
1027 2287 1202 2327 maxime
1228 2289 1442 2342 Campani.
1502 2288 1623 2327 Decii
1640 2301 1729 2327 cor-

429 2360 504 2399 pus
526 2360 576 2385 ne
605 2360 653 2385 eo
681 2346 744 2386 die
766 2346 1030 2398 inveniretur,
1061 2360 1141 2385 nox
1164 2356 1390 2398 quaerentes
1418 2346 1617 2400 oppreffit.
1641 2345 1732 2400 pos-

429 2413 516 2443 tero
536 2404 601 2444 die
623 2405 833 2444 inventum
855 2405 958 2443 inter
979 2404 1199 2443 maximam
1220 2403 1397 2444 hostium
1419 2403 1606 2460 stragem,
1635 2417 1731 2442 coo-

1568 2470 1728 2516 pertum

477 2580 512 2610 C⁴
529 2589 582 2610 10.
607 2578 663 2620 (1)
687 2577 758 2609 Hac
770 2589 851 2610 voce
868 2579 973 2610 noster
996 2578 1100 2610 utitur
1112 2579 1208 2610 etiam
1219 2579 1305 2611 infra
1317 2578 1335 2609 l.
1351 2588 1402 2617 27.
1418 2587 1507 2618 c.33.
1529 2577 1550 2608 l.
1569 2586 1618 2617 32.
1635 2588 1661 2608 c.
1680 2586 1731 2617 17.

430 2624 487 2665 (2)
510 2624 677 2660 Samnites,
699 2624 739 2654 de
767 2624 886 2664 quibus
915 2626 1014 2655 modo
1042 2625 1167 2655 dietum
1184 2625 1237 2662 est,
1259 2624 1424 2665 intellige3
1448 2625 1479 2654 8<
1496 2624 1579 2654 forte
1595 2622 1730 2654 Latino-

432 2680 505 2699 rum
528 2671 720 2705 Laurentes,
742 2669 1051 2710 Campanorumque
1067 2669 1202 2711 equites,
1225 2669 1281 2710 qui
1306 2680 1373 2700 non
1389 2668 1603 2703 desciverant,
1625 2674 1661 2698 ut
1676 2667 1732 2698 Li-

432 2713 504 2744 vius
527 2725 598 2755 cap.
620 2715 682 2755 seq.
698 2715 801 2744 docet.
847 2715 962 2745 Sensus
978 2715 1029 2750 est,
1054 2713 1087 2744 in
1100 2714 1242 2745 exercitu
1260 2716 1410 2745 Romano
1425 2711 1587 2743 neminem
1610 2711 1733 2742 civium

411 2757 658 2799 ‘sociorumque
689 2760 844 2800 majorem
877 2760 1005 2790 laudem
1049 2759 1265 2799 pxomeritum
1304 2758 1405 2795 fuiffe,
1437 2757 1536 2798 quam
1577 2756 1732 2789 consules.

1564 2802 1620 2844 (3)
1644 2802 1733 2832 eave
