1832 3137
392 282 675 325 LIBER
735 283 1011 326 1.·CAP.
1074 285 1230 327 XVIII.
1625 302 1678 343 29

173 395 294 436 fimus
327 395 400 443 vir,
432 404 477 434 ut
497 394 539 433 in
560 395 624 433 illa
657 394 867 461 quisquam
888 405 1002 436 aetate
1023 397 1096 436 effe
1129 402 1298 451 poterat,
1329 397 1459 437 om'ni*
1431 425 1461 438 s

173 453 309 494 divini
332 461 451 505 atque
490 452 658 492 humani
689 453 805 520 juris.
869 454 1094 494 Auctorem
1131 455 1326 495 doctrinm*
1360 457 1461 510 ejus,

173 511 266 565 quia
287 523 369 550 non
389 509 515 549 exstat
536 510 651 559 alius,
683 507 785 550 falso
807 509 989 550 Samium
1023 512 1277 567 Pythagoran
1313 514 1462 552 edi-:int

172 581 311 621 quem,
341 566 479 607 Servio
511 567 650 607 Tullio
682 577 874 622 regnante
910 568 1071 619 Romae,
1102 583 1264 610 centum
1296 573 1358 625 (1)
1379 586 1463 610 am-

172 623 278 679 plius
299 621 387 679 post
409 639 549 674 annos,
580 625 622 664 in
639 625 779 665 ultima
800 625 924 665 Italiae
945 627 1027 675 ora,
1049 627 1151 667 circa
1173 629 1463 681 Metapontum

171 683 494 736 Heracleamque
513 686 553 723 &
576 683 771 731 Crotona,
788 684 984 738 juvenum
1002 686 1278 724 aemulantium
1300 689 1362 740 (2)
1383 686 1464 725 stu·-

172 740 236 780 dia
269 750 400 780 coetus
435 740 611 781 habuisse
647 741 812 781 constat.
875 741 934 780 Ex
968 744 1031 796 (3)
1064 742 1208 794 quibus
1241 744 1355 793 locis,
1395 744 1464 783 etsi

170 797 350 852 ejusdem
371 798 497 838 aetatis
519 797 663 848 fuisset,
694 813 783 851 quae
806 800 868 853 (4)
889 798 996 838 fama
1018 800 1058 838 in
1080 799 1263 850 Sabinos,
1293 811 1361 840 aut
1383 815 1464 853 quo

170 855 320 910 linguae
355 856 614 906 commercio,
645 870 877 909 quenquam
910 857 959 896 ad
1000 857 1259 911 cupiditatem
1290 857 1464 897 discendi

172 913 399 962 exciviffet3
432 927 561 966 quove
595 914 775 968 praefidio
812 929 916 954 unus
937 928 1007 968 per
1032 924 1091 954 tot
1112 925 1265 970 gentes,
1297 915 1466 955 diffonas

173 970 354 1011 sermone
390 970 664 1024 moribusque,
696 972 959 1025 perveniffet?
991 972 1144 1026 Suopte
1180 973 1302 1038 igitur
1323 976 1384 1027 (5)
1406 974 1467 1011 in*

171 1029 292 1083 genio
305 1038 572 1082 temperatum
587 1029 768 1069 animum
780 1029 994 1069 virtutibus
1011 1030 1123 1070 fuiffe
1144 1032 1287 1084 opinor
1308 1031 1462 1085 magis·
1453 1061 1465 1079 ,

171 1085 496 1156 instruEturnque
532 1101 615 1127 non
649 1097 732 1126 tam
752 1088 972 1143 peregrinis
993 1088 1158 1137 artibus,
1194 1087 1316 1142 quam
1352 1089 1467 1128 disci-

173 1144 282 1197 plina
295 1142 435 1185 tetrica
455 1158 500 1184 ac
517 1145 617 1184 tristi
637 1155 818 1185 veterum
835 1145 1090 1186 Sabinorum.
1114 1161 1194 1199 quo
1216 1161 1360 1211 genere
1377 1148 1467 1186 nul-

173 1202 260 1240 lum
282 1203 487 1255 quondam
510 1202 779 1257 incorruptius
801 1203 891 1243 fuit.
954 1205 1108 1243 Audito
1123 1206 1285 1244 nomine
1301 1205 1468 1254 Numae,

172 1260 311 1299 Patres
345 1259 541 1311 Romani,
591 1275 823 1314 quanquam
857 1261 1038 1301 inclinari
1065 1276 1162 1315 opes
1197 1264 1246 1302 ad
1281 1261 1466 1313 Sabinos,

174 1331 268 1371 rege
285 1318 377 1357 inde
395 1317 570 1372 sumpto,
591 1318 842 1367 videbantur,
865 1330 1013 1369 tamen,
1036 1333 1166 1372 neque
1183 1320 1223 1360 se
1243 1320 1467 1373 quisquam,

174 1388 250 1415 nec
272 1374 460 1415 faCtionis
482 1376 563 1415 suae
583 1377 723 1426 alium,
756 1391 827 1416 nec
849 1378 1021 1430 denique
1043 1379 1208 1418 Patrum
1230 1388 1298 1417 aut
1319 1378 1467 1417 civium

173 1446 408 1486 quenquam
437 1433 624 1487 proeferre
646 1435 702 1472 illi
722 1435 807 1473 viro
829 1436 963 1485 aufi,
946 1436 996 1474 ad
1017 1449 1145 1474 unum
1166 1450 1306 1475 omnes
1319 1435 1469 1476 Numae
1488 1444 1526 1475 U.
1541 1454 1565 1475 c
1584 1452 1632 1484 39

174 1490 375 1544 Pompilio
392 1505 562 1545 regnum
583 1491 846 1531 deferendum
868 1493 1101 1532 decernunt.
1164 1495 1349 1544 Accitus,
1372 1494 1468 1533 sicut
1486 1491 1527 1519 A.
1548 1490 1582 1519 C.
1602 1496 1662 1526 713

177 1547 382 1588 Romulus
419 1546 615 1603 augurato
653 1549 750 1588 urbe
787 1551 994 1590 condenda
1016 1565 1186 1604 regnum
1208 1552 1375 1604 adeptus
1395 1551 1467 1601 est,
1486 1535 1607 1610 §⁰52
1595 1538 1664 1563 Ἥ(

175 1606 226 1644 de
248 1604 285 1645 se
322 1620 483 1658 quoque
504 1606 617 1645 Deos
650 1607 802 1646 consuli
831 1607 950 1661 juflit.
990 1608 1081 1647 inde
1117 1608 1166 1648 ab
1203 1623 1353 1663 augure
1385 1609 1468 1663 (cui

176 1663 336 1712 deinde,
366 1662 530 1702 honoris
552 1677 663 1717 ergo,
693 1663 900 1717 publicum
922 1665 962 1704 id
992 1675 1312 1719 perpetuumque
1343 1666 1470 1706 sacer—

176 1720 333 1759 dotium
355 1719 450 1774 fuit)
483 1721 713 1761 deductus
704 1736 745 1760 in
766 1736 917 1772 arcem,
948 1722 988 1761 in
1025 1723 1154 1777 lapide
1175 1725 1225 1763 ad
1260 1725 1470 1765 meridiem

176 1777 311 1817 versus
326 1777 515 1817 consedit.
578 1779 724 1833 Augur
746 1780 795 1819 ad
812 1781 952 1819 laevam
973 1781 1077 1835 ejus,
1099 1782 1227 1835 capite
1244 1783 1390 1832 velato,
1413 1782 1469 1822 sea-

177 1835 271 1875 dem
291 1836 414 1889 cepit,
446 1837 584 1876 dextra
605 1850 727 1876 manu
748 1836 938 1877 baculum
965 1838 1042 1877 fine
1063 1841 1171 1878 nodo
1193 1840 1395 1879 aduncum
1412 1850 1470 1880 te-

178 1906 292 1942 nens,
325 1907 446 1947 quem
468 1894 613 1933 lituum
635 1896 947 1948 appellaverunt.
971 1896 1061 1935 inde
1084 1897 1166 1945 ubi,
1198 1897 1437 1961 prospectu
1428 1912 1469 1937 m

182 1950 322 1990 urbem
355 1966 577 2006 agrumque
610 1963 741 2005 capto,
772 1952 885 1993 Deos
906 1963 1105 2006 precatus,
1135 1956 1197 2009 (6)
1218 1956 1399 2009 regiones
1422 1955 1471 1996 ab

179 2008 332 2048 oriente
354 2010 403 2048 ad
424 2009 610 2049 occasum
631 2010 936 2060 determinavit3
968 2012 1126 2052 dextras
1147 2015 1209 2066 (7)
1230 2014 1279 2052 ad
1310 2013 1471 2053 meridi-

180 2079 247 2105 em
278 2077 426 2120 partes,
458 2068 574 2106 laevas
607 2068 656 2106 ad
688 2067 998 2121 septentrionem
1031 2070 1105 2109 effe
1127 2070 1240 2109 dixit.
1299 2070 1471 2125 Signum

182 2122 421 2177 (8)contr?1,
467 2139 549 2178 quo
586 2123 806 2180 longissime
842 2126 1103 2180 conspectum
1136 2127 1243 2167 oculi
1276 2108 1472 2179 fereobant,

1336 2187 1471 2226 animo

214 2301 250 2332 C.
264 2300 313 2332 18.
329 2300 384 2342 (1)
400 2301 430 2332 h.
443 2313 468 2333 c.
480 2308 619 2340 centum,
629 2303 679 2334 vel
691 2303 810 2344 plnres,
825 2313 925 2334 annos
939 2303 1018 2345 possg
1035 2303 1228 2334 constructio
1241 2304 1327 2345 apud
1340 2302 1473 2335 Livium

181 2346 384 2377 creberrima.
430 2347 484 2388 (2)
509 2348 735 2389 Placitaipsius
748 2348 975 2385 aemulantiurn,
998 2350 1028 2379 ἃ
1040 2348 1375 2389 1ὲᾶ3ιῑιΐεςπῃῐ1331
1421 2349 1471 2379 Sic

181 2389 281 2420 etiam
297 2390 412 2422 Cicero
428 2392 584 2432 loquitur,
599 2403 661 2433 pro
679 2395 769 2423 Mur
786 2404 810 2423 c.
830 2403 879 2434 29.
898 2394 1021 2424 &Tae
1038 2394 1057 2423 1.
1069 2403 1097 2432 3
1115 2393 1179 2423 hist
1191 2405 1215 2424 c.
1235 2395 1285 2424 81.
1329 2394 1384 2434 (3)
1395 2394 1471 2424 Haec

184 2442 373 2476 argumenta
395 2436 566 2474 examinat,
592 2439 624 2468 &c
645 2437 768 2468 minimi
786 2438 937 2479 ponderis
954 2438 1013 2469 esle
1031 2438 1223 2480 pronunciat
1236 2438 1351 2468 Florid.
1368 2438 1474 2469 Sabin

184 2479 203 2509 1.
232 2489 386 2518 1.c.13.
432 2483 471 2511 Et
488 2483 608 2513 constat
625 2482 754 2522 quidem
771 2494 808 2513 ex
823 2483 892 2524 ipso
908 2482 1004 2514 Livio
1020 2484 1108 2524 quod
1125 2493 1189 2513 non
1221 2483 1275 2514 diu
1302 2483 1370 2524 post
1388 2494 1475 2524 reges
1508 2488 1537 2518 ἢ

184 2524 302 2565 ejectos
319 2535 386 2555 non
402 2524 578 2557 mV01sco
593 2528 702 2565 modo,
725 2528 805 2558 sed
795 2529 821 2557 ἵε
838 2530 955 2559 Cumas
973 2530 1081 2559 Graecz
1077 2528 1260 2565 murbem,
1282 2528 1401 2569 legatos
1417 2527 1476 2557 mi·

185 2569 215 2599 se
218 2568 302 2606 rint3
325 2569 434 2607 immo,
455 2571 578 2611 Tarqui
582 2571 636 2602 nio
653 2573 799 2613 Superbo
820 2573 925 2604 adhuc
942 2581 1106 2615 regnante,
1135 2573 1287 2614 Delphos.
1332 2573 1387 2614 (4)
1404 2575 1476 2615 Qu

175 2616 276 2653 sama,
298 2617 325 2643 in
354 2615 453 2645 Sabim
431 2629 467 2645 ms
494 2616 592 2656 usque
617 2617 751 2657 perlata,
773 2617 931 2648 exciviss'et
957 2629 1160 2658 qucnquam3
1183 2626 1238 2648 aut
1266 2628 1332 2658 quo
1359 2617 1475 2658 lingue

186 2658 387 2689 commercio.
432 2660 487 2700 (5)
510 2662 545 2690 In
543 2674 584 2702 gel
582 2664 623 2690 viu
624 2674 649 2690 m
667 2661 709 2692 est
724 2662 757 2692 id
774 2663 862 2703 quod
878 2662 1056 2704 ingenitum
1072 2663 1122 2693 est.
1168 2664 1223 2713 (2⁶)
1245 2665 1347 2704 Regim
1331 2676 1374 2692 nse
1391 2662 1476 2692 inter

185 2713 266 2742 quas
283 2703 336 2734 sibi
365 2704 503 2744 auspicia
526 2705 611 2735 mitti
627 2706 749 2746 postula
753 2715 809 2737 ret
853 2708 908 2748 (7)
933 2707 1022 2738 Facie
1036 2708 1072 2738 sc.
1090 2708 1122 2737 in
1139 2708 1297 2738 clientem
1321 2706 1419 2739 veria
1445 2711 1474 2734 όι

188 2748 313 2779 {olims
306 2749 357 2789 qiu
363 2749 433 2779 dem
451 2760 549 2782 more
593 2752 628 2791 (ὅ
624 2756 648 2790 )
672 2753 717 2783 Ex
742 2752 875 2784 adverso
892 2753 1072 2784 οϋῑεηανλπ
1101 2752 1243 2794 aliquid
1238 2751 1313 2794 ignfi
1298 2762 1366 2788 ΤΒ
1388 2752 1475 2789 qaod

1392 2805 1472 2825 ,11Ιίἷὸ
