1853 3158
280 288 363 330 LI
395 289 426 329 B
458 289 490 329 E
522 289 561 328 R
619 279 714 325 VII.
772 285 807 326 C
840 286 879 326 A
909 284 955 326 P.
1018 284 1213 327 XXXIII.
1535 297 1607 326 111

115 402 208 444 Diis
226 406 307 444 bene
310 405 549 460 juvantibus,
580 416 712 440 novum
733 409 840 455 atque
860 407 883 454 †
903 403 1087 456 integrum
1106 401 1149 441 de
1171 399 1394 441 Samnitibus

117 463 343 514 triumphum
368 475 499 501 mecum
513 461 636 512 petite.

172 520 368 559 XXXIII.
399 518 493 557 Non
515 515 610 555 alias
632 515 747 554 militi
777 515 1010 556 familiarior
1031 518 1112 556 dux
1140 515 1234 566 fuit,
1262 514 1396 554 omnia
1418 518 1551 549 Valerius
1599 561 1606 569 p

116 576 219 615 inter
254 576 411 616 infimos
431 574 604 613 militum
624 573 733 612 haud
753 572 913 626 gravate
933 574 1070 612 munia
1089 573 1289 612 obeundo.
1350 572 1398 611 In
1416 563 1619 638 ffffflfffff‘

115 635 212 674 ludo
245 642 429 688 praeterea
459 631 637 681 militari,
666 643 791 683 quum
813 631 1030 670 velocitatis
1051 630 1275 683 viriumque
1297 631 1399 669 inter
1417 620 1503 683 (ἔξω
1514 618 1571 638 '⁷¹²¹
1585 618 1597 635 ⁸

116 690 154 730 se
188 692 356 744 aequales
390 689 606 728 certamina
641 688 795 735 ineunt,
826 689 994 726 comiter
1029 687 1156 726 facilis
1176 688 1333 727 vincere
1353 700 1400 728 ac

115 749 220 787 vinci
240 749 351 787 vultu
372 747 539 794 eodem;
572 760 644 785 nec
679 759 907 799 quenquam
945 744 1142 798 aspernari
1164 746 1225 797 (1)
1247 759 1399 798 parem,

118 805 245 858 quise
266 804 451 852 offerret3
484 803 601 843 faffis
629 802 826 857 benignus
861 805 920 856 (2)
954 817 1025 855 pro
1055 816 1113 851 re,
1144 801 1262 840 dietis
1294 801 1402 841 haud

118 862 250 901 minus
282 861 473 901 libertatis
506 862 659 909 alienae,
711 859 832 913 quarn
865 860 942 899 suae
970 859 1191 913 dignitatis,
1223 872 1401 898 memor:

119 921 174 966 &,
205 933 286 971 quo
314 918 413 957 nihil
444 920 673 972 popularius
694 918 765 967 est,
796 920 858 971 (3)
880 916 1024 970 quibus
1057 915 1205 955 artibus
1237 915 1403 968 petierat
1506 917 1530 963 ’ξ’

114 977 379 1030 magistratus,
411 977 548 1015 iisdem
569 975 741 1031 gerebat.
802 975 942 1027 Itaque
963 973 1167 1013 universus
1190 973 1402 1021 exercitus,

115 1033 337 1073 incredibili
358 1034 557 1073 alacritate
576 1033 895 1073 adhortationem
912 1031 1143 1085 prosecutus
1171 1031 1300 1081 ducis,
1322 1030 1404 1071 cas-

115 1090 186 1130 tris
205 1091 418 1145 egreditur.
478 1091 690 1141 Proelium,
718 1100 761 1129 ut
782 1091 890 1143 quod
911 1087 1083 1128 maxime
1105 1103 1298 1141 unquam,
1320 1088 1404 1141 pari
1423 1106 1554 1136 Proelium

117 1147 196 1201 spe,
227 1149 414 1201 utrinque
447 1148 571 1201 aequis
606 1148 772 1198 viribus,
804 1162 897 1187 cum
926 1145 1071 1186 fiducia
1094 1145 1167 1196 sui,
1198 1146 1275 1184 fine
1309 1160 1405 1185 con·
1422 1164 1480 1181 cum
1497 1150 1607 1181 Samni-

117 1215 274 1258 temptu
303 1206 492 1254 hostium,
523 1206 773 1246 commiffum
805 1204 873 1243 est.
933 1203 1179 1243 Samnitibus
1213 1202 1405 1243 ferociam
1423 1197 1494 1227 ‘²⁴⁶⁸'
1510 1202 1601 1226 ΨΜ·

117 1263 315 1317 augebant
356 1278 468 1304 novae
509 1277 571 1302 res
606 1263 723 1317 gestae
758 1264 794 1301 &
818 1276 966 1314 paucos
989 1270 1078 1300 ante
1099 1261 1182 1300 dies
1204 1261 1406 1315 geminata

118 1321 284 1361 vffiioria
306 1324 392 1375 (4);
425 1320 621 1359 Romanis
643 1319 783 1359 contra
803 1320 1187 1372 quadringentorum
1209 1333 1406 1358 annorum

118 1380 278 1429 decora,
312 1381 349 1417 ἃ
384 1378 554 1418 conditae
589 1377 676 1417 urbi
698 1383 721 1428 †
741 1377 905 1429 aequalis
929 1376 1120 1416 vidioria:
1152 1375 1327 1429 utrisque
1350 1385 1408 1415 ta-

119 1450 212 1475 men
234 1450 360 1476 novus
375 1435 496 1474 hostis
517 1449 655 1475 curam
671 1434 851 1474 addebat.
874 1448 1008 1489 pugna
1025 1433 1172 1473 indicio
1194 1433 1285 1484 fuit,
1307 1448 1408 1487 quos

118 1494 302 1547 gesserint
324 1492 489 1533 animos.
513 1507 686 1546 namque
709 1493 761 1531 ita
783 1492 1064 1540 conflixerunt,
1096 1501 1139 1530 ut
1161 1491 1408 1544 aliquamdiu

119 1552 161 1589 in
194 1560 376 1589 neutram
407 1560 559 1603 partem
581 1551 817 1589 inclinarent
838 1550 952 1589 acies.
1012 1549 1123 1588 Tum
1145 1549 1298 1599 consul,
1330 1559 1409 1588 tre-

119 1608 394 1661 pidationnem
429 1608 684 1661 injiciendam
715 1616 839 1655 ratus,
871 1608 1031 1659 quando
1052 1607 1090 1645 vi
1112 1606 1204 1658 pelli
1234 1621 1315 1645 non
1336 1621 1408 1660 po-

119 1675 264 1716 terant,
295 1665 495 1718 equitibus
529 1664 705 1704 immissis
740 1664 899 1703 turbare
930 1664 1059 1716 prima
1096 1665 1201 1717 ligna
1233 1663 1408 1703 hostium

118 1733 298 1763 conatur.
340 1736 440 1774 quos
477 1721 544 1760 ubi
579 1721 850 1774 nequicquam
889 1722 1182 1760 tumultuantes
1204 1721 1245 1758 in
1280 1721 1406 1774 spatio

118 1781 263 1834 exiguo
297 1782 358 1833 (5)
392 1780 556 1827 volvere
584 1788 735 1818 turmas
775 1778 887 1826 vidit,
919 1792 991 1817 nec
1033 1778 1137 1831 posse
1179 1779 1330 1831 aperire
1366 1779 1408 1819 in

120 1837 250 1877 hostes
271 1837 390 1885 viam,
422 1836 605 1876 revectus
639 1836 688 1875 ad
723 1836 996 1890 antesignanos
1029 1836 1249 1889 legionum,
1281 1851 1409 1889 quum

121 1895 328 1935 desiluisset
362 1908 410 1933 ex
447 1908 566 1947 equo,
598 1893 788 1948 Nqstrum,
821 1893 966 1946 inquit,
1009 1895 1071 1946 (6)
1103 1893 1267 1945 peditum
1300 1895 1409 1946 illud,

122 1953 270 2003 milites,
301 1952 346 2008 cst
380 1962 476 2004 opus.
508 1951 706 2005 agitedum,
739 1960 780 1989 ut
812 1966 866 1989 me
900 1951 1084 1998 videritis,
1116 1952 1332 2004 qudcunque
1351 1954 1410 1990 in-

120 2011 239 2065 cff’ro
260 2013 320 2063 (7)
350 2010 387 2047 in
418 2010 529 2048 aciem
561 2008 722 2064 hqstium,
735 2008 847 2064 ferro
868 2010 969 2047 viam
976 2008 1194 2063 facientem,
1208 2008 1268 2062 stc
1281 2019 1350 2061 pro
1367 2010 1411 2062 β’

122 2068 266 2122 qch'sque
297 2068 413 2106 obvios
430 2066 600 2121 sternite.
663 2066 734 2104 Illa
765 2067 901 2116 omnia,
932 2073 955 2118 †
986 2067 1062 2118 qud
1082 2081 1178 2104 nunc
1198 2070 1319 2104 ereHae
1340 2069 1409 2105 mi-

121 2134 208 2163 cant
235 2124 352 2179 hqstae,
374 2124 561 2179 patcficffa
584 2123 717 2178 strage
741 2124 846 2178 ‹1141stAE
867 2125 1031 2162 cernetis.
1094 2123 1195 2162 Haec
1217 2126 1279 2176 (8)
1300 2124 1410 2164 dicffht

121 2181 299 2233 dederat,
330 2195 456 2234 quum
488 2181 642 2234 equites
675 2180 846 2221 consulis
863 2181 970 2236 jufl'u
1003 2180 1229 2220 discurrunt
1260 2181 1302 2220 in
1322 2196 1411 2221 cor-

1330 2254 1412 2279 nua

167 2357 203 2387 C.
222 2364 272 2394 33.
296 2355 360 2384 Par
381 2353 462 2395 saepe
478 2366 538 2396 pro
563 2354 757 2391 adversario,
779 2354 985 2397 antagoniffli,
1020 2354 1232 2397 competitore
1260 2356 1409 2387 sumitur.

121 2399 171 2430 Sic
200 2398 285 2430 Infra]
310 2399 329 2429 l.
359 2408 408 2430 22.
435 2410 464 2430 C.
494 2410 543 2438 35.
566 2403 724 2442 parmagis
750 2403 778 2429 in
795 2403 1002 2440 advmsandum,
1023 2402 1102 2442 quim
1119 2403 1227 2442 colliga.
1272 2401 1328 2441 (2)
1346 2403 1410 2431 Pro

122 2444 213 2475 varia
230 2454 348 2480 rerum,
363 2450 556 2483 temporum,
579 2445 851 2485 personarumque
863 2445 995 2476 ratione.
1045 2445 1115 2477 Cic.
1128 2453 1180 2486 pro
1192 2459 1221 2475 re
1236 2446 1303 2474 nati
1320 2444 1410 2475 dixit.

121 2490 176 2529 (3)
202 2490 324 2520 Confer
346 2488 418 2517 Sall.
440 2488 473 2517 in
497 2490 566 2529 Jug.
594 2500 622 2518 c.
653 2489 705 2527 85.
726 2491 866 2529 plerqfque
896 2503 945 2518 non
973 2492 1065 2530 iffdem
1092 2492 1199 2519 artibus
1232 2492 1409 2530 imperiuma

122 2535 199 2564 vobis
219 2541 323 2574 petere,
348 2534 395 2569 ΕΒ),
417 2533 554 2574 prstqmzm
579 2536 671 2573 adepti
687 2536 764 2572 sunt,
781 2546 889 2574 gerere.
908 2535 939 2563 E.
987 2535 1042 2575 (4)
1069 2535 1114 2564 Sc.
1138 2545 1235 2573 quam
1251 2544 1355 2574 nuper
1371 2545 1411 2565 ex

125 2577 297 2618 Campanis
315 2585 568 2617 reportaverant.
612 2578 666 2617 (5)
682 2578 781 2607 Haud
798 2577 869 2607 satis
887 2577 979 2618 spatii
993 2585 1062 2608 erat
1075 2579 1237 2619 equitibus
1256 2580 1409 2610 Romanis

125 2624 166 2652 ad
191 2622 392 2663 explicandas
420 2629 549 2651 turmas.
567 2623 604 2652 E.
643 2623 699 2661 (ὁ)
721 2621 795 2651 Vid.
820 2630 885 2652 not.
914 2631 939 2659 7.
958 2623 998 2652 ad
1022 2633 1049 2653 c.
1077 2633 1105 2663 9.
1128 2623 1232 2663 supra.
1282 2624 1336 2663 (7)
1360 2624 1409 2654 Sic

124 2666 208 2696 infra⁴
225 2667 248 2697 l.
267 2666 293 2697 8.
314 2678 339 2697 c.
357 2666 383 2696 8.
400 2679 498 2705 imoque
513 2669 658 2695 continente
674 2669 781 2707 agmine
797 2669 824 2696 in
841 2667 934 2708 ι’)ςβεῃι
951 2669 1114 2698 incedebant.
1160 2668 1215 2707 (8)
1240 2669 1327 2697 Difla
1343 2670 1409 2698 dare

127 2720 185 2751 pro
198 2711 311 2743 dicere.
344 2710 445 2752 Supra
463 2711 481 2740 l.
501 2720 528 2750 3.
544 2722 569 2741 c.
591 2711 639 2742 61.
656 2720 782 2742 necnon
796 2710 880 2742 infra
895 2711 915 2743 l.
930 2721 981 2744 22.
997 2723 1022 2742 c-
1034 2721 1090 2750 50.
1105 2712 1159 2744 ubi
1177 2711 1408 2744 hemistichium

1330 2756 1410 2787 illud
