1853 3158
146 296 227 334 242

155 895 260 934 Anceps
266 904 340 935 proe-

151 940 216 967 lium
233 951 289 968 cum

151 982 329 1014 Samnitibus.

148 2060 250 2091 Fabius
268 2062 328 2090 Pa-

143 2108 252 2146 pirium
263 2109 351 2135 diffla—

146 2156 231 2180 torem
243 2154 316 2181 dicit.

820 277 871 320 T.
932 278 1185 320 L1V11

368 396 544 449 cladisque
589 396 784 448 imaginem
820 396 880 448 (5)
914 392 1098 432 Furculas
1133 392 1322 433 Caudinas
1354 390 1645 434 memorabant.

368 453 491 492 elidem
522 454 723 491 temeritate
741 452 893 490 avidam
925 451 1136 490 ulteriorum
1151 452 1296 505 fi‘mper
1312 459 1454 504 gentem
1475 451 1513 488 in
1521 450 1648 504 saltus

369 512 487 550 invios
506 510 712 559 decluc‘lam,
729 509 873 564 fiptam
895 524 962 548 non
983 509 1129 563 hqstium
1157 510 1274 562 magis
1294 509 1425 555 armis,
1456 507 1568 561 qulzm
1597 507 1648 545 lo-

369 583 491 607 corum
513 568 783 621 iniquitatibus,
813 567 885 622 aeff’.
947 567 1037 618 Jam
1070 566 1260 620 gaudium
1298 564 1446 604 invidia
1477 562 1648 618 quadam

371 625 623 673 miscebatur,
646 625 757 677 quod
777 623 869 663 belli
888 623 1064 663 Romani
1086 625 1208 663 decus
1229 621 1277 661 ab
1299 621 1547 662 Samnitibus
1568 620 1651 660 for-

369 692 466 722 tuna
481 683 530 721 ad
553 682 740 721 Etruscos
762 680 967 721 avertisset.
989 681 1122 733 itaque
1145 680 1265 719 armis
1281 679 1452 733 virisque
1475 680 1523 718 ad
1539 678 1650 718 obte-

370 742 541 779 rendum
564 741 624 793 (6)
644 741 693 780 C.
710 739 913 778 Marcium
934 738 1137 778 consulem
1161 748 1434 785 concurrunt,
1466 736 1649 790 protinus

370 799 462 837 inde
482 797 684 836 Etruriam
706 811 776 850 per
797 796 956 836 Marsos
973 810 1017 835 ac
1038 795 1207 835 Sabinos
1220 793 1399 848 petituri,
1422 795 1447 833 fi
1469 794 1650 834 Marcius

370 855 585 895 dimicandi
607 855 843 908 potestatem
863 868 944 893 non
967 853 1098 892 faciat.
1163 851 1318 892 Obvius
1336 851 1383 891 iis
1400 852 1538 891 consul
1560 851 1651 891 fuit.

369 913 605 953 dimicatum
626 912 770 965 proelio
793 912 980 965 utrinque
1002 910 1144 960 atroci,
1176 919 1294 963 atque
1316 909 1469 949 incerto
1505 918 1650 948 eventu

369 970 437 1010 est.
477 973 513 1011 &
549 983 676 1022 quum
697 983 841 1021 anceps
875 969 1002 1008 caedes
1039 967 1185 1016 fuisset,
1217 966 1387 1006 adversae
1423 976 1559 1006 tamen
1594 966 1652 1005 rei

368 1028 476 1067 fama
498 1029 539 1066 in
561 1028 771 1065 Romanos
791 1031 815 1076 †
836 1026 965 1069 vertit,
997 1025 1048 1065 ob
1069 1026 1224 1065 amiffos
1246 1024 1437 1078 quosdam
1459 1023 1652 1077 equestriS

367 1085 533 1132 ordinis,
566 1081 824 1133 tribunosque
847 1082 1038 1131 militum,
1069 1092 1187 1135 atque
1223 1096 1349 1121 unum
1382 1083 1576 1136 legatum,
1609 1084 1651 1122 δε

368 1142 493 1194 (quod
525 1140 675 1194 insigne
710 1137 883 1178 maxime
916 1138 1011 1192 fuit)
1033 1139 1204 1179 consulis
1224 1140 1343 1193 ipsius
1362 1141 1521 1179 vulnus.
1584 1137 1653 1178 Ob

366 1198 452 1238 haec
474 1198 594 1237 etiam
616 1195 735 1236 aucta
756 1194 863 1235 fama
885 1198 946 1249 (ut
979 1195 1094 1249 solet)
1115 1196 1254 1250 ingens
1283 1207 1409 1236 terror
1428 1197 1567 1236 Patres
1589 1196 1651 1234 in-

368 1257 476 1305 vasit,
508 1255 829 1306 dictatoremque
850 1253 928 1293 dici
945 1252 1149 1306 placebat:
1180 1267 1272 1302 nec,
1294 1254 1391 1305 quin
1408 1253 1556 1294 Cursor
1574 1253 1652 1293 Pa-

365 1314 490 1367 pirius
512 1313 726 1361 diceretur,
757 1312 798 1350 in
820 1325 900 1364 quo
921 1320 1009 1350 tum
1031 1310 1186 1349 summa
1206 1311 1263 1350 rei
1294 1309 1448 1350 bellicae
1478 1310 1652 1364 poneba-

366 1380 446 1418 tur,
478 1370 646 1410 dubium
674 1369 863 1422 cuiquam
895 1378 1003 1408 erat:
1034 1368 1100 1408 sed
1122 1382 1195 1408 nec
1229 1368 1269 1407 in
1304 1367 1516 1408 Samnium
1548 1382 1652 1409 nun-

366 1429 474 1468 cium
497 1427 679 1481 perferri,
710 1425 898 1466 omnibus
928 1425 1096 1476 infestis,
1128 1427 1218 1466 tuto
1252 1426 1384 1479 poffe;
1414 1439 1488 1465 nec
1519 1425 1654 1466 vivere

368 1486 575 1525 Marcium
595 1485 799 1525 consulem
821 1484 911 1524 satis
934 1483 1124 1523 fidebant.
1187 1484 1301 1523 Alter
1335 1483 1472 1523 consul
1505 1482 1654 1524 Fabius

366 1546 428 1597 (7)
451 1542 618 1582 infestus
640 1542 825 1596 privatim
856 1541 1017 1595 Papirio
1048 1551 1158 1581 erat:
1189 1556 1279 1594 quae
1313 1554 1362 1580 ne
1394 1540 1452 1580 ira
1481 1539 1678 1580 obstaret.

365 1600 473 1640 bono
494 1600 674 1654 publico,
704 1600 855 1654 legatos
874 1614 923 1638 ex
945 1598 1214 1639 consularium
1245 1612 1414 1638 numero
1436 1598 1655 1638 mittendos

366 1659 415 1698 ad
437 1673 531 1698 eum
553 1657 712 1697 senatus
733 1656 910 1697 censuit:
941 1657 1011 1709 qui
1032 1656 1100 1695 sua
1119 1670 1280 1710 quoque
1306 1669 1418 1706 eum,
1449 1670 1531 1695 non
1552 1655 1655 1710 pub-

366 1716 440 1755 lica
463 1713 607 1764 solum,
637 1715 876 1755 auctoritate
896 1723 1118 1765 moverent,
1151 1723 1195 1753 ut
1216 1714 1452 1754 memoriam
1480 1714 1655 1753 simulta-

367 1774 469 1813 tium
490 1774 626 1827 patriae
648 1776 711 1826 (8)
738 1772 971 1812 remitteret.
1031 1771 1212 1811 Profecti
1246 1771 1366 1825 legati
1402 1772 1450 1810 ad
1484 1769 1653 1810 Fabium

367 1846 494 1884 quum
518 1830 902 1870 senatusconsultum
938 1829 1196 1878 tradidissent,
1228 1828 1534 1884 adjeciffentque
1566 1842 1654 1867 ora-

369 1890 519 1928 tionem
541 1888 847 1928 convenientem
870 1887 1082 1935 mandatis,
1114 1886 1269 1938 consul,
1298 1885 1468 1925 demiffis
1499 1885 1539 1923 in
1573 1894 1652 1925 ter-

367 1961 452 1985 ram
486 1946 628 1994 oculis,
660 1945 804 1985 tacitus
834 1945 884 1984 ab
913 1944 1089 1993 incertis,
1122 1944 1313 1997 quidnam
1347 1943 1510 1983 aeturus
1543 1943 1654 1993 effer,

367 2004 507 2058 legatis
541 2002 706 2043 recessit.
740 2005 802 2057 (9)
834 2002 955 2042 noete
992 2002 1134 2041 deinde
1171 2001 1321 2042 silentio
1357 2004 1419 2054 (ut
1458 2014 1545 2040 mos
1578 2000 1652 2054 est)

366 2060 414 2102 L.
452 2061 660 2114 Papirium
694 2060 934 2099 dictatorem
967 2060 1091 2098 dixit:
1121 2059 1187 2098 cui
1220 2072 1347 2112 quum
1386 2058 1437 2097 ob
1469 2057 1650 2097 animum

366 2117 525 2173 egregie
546 2118 701 2158 victum
721 2117 839 2171 legati
872 2117 1015 2171 gratias
1050 2126 1230 2171 agerent,
1262 2115 1504 2155 obstinatum
1539 2115 1654 2154 silen-
1695 2147 1703 2161 ·.

368 2177 470 2215 tium
490 2175 722 2228 †obtinuit,
755 2189 798 2213 ac
822 2174 900 2213 sme-
922 2173 1107 2227 responso
1143 2188 1186 2213 ac
1224 2174 1428 2212 mentione
1463 2172 1562 2212 faeti
1597 2173 1657 2212 sui

367 2236 517 2288 legatos
545 2233 706 2282 dimisit,
737 2241 781 2271 ut
803 2241 1028 2285 appareret,
1059 2231 1252 2285 insignem
1284 2232 1464 2270 dolorem
1500 2231 1654 2285 ingenti

366 2291 580 2346 comprimi
600 2291 747 2330 animo.
808 2289 991 2342 Papirius
1026 2288 1073 2328 C.
1097 2289 1266 2341 Junium
1304 2288 1533 2328 Bubulcum
1568 2302 1653 2327 ma-

1482 2345 1650 2400 gistrum

365 2466 497 2506 quando
518 2464 608 2495 sociis
631 2463 747 2504 Italici}
763 2462 926 2504 imperari.
971 2463 1027 2503 (5)
1051 2462 1280 2497 Memorabant
1299 2462 1450 2494 Furculas
1479 2461 1654 2501 Caudinas„

367 2513 407 2541 ad
437 2510 728 2550 repraesentandam
745 2509 880 2545 cladem,
903 2518 1001 2548 quam
1017 2519 1104 2538 nunc
1122 2509 1284 2539 Romanos
1300 2507 1453 2549 accepisse
1475 2507 1656 2547 sperabant.

365 2556 421 2596 (6)
444 2555 492 2585 Sic
516 2554 601 2584 infra
619 2555 637 2584 l.
655 2564 705 2592 27.
722 2565 746 2584 c.
763 2563 815 2591 41.
839 2562 867 2583 ut
883 2554 975 2595 sterni
998 2554 1145 2592 obterique,
1163 2555 1325 2593 prizsquam
1349 2554 1531 2595 iqstruantur,
1547 2553 1655 2593 pffnt.

364 2600 420 2639 (7)
445 2601 568 2640 Nempe
585 2598 637 2630 hic
651 2598 764 2629 Fabius
781 2598 893 2628 consul
909 2598 951 2628 est
967 2596 1022 2627 ille
1040 2597 1106 2637 ipse
1123 2607 1218 2636 quem
1230 2596 1414 2638 magistrum
1431 2597 1579 2637 equitum
1596 2597 1654 2626 Pa-

365 2644 466 2684 pirius
490 2644 630 2674 dierator
648 2643 762 2674 ultimo
779 2641 937 2684 supplicio
961 2641 1087 2673 afficere
1113 2641 1278 2674 voluerat:
1304 2642 1401 2683 supra
1426 2641 1446 2672 l.
1465 2642 1491 2673 8.
1509 2652 1535 2672 c.
1553 2649 1603 2679 30.
1622 2640 1654 2670 ὃς

364 2690 449 2730 seqq·
472 2688 526 2729 (8)
544 2688 592 2719 Sic
605 2688 692 2719 infra.
707 2687 725 2719 l.
745 2696 795 2727 39.
812 2698 837 2718 c.
854 2690 959 2727 5.fiaas
973 2689 1136 2718 inimisitias
1155 2687 1278 2730 remffffi
1294 2687 1461 2731 reipublicae.
1507 2687 1561 2727 (9)
1575 2683 1653 2716 Vid.

1552 2729 1649 2770 supr&
