1853 3158
412 280 698 327 LIBER
759 280 814 322 V.
876 279 1060 323 CAP.
1122 280 1279 324 XXIII.

233 400 391 442 XXIII.
441 400 619 440 Romam
651 405 695 437 ut
740 397 979 437 nunciatum
1025 397 1097 447 est,
1147 397 1276 452 chos
1323 405 1476 450 captos,

175 461 239 513 (Ι)
271 471 501 512 quanquam
526 458 563 496 &
587 454 769 509 prodigia
806 463 1019 508 procurata
1055 455 1230 503 fuerant,
1265 458 1305 495 &
1337 464 1475 494 vatum

173 516 371 570 responsa,
405 518 445 555 &
466 513 646 567 Pythicae
668 511 791 551 sortes
813 522 918 551 notae
936 529 949 559 ·‚
985 513 1042 561 &‚
1065 521 1263 564 quantum
1285 511 1475 550 humanis

172 573 351 628 adjuvari
372 570 541 611 consiliis
562 577 747 623 potuerat
769 583 846 619 res,
877 570 1024 608 ducem
1045 570 1107 608 M.
1132 570 1316 617 Furium,
1349 568 1478 607 maxi«

172 644 288 670 mum
324 630 611 682 imperatorum
632 626 835 676 omnium,
866 626 1071 680 legerant3
1104 635 1254 676 tamen,
1287 626 1380 678 quia
1416 634 1476 664 tot

172 688 289 727 annis
312 688 372 741 (2)
392 684 498 725 varie
521 684 575 724 ibi
593 683 786 724 bellatum
808 691 907 732 erat,
938 683 1158 735 multaeque
1181 683 1313 722 clades
1335 696 1476 735 accep-

172 753 241 794 tae,
272 745 380 783 velut
402 757 449 782 ex
472 740 669 796 insperato
686 740 928 780 immensum
949 740 1144 794 gaudium
1167 739 1272 778 fuit:
1306 743 1362 788 Sc,
1394 740 1476 793 pri-

172 801 342 854 usquam
359 800 516 840 senatus
537 797 784 847 decerneret,
806 799 924 851 plena
945 797 1081 836 omnia
1103 798 1253 850 templa
1268 797 1476 836 Romana-

173 872 265 896 rum
278 868 471 907 matrum,
488 866 619 911 grates
630 855 722 896 Diis
738 853 959 909 agentium,
974 864 1100 894 erant.
1133 854 1305 894 Senatus
1320 855 1360 892 in
1378 868 1477 906 qua-

174 915 370 967 triduum,
392 925 492 967 quot
512 914 670 953 dierum
692 914 804 952 nullo
820 910 912 952 ante
933 911 1054 962 bello,
1077 911 1386 965 supplicationes
1408 911 1478 949 de-

170 972 312 1011 cernit.
332 973 542 1011 Adventus
559 984 721 1023 quoque
736 970 959 1018 dictatoris,
977 968 1166 1009 omnibus
1180 968 1390 1008 ordinibus
1407 966 1478 1006 ob-

172 1027 280 1067 viam
300 1028 445 1076 effusis,
479 1027 730 1076 celebratior,
752 1025 877 1080 quam
899 1027 1019 1066 ullius
1037 1038 1218 1079 unquam
1241 1035 1356 1065 antea
1373 1024 1451 1064 fuit
1470 1039 1479 1064 :

174 1085 482 1138 triumphusque
519 1099 683 1124 omnem
721 1084 959 1124 consuetum
994 1082 1221 1123 honorandi
1259 1083 1337 1122 diei
1372 1082 1478 1121 illius

173 1143 342 1181 modum
365 1143 616 1195 aliquantum
634 1142 804 1181 excessit.
846 1140 1029 1181 Maxime
1052 1140 1292 1194 conspeostus
1316 1142 1377 1193 (3)
1400 1138 1479 1192 ipse

173 1199 247 1250 est,
270 1214 390 1239 curru
412 1200 527 1252 equis
544 1199 642 1239 albis
657 1199 805 1254 juncto
829 1199 970 1238 urbem
988 1197 1172 1238 inve&us
1192 1213 1200 1237 :
1233 1200 1293 1252 (4)
1316 1210 1481 1249 parum-

174 1271 253 1309 que
284 1257 325 1296 id
358 1271 441 1296 non
475 1256 590 1297 civile
627 1254 767 1305 modo,
798 1257 864 1296 sed
899 1256 1126 1295 humanum
1161 1255 1301 1304 etiarn,
1338 1254 1479 1293 visum.

171 1313 285 1366 Jovis
305 1313 488 1366 Solisque
510 1311 624 1366 equis
646 1313 885 1367 aequiparari
906 1313 1163 1360 dictatorem,
1181 1311 1222 1350 in
1244 1311 1481 1366 religionem

174 1371 296 1409 etiam
324 1370 559 1410 trahebant:
590 1371 900 1423 triumphusque
932 1370 984 1409 ob
1020 1384 1109 1409 eam
1147 1383 1269 1409 unam
1305 1367 1482 1408 maxime

174 1441 262 1466 rem
293 1426 450 1475 clarior,
483 1427 605 1480 quam
640 1428 803 1481 gratior,
835 1427 926 1467 fuit.
987 1427 1098 1466 Tum
1135 1426 1288 1479 Junoni
1310 1426 1483 1480 Reginae

175 1485 375 1537 templum
407 1485 448 1523 in
480 1484 685 1523 Aventino
708 1484 866 1532 locavit,
898 1484 1178 1536 dedicavitque
1212 1487 1273 1537 (5)
1310 1484 1484 1523 Matutae

175 1541 320 1581 Matri.
342 1550 476 1594 atque,
507 1540 569 1580 his
592 1541 736 1580 divinis
756 1540 1023 1594 humanisque
1044 1541 1163 1580 rebus
1186 1540 1321 1594 gestis,
1353 1539 1483 1579 dicta-

176 1595 267 1637 tur'a
287 1598 323 1638 se
346 1598 556 1637 abdicavit.
600 1598 681 1651 Agi
699 1598 842 1637 deinde
865 1599 914 1637 de
932 1596 1136 1651 Apollinis
1158 1599 1265 1636 dono
1281 1607 1480 1650 coeptum.

175 1655 242 1694 cui
264 1655 302 1694 se
323 1655 522 1694 decimam
544 1655 687 1694 vovifl'e
709 1656 855 1708 praedae
877 1664 1032 1707 partem
1067 1668 1195 1707 quum
1229 1655 1381 1694 diceret
1403 1653 1483 1694 Ca-

1616 297 1694 338 37Ξ

1500 1096 1633 1125 Βίὗῖιιῖσν
1645 1099 1655 1122 Ι
1660 1094 1699 1123 νὶ-Ι

1499 1142 1623 1182 umphat-
1634 1164 1644 1183 Δ
1670 1176 1689 1181 A

1500 1661 1618 1692 Decima
1628 1667 1664 1701 pr
1671 1671 1706 1689 (τε

175 1712 326 1761 millus,
340 1710 551 1765 pontifices
569 1711 803 1751 solvendum
825 1712 1018 1765 religione
1039 1712 1237 1764 populum
1255 1711 1481 1758 censerent;
1500 1710 1538 1737 dae
1555 1714 1629 1748 pars
1644 1707 1688 1735 Α*

168 1767 279 1808 haud
292 1767 409 1808 facile
424 1768 599 1808 inibatur
612 1768 713 1807 ratio
722 1769 736 1822 j
745 1768 893 1807 ubendi
907 1767 1056 1807 referre
1071 1770 1249 1821 praedam
1267 1770 1483 1822 populum,

176 1835 220 1865 ut
237 1839 285 1864 ex
307 1822 353 1864 ea
373 1838 464 1878 pars
491 1825 624 1864 debita
646 1825 687 1863 in
716 1825 872 1865 sacrum
907 1824 1193 1865 secerneretur.
1225 1827 1389 1865 tandem
1415 1825 1482 1875 eo,

172 1883 283 1935 quod
313 1882 549 1921 leviffimum
585 1881 810 1931 videbatur,
847 1882 1061 1922 decursum
1083 1883 1154 1931 est,
1178 1892 1236 1931 ut,
1259 1884 1329 1935 qui
1356 1883 1392 1922 se
1410 1884 1483 1922 do-

176 1953 372 1992 mumque
393 1939 587 1993 religione
601 1939 802 1979 exsolvere
823 1940 955 1989 vellet,
967 1954 1095 1992 quum
1109 1940 1263 1979 {ibimet
1282 1940 1362 1993 ipse
1381 1955 1484 1994 prae—

174 1997 269 2036 dam
290 1996 511 2036 aestimaffet
528 1997 654 2045 suam,
670 1997 836 2036 decimae
854 1997 1030 2049 pretium
1054 1997 1177 2050 partis
1200 1998 1241 2036 in
1270 1997 1482 2050 publicum

175 2053 368 2093 deferret:
387 2064 431 2092 ut
445 2066 550 2093 exeo
558 2055 712 2093 donum
728 2068 912 2102 aureum,
923 2054 1091 2107 dignum
1104 2055 1369 2107 amplitudine
1382 2063 1485 2093 tem-

174 2111 231 2164 pli
253 2125 297 2151 ac
319 2111 486 2150 numine
502 2111 599 2160 Dei,
621 2125 669 2150 ex
692 2111 886 2166 dignitate
916 2112 1055 2164 populi
1074 2111 1253 2150 Romani
1271 2111 1398 2150 fieret.
1426 2112 1484 2150 Ea

174 2182 336 2220 quoque
353 2169 512 2207 collatio
527 2169 654 2221 plebis
669 2169 824 2208 animos
841 2168 1042 2208 aCamillo
1051 2169 1250 2208 alienavit.
1269 2169 1380 2208 Inter
1395 2168 1483 2208 haec

176 2224 433 2277 pacificatum
449 2226 568 2279 legati
591 2241 612 2265 a
633 2225 791 2266 Volscis
815 2229 856 2266 &
879 2226 1029 2278 AEquis
1051 2236 1271 2265 venerunt:
1295 2226 1485 2278 impetra„

178 2291 298 2332 taque
320 2296 412 2333 pax,
434 2283 561 2336 magis
598 2292 642 2322 ut
665 2282 757 2322 feffa
780 2293 863 2322 tam
896 2283 1054 2322 diutino
1075 2282 1181 2323 bello
1213 2283 1484 2337 acquiesceret

176 2338 334 2388 civitas,
367 2340 426 2394 (6)
451 2339 574 2391 quarn
596 2339 709 2393 quod
732 2340 843 2394 digni
866 2346 1062 2394 peterent.

224 2453 260 2483 C.
280 2461 329 2491 23.
346 2453 400 2493 (Ι)
421 2456 592 2496 ᾕωιιφιαφη
609 2455 664 2486 ille
692 2457 952 2498 eventussperari
977 2456 1135 2487 debuerat
1152 2455 1196 2486 ob
1224 2455 1332 2487 causas
1355 2456 1420 2497 jam
1437 2456 1487 2486 di-

176 2498 305 2533 cendas,
328 2504 434 2527 tamen
457 2500 544 2528 ‘velut
573 2513 606 2529 ex
622 2502 758 2540 itgsperato
775 2500 966 2531 immensum
983 2501 1135 2542 gaudium
1154 2501 1225 2530 fuit.
1250 2503 1287 2530 E.
1312 2502 1368 2540 (2)
1395 2502 1487 2531 Vari?

176 2543 281 2571 bellare
297 2541 342 2571 est
358 2541 447 2571 varia
466 2543 614 2580 victoria,
630 2554 731 2583 quum
744 2546 843 2574 modo
855 2545 1006 2580 Romani,
1024 2545 1123 2575 modo
1136 2545 1286 2585 Vejentes
1304 2544 1486 2585 superiores

177 2585 287 2622 effent,
310 2585 430 2616 bellun·
449 2597 569 2627 gerere.
617 2588 720 2628 Supra
740 2588 758 2618 l.
778 2597 805 2618 1.
825 2599 854 2619 c.
875 2598 924 2627 33.
942 2588 1028 2619 infra
1045 2600 1070 2620 c.
1095 2590 1148 2620 28.
1196 2590 1252 2629 (3)
1276 2588 1353 2620 Vid.
1372 2597 1438 2619 not.
1455 2598 1486 2626 5.

176 2630 218 2659 ad
232 2640 257 2659 c.
275 2638 326 2666 47.
343 2630 361 2659 l.
382 2640 407 2659 Ι.
425 2632 480 2670 (4)
497 2633 617 2662 Parum
629 2632 825 2662 conveniens
838 2643 906 2663 non
920 2633 1021 2663 solum
1044 2633 1122 2664 civis
1136 2632 1307 2669 modestiae,
1324 2633 1376 2663 sed
1388 2633 1483 2663 etiam

178 2673 318 2703 hominis
335 2674 525 2705 conditioni.
570 2676 626 2716 (5)
649 2676 770 2717 Supple
786 2678 875 2707 adem.
922 2678 1018 2708 Hanc
1032 2686 1141 2708 autem
1158 2677 1319 2707 dedicavit
1342 2687 1381 2706 ex
1398 2677 1485 2707 sena-

178 2717 377 2748 tusconsulto
394 2719 490 2759 supra
511 2730 536 2750 c.
560 2729 609 2760 19.
625 2728 814 2751 memorato.
860 2721 913 2761 (6)
941 2722 1049 2765 Qam
1067 2722 1155 2763 quOd
1173 2721 1218 2751 illi
1245 2729 1404 2762 peterent,
1427 2719 1484 2760 qui

178 2762 387 2795 merebantur
405 2773 439 2795 ut
462 2774 572 2806 pacem
590 2764 812 2806 impetrarent.

730 2807 762 2846 B
796 2806 819 2847 b
855 2819 876 2849 2
1172 2807 1331 2849 XXIV.
1365 2805 1482 2860 vejis

1496 1753 1597 1793 pollini
1611 1752 1692 1780 data,
