<?xml version="1.0" encoding="UTF-8"?>
<!DOCTYPE html PUBLIC "-//W3C//DTD XHTML 1.0 Transitional//EN"
    "http://www.w3.org/TR/xhtml1/DTD/xhtml1-transitional.dtd">
<html xmlns="http://www.w3.org/1999/xhtml" xml:lang="en" lang="en">
 <head>
  <title>
</title>
<meta http-equiv="Content-Type" content="text/html;charset=utf-8" />
  <meta name='ocr-system' content='tesseract 3.04.00' />
  <meta name='ocr-capabilities' content='ocr_page ocr_carea ocr_par ocr_line ocrx_word'/>
</head>
<body>
  <div class='ocr_page' id='page_1' title='image "./historiaeromanae01livyuoft_0552.png"; bbox 0 0 1853 3158; ppageno 0'>
   <div class='ocr_carea' id='block_1_1' title="bbox 198 255 252 293">
    <p class='ocr_par' dir='ltr' id='par_1_1' title="bbox 198 255 252 293">
     <span class='ocr_line' id='line_1_1' title="bbox 198 255 252 293; baseline 0 0"><span class='ocrx_word' id='word_1_1' title='bbox 198 255 252 293; x_wconf 73' lang='lat' dir='ltr'>Be</span> 
     </span>
    </p>
   </div>
   <div class='ocr_carea' id='block_1_2' title="bbox 195 1209 379 1338">
    <p class='ocr_par' dir='ltr' id='par_1_2' title="bbox 195 1209 379 1338">
     <span class='ocr_line' id='line_1_2' title="bbox 198 1209 317 1237; baseline 0.008 -1"><span class='ocrx_word' id='word_1_2' title='bbox 198 1209 276 1237; x_wconf 80' lang='lat' dir='ltr'>Galli</span> <span class='ocrx_word' id='word_1_3' title='bbox 290 1210 317 1237; x_wconf 87' lang='grc' dir='ltr'>ἱη</span> 
     </span>
     <span class='ocr_line' id='line_1_3' title="bbox 198 1254 379 1294; baseline 0.006 -13"><span class='ocrx_word' id='word_1_4' title='bbox 198 1254 379 1294; x_wconf 74' lang='lat' dir='ltr'><em>Campaniam</em></span> 
     </span>
     <span class='ocr_line' id='line_1_4' title="bbox 195 1300 344 1338; baseline 0.013 -13"><span class='ocrx_word' id='word_1_5' title='bbox 195 1300 344 1338; x_wconf 60' lang='lat' dir='ltr'>transeunt.</span> 
     </span>
    </p>
   </div>
   <div class='ocr_carea' id='block_1_3' title="bbox 193 1396 383 1478">
    <p class='ocr_par' dir='ltr' id='par_1_3' title="bbox 193 1396 383 1478">
     <span class='ocr_line' id='line_1_5' title="bbox 195 1396 368 1435; baseline -0.006 -10"><span class='ocrx_word' id='word_1_6' title='bbox 195 1396 235 1425; x_wconf 89' lang='lat' dir='ltr'>U.</span> <span class='ocrx_word' id='word_1_7' title='bbox 251 1405 276 1425; x_wconf 89' lang='lat' dir='ltr'>c.</span> <span class='ocrx_word' id='word_1_8' title='bbox 295 1403 368 1435; x_wconf 85' lang='lat'>395.</span> 
     </span>
     <span class='ocr_line' id='line_1_6' title="bbox 193 1440 383 1478; baseline 0 -9"><span class='ocrx_word' id='word_1_9' title='bbox 193 1440 287 1470; x_wconf 87' lang='lat' dir='ltr'>A.C.</span> <span class='ocrx_word' id='word_1_10' title='bbox 309 1448 383 1478; x_wconf 80' lang='lat'>357.</span> 
     </span>
    </p>
   </div>
   <div class='ocr_carea' id='block_1_4' title="bbox 885 251 1252 295">
    <p class='ocr_par' dir='ltr' id='par_1_4' title="bbox 885 251 1252 295">
     <span class='ocr_line' id='line_1_7' title="bbox 885 251 1252 295; baseline -0.003 0"><span class='ocrx_word' id='word_1_11' title='bbox 885 251 937 295; x_wconf 82' lang='lat' dir='ltr'>T.</span> <span class='ocrx_word' id='word_1_12' title='bbox 997 252 1252 295; x_wconf 88' lang='lat' dir='ltr'>LIVII</span> 
     </span>
    </p>
   </div>
   <div class='ocr_carea' id='block_1_5' title="bbox 413 366 1713 1460">
    <p class='ocr_par' dir='ltr' id='par_1_5' title="bbox 413 366 1712 1171">
     <span class='ocr_line' id='line_1_8' title="bbox 422 366 1711 424; baseline 0.001 -14"><span class='ocrx_word' id='word_1_13' title='bbox 422 366 580 410; x_wconf 76' lang='lat' dir='ltr'>scutum</span> <span class='ocrx_word' id='word_1_14' title='bbox 622 366 749 407; x_wconf 88' lang='lat' dir='ltr'>imum</span> <span class='ocrx_word' id='word_1_15' title='bbox 782 369 1020 422; x_wconf 80' lang='lat' dir='ltr'>perculiffet‚</span> <span class='ocrx_word' id='word_1_16' title='bbox 1050 379 1215 424; x_wconf 87' lang='lat' dir='ltr'>totoque</span> <span class='ocrx_word' id='word_1_17' title='bbox 1252 382 1417 423; x_wconf 87' lang='lat' dir='ltr'>corpore</span> <span class='ocrx_word' id='word_1_18' title='bbox 1454 369 1515 423; x_wconf 90' lang='lat'>(9)</span> <span class='ocrx_word' id='word_1_19' title='bbox 1551 368 1711 411; x_wconf 59' lang='lat' dir='ltr'>interica&#39;</span> 
     </span>
     <span class='ocr_line' id='line_1_9' title="bbox 419 426 1712 480; baseline 0.002 -15"><span class='ocrx_word' id='word_1_20' title='bbox 419 426 598 479; x_wconf 88' lang='lat' dir='ltr'>periculo</span> <span class='ocrx_word' id='word_1_21' title='bbox 619 426 793 466; x_wconf 86' lang='lat' dir='ltr'>vulneris</span> <span class='ocrx_word' id='word_1_22' title='bbox 815 426 963 476; x_wconf 58' lang='lat' dir='ltr'>faetus,</span> <span class='ocrx_word' id='word_1_23' title='bbox 996 428 1217 468; x_wconf 73' lang='lat' dir='ltr'>insinuasset</span> <span class='ocrx_word' id='word_1_24' title='bbox 1239 428 1275 467; x_wconf 91' lang='lat' dir='ltr'>se</span> <span class='ocrx_word' id='word_1_25' title='bbox 1297 428 1399 467; x_wconf 90' lang='lat' dir='ltr'>inter</span> <span class='ocrx_word' id='word_1_26' title='bbox 1420 441 1564 480; x_wconf 84' lang='lat' dir='ltr'>corpus</span> <span class='ocrx_word' id='word_1_27' title='bbox 1586 440 1712 468; x_wconf 89' lang='lat' dir='ltr'>arma-</span> 
     </span>
     <span class='ocr_line' id='line_1_10' title="bbox 418 484 1712 539; baseline 0.001 -17"><span class='ocrx_word' id='word_1_28' title='bbox 418 498 512 536; x_wconf 91' lang='lat' dir='ltr'>que,</span> <span class='ocrx_word' id='word_1_29' title='bbox 545 498 627 523; x_wconf 92' lang='lat' dir='ltr'>uno</span> <span class='ocrx_word' id='word_1_30' title='bbox 661 485 864 537; x_wconf 88' lang='lat' dir='ltr'>alteroque</span> <span class='ocrx_word' id='word_1_31' title='bbox 886 484 1052 526; x_wconf 88' lang='lat' dir='ltr'>subinde</span> <span class='ocrx_word' id='word_1_32' title='bbox 1080 486 1166 526; x_wconf 64' lang='lat' dir='ltr'>ictu</span> <span class='ocrx_word' id='word_1_33' title='bbox 1196 495 1376 525; x_wconf 89' lang='lat' dir='ltr'>ventrem</span> <span class='ocrx_word' id='word_1_34' title='bbox 1397 494 1516 537; x_wconf 90' lang='lat' dir='ltr'>atque</span> <span class='ocrx_word' id='word_1_35' title='bbox 1547 485 1712 539; x_wconf 83' lang='lat' dir='ltr'>inguina</span> 
     </span>
     <span class='ocr_line' id='line_1_11' title="bbox 417 541 1712 597; baseline 0.001 -17"><span class='ocrx_word' id='word_1_36' title='bbox 417 541 559 589; x_wconf 88' lang='lat' dir='ltr'>haufit,</span> <span class='ocrx_word' id='word_1_37' title='bbox 595 543 630 581; x_wconf 81' lang='lat'>&amp;</span> <span class='ocrx_word' id='word_1_38' title='bbox 662 544 752 596; x_wconf 90' lang='lat'><em>(10)</em></span> <span class='ocrx_word' id='word_1_39' title='bbox 773 542 814 581; x_wconf 89' lang='lat' dir='ltr'>in</span> <span class='ocrx_word' id='word_1_40' title='bbox 836 542 1006 596; x_wconf 86' lang='lat' dir='ltr'>spatium</span> <span class='ocrx_word' id='word_1_41' title='bbox 1028 543 1168 597; x_wconf 87' lang='lat' dir='ltr'>ingens</span> <span class='ocrx_word' id='word_1_42' title='bbox 1201 553 1383 583; x_wconf 86' lang='lat' dir='ltr'>ruentem</span> <span class='ocrx_word' id='word_1_43' title='bbox 1415 542 1592 596; x_wconf 81' lang='lat' dir='ltr'>porrexit</span> <span class='ocrx_word' id='word_1_44' title='bbox 1622 541 1712 581; x_wconf 89' lang='lat' dir='ltr'>hos-</span> 
     </span>
     <span class='ocr_line' id='line_1_12' title="bbox 417 599 1711 654; baseline 0.001 -16"><span class='ocrx_word' id='word_1_45' title='bbox 417 608 512 639; x_wconf 87' lang='lat' dir='ltr'><strong>tem.</strong></span> <span class='ocrx_word' id='word_1_46' title='bbox 541 599 712 653; x_wconf 81' lang='lat' dir='ltr'>jacentis</span> <span class='ocrx_word' id='word_1_47' title='bbox 744 600 835 644; x_wconf 90' lang='lat' dir='ltr'>inde</span> <span class='ocrx_word' id='word_1_48' title='bbox 865 615 1025 654; x_wconf 90' lang='lat' dir='ltr'>corpus,</span> <span class='ocrx_word' id='word_1_49' title='bbox 1057 601 1106 641; x_wconf 92' lang='lat' dir='ltr'>ab</span> <span class='ocrx_word' id='word_1_50' title='bbox 1127 602 1237 641; x_wconf 90' lang='lat' dir='ltr'>omni</span> <span class='ocrx_word' id='word_1_51' title='bbox 1260 600 1334 640; x_wconf 70' lang='lat' dir='ltr'>alia</span> <span class='ocrx_word' id='word_1_52' title='bbox 1355 600 1563 640; x_wconf 85' lang='lat' dir='ltr'>vexatione</span> <span class='ocrx_word' id='word_1_53' title='bbox 1585 600 1711 639; x_wconf 90' lang='lat' dir='ltr'>intac-</span> 
     </span>
     <span class='ocr_line' id='line_1_13' title="bbox 416 657 1709 712; baseline -0.002 -16"><span class='ocrx_word' id='word_1_54' title='bbox 416 665 521 708; x_wconf 84' lang='lat' dir='ltr'>tum,</span> <span class='ocrx_word' id='word_1_55' title='bbox 552 671 634 696; x_wconf 87' lang='lat' dir='ltr'>uno</span> <span class='ocrx_word' id='word_1_56' title='bbox 656 667 797 710; x_wconf 86' lang='lat' dir='ltr'>torque</span> <span class='ocrx_word' id='word_1_57' title='bbox 820 657 998 711; x_wconf 88' lang='lat' dir='ltr'>spoliavit</span> <span class='ocrx_word' id='word_1_58' title='bbox 1017 673 1025 697; x_wconf 76' lang='grc' dir='ltr'>ε</span> <span class='ocrx_word' id='word_1_59' title='bbox 1057 673 1178 712; x_wconf 90' lang='lat' dir='ltr'>quem</span> <span class='ocrx_word' id='word_1_60' title='bbox 1200 658 1419 712; x_wconf 88' lang='lat' dir='ltr'>respersum</span> <span class='ocrx_word' id='word_1_61' title='bbox 1441 671 1582 698; x_wconf 85' lang='lat' dir='ltr'>cruore</span> <span class='ocrx_word' id='word_1_62' title='bbox 1605 658 1709 696; x_wconf 90' lang='lat' dir='ltr'>collo</span> 
     </span>
     <span class='ocr_line' id='line_1_14' title="bbox 415 714 1710 770; baseline 0 -17"><span class='ocrx_word' id='word_1_63' title='bbox 415 714 681 755; x_wconf 82' lang='lat' dir='ltr'><strong>circumdedit</strong></span> <span class='ocrx_word' id='word_1_64' title='bbox 702 715 783 755; x_wconf 88' lang='lat' dir='ltr'>suo.</span> <span class='ocrx_word' id='word_1_65' title='bbox 843 715 1052 755; x_wconf 81' lang='lat' dir='ltr'>Defixerat</span> <span class='ocrx_word' id='word_1_66' title='bbox 1072 730 1193 770; x_wconf 86' lang='lat' dir='ltr'>pavor</span> <span class='ocrx_word' id='word_1_67' title='bbox 1214 730 1307 755; x_wconf 93' lang='lat' dir='ltr'>cum</span> <span class='ocrx_word' id='word_1_68' title='bbox 1325 716 1586 756; x_wconf 78' lang='lat' dir='ltr'>admiratione</span> <span class='ocrx_word' id='word_1_69' title='bbox 1610 714 1710 754; x_wconf 84' lang='lat' dir='ltr'>Gal-</span> 
     </span>
     <span class='ocr_line' id='line_1_15' title="bbox 414 771 1709 825; baseline -0.001 -14"><span class='ocrx_word' id='word_1_70' title='bbox 414 773 487 811; x_wconf 90' lang='lat' dir='ltr'>los.</span> <span class='ocrx_word' id='word_1_71' title='bbox 550 772 743 823; x_wconf 88' lang='lat' dir='ltr'>Romani,</span> <span class='ocrx_word' id='word_1_72' title='bbox 775 774 922 813; x_wconf 84' lang='lat' dir='ltr'>alacres</span> <span class='ocrx_word' id='word_1_73' title='bbox 946 773 994 813; x_wconf 82' lang='lat' dir='ltr'>ab</span> <span class='ocrx_word' id='word_1_74' title='bbox 1017 773 1184 813; x_wconf 89' lang='lat' dir='ltr'>statione</span> <span class='ocrx_word' id='word_1_75' title='bbox 1205 771 1365 813; x_wconf 73' lang='lat' dir='ltr'>obviam</span> <span class='ocrx_word' id='word_1_76' title='bbox 1387 774 1504 813; x_wconf 84' lang='lat' dir='ltr'>militi</span> <span class='ocrx_word' id='word_1_77' title='bbox 1526 773 1595 812; x_wconf 85' lang='lat' dir='ltr'>suo</span> <span class='ocrx_word' id='word_1_78' title='bbox 1617 786 1709 825; x_wconf 88' lang='lat' dir='ltr'>pro-</span> 
     </span>
     <span class='ocr_line' id='line_1_16' title="bbox 414 830 1710 884; baseline 0 -15"><span class='ocrx_word' id='word_1_79' title='bbox 414 830 543 883; x_wconf 84' lang='lat' dir='ltr'>gressi,</span> <span class='ocrx_word' id='word_1_80' title='bbox 573 832 817 884; x_wconf 80' lang='lat' dir='ltr'>gratulantes</span> <span class='ocrx_word' id='word_1_81' title='bbox 838 830 1123 884; x_wconf 83' lang='lat' dir='ltr'>laudantesque</span> <span class='ocrx_word' id='word_1_82' title='bbox 1146 831 1195 870; x_wconf 88' lang='lat' dir='ltr'>ad</span> <span class='ocrx_word' id='word_1_83' title='bbox 1212 831 1451 871; x_wconf 57' lang='lat' dir='ltr'>dietatorem</span> <span class='ocrx_word' id='word_1_84' title='bbox 1469 831 1710 884; x_wconf 86' lang='lat' dir='ltr'>perducunt.</span> 
     </span>
     <span class='ocr_line' id='line_1_17' title="bbox 413 887 1709 943; baseline -0.001 -17"><span class='ocrx_word' id='word_1_85' title='bbox 413 889 452 939; x_wconf 74' lang='grc' dir='ltr'>(ι</span> <span class='ocrx_word' id='word_1_86' title='bbox 466 890 502 941; x_wconf 92' lang='lat'>1)</span> <span class='ocrx_word' id='word_1_87' title='bbox 518 888 626 926; x_wconf 85' lang='lat' dir='ltr'>Inter</span> <span class='ocrx_word' id='word_1_88' title='bbox 641 889 864 928; x_wconf 83' lang='lat' dir='ltr'>carminum</span> <span class='ocrx_word' id='word_1_89' title='bbox 880 903 1003 943; x_wconf 87' lang='lat' dir='ltr'>prope</span> <span class='ocrx_word' id='word_1_90' title='bbox 1018 890 1185 928; x_wconf 90' lang='lat' dir='ltr'>modum</span> <span class='ocrx_word' id='word_1_91' title='bbox 1200 888 1404 928; x_wconf 87' lang='lat' dir='ltr'>incondita</span> <span class='ocrx_word' id='word_1_92' title='bbox 1427 889 1612 941; x_wconf 84' lang='lat' dir='ltr'>quaedam</span> <span class='ocrx_word' id='word_1_93' title='bbox 1634 887 1709 925; x_wconf 91' lang='lat' dir='ltr'>mi-</span> 
     </span>
     <span class='ocr_line' id='line_1_18' title="bbox 413 943 1712 1000; baseline 0 -17"><span class='ocrx_word' id='word_1_94' title='bbox 413 945 581 984; x_wconf 88' lang='lat' dir='ltr'>litariter</span> <span class='ocrx_word' id='word_1_95' title='bbox 591 946 833 1000; x_wconf 87' lang='lat' dir='ltr'>joculantes,</span> <span class='ocrx_word' id='word_1_96' title='bbox 847 946 1044 1000; x_wconf 85' lang='lat' dir='ltr'>Torquati</span> <span class='ocrx_word' id='word_1_97' title='bbox 1063 960 1289 1000; x_wconf 87' lang='lat' dir='ltr'>cognomen</span> <span class='ocrx_word' id='word_1_98' title='bbox 1306 946 1489 986; x_wconf 89' lang='lat' dir='ltr'>auditum</span> <span class='ocrx_word' id='word_1_99' title='bbox 1504 963 1515 993; x_wconf 89' lang='lat'>;</span> <span class='ocrx_word' id='word_1_100' title='bbox 1538 943 1712 985; x_wconf 54' lang='lat' dir='ltr'>celebra*</span> 
     </span>
     <span class='ocr_line' id='line_1_19' title="bbox 415 1002 1710 1057; baseline 0.001 -16"><span class='ocrx_word' id='word_1_101' title='bbox 415 1012 501 1041; x_wconf 82' lang='lat' dir='ltr'>turn</span> <span class='ocrx_word' id='word_1_102' title='bbox 522 1003 681 1052; x_wconf 85' lang='lat' dir='ltr'>deinde,</span> <span class='ocrx_word' id='word_1_103' title='bbox 704 1003 869 1056; x_wconf 86' lang='lat' dir='ltr'>posteris</span> <span class='ocrx_word' id='word_1_104' title='bbox 886 1004 1006 1043; x_wconf 90' lang='lat' dir='ltr'>etiam</span> <span class='ocrx_word' id='word_1_105' title='bbox 1028 1003 1271 1057; x_wconf 66' lang='lat' dir='ltr'>familiaeque</span> <span class='ocrx_word' id='word_1_106' title='bbox 1292 1004 1436 1043; x_wconf 87' lang='lat' dir='ltr'>honori</span> <span class='ocrx_word' id='word_1_107' title='bbox 1458 1003 1549 1042; x_wconf 79' lang='lat' dir='ltr'>fuit.</span> <span class='ocrx_word' id='word_1_108' title='bbox 1609 1002 1710 1042; x_wconf 57' lang='lat' dir='ltr'>Dic-³</span> 
     </span>
     <span class='ocr_line' id='line_1_20' title="bbox 413 1061 1711 1114; baseline 0 -16"><span class='ocrx_word' id='word_1_109' title='bbox 413 1070 517 1098; x_wconf 88' lang='lat' dir='ltr'>tator</span> <span class='ocrx_word' id='word_1_110' title='bbox 539 1074 728 1099; x_wconf 87' lang='lat' dir='ltr'>coronam</span> <span class='ocrx_word' id='word_1_111' title='bbox 751 1074 912 1098; x_wconf 88' lang='lat' dir='ltr'>auream</span> <span class='ocrx_word' id='word_1_112' title='bbox 933 1061 1084 1100; x_wconf 89' lang='lat' dir='ltr'>addidit</span> <span class='ocrx_word' id='word_1_113' title='bbox 1106 1063 1275 1110; x_wconf 83' lang='lat' dir='ltr'>donum,</span> <span class='ocrx_word' id='word_1_114' title='bbox 1306 1061 1494 1114; x_wconf 87' lang='lat' dir='ltr'>mirisque</span> <span class='ocrx_word' id='word_1_115' title='bbox 1514 1074 1586 1114; x_wconf 87' lang='lat' dir='ltr'>pro</span> <span class='ocrx_word' id='word_1_116' title='bbox 1615 1073 1711 1100; x_wconf 79' lang='lat' dir='ltr'>con-</span> 
     </span>
     <span class='ocr_line' id='line_1_21' title="bbox 413 1117 1276 1171; baseline 0 -15"><span class='ocrx_word' id='word_1_117' title='bbox 413 1117 529 1156; x_wconf 87' lang='lat' dir='ltr'>cione</span> <span class='ocrx_word' id='word_1_118' title='bbox 551 1131 638 1156; x_wconf 87' lang='lat' dir='ltr'>eam</span> <span class='ocrx_word' id='word_1_119' title='bbox 661 1131 839 1170; x_wconf 87' lang='lat' dir='ltr'>pugnam</span> <span class='ocrx_word' id='word_1_120' title='bbox 857 1120 945 1171; x_wconf 88' lang='lat'>(12)</span> <span class='ocrx_word' id='word_1_121' title='bbox 966 1119 1150 1158; x_wconf 81' lang='lat' dir='ltr'>laudibus</span> <span class='ocrx_word' id='word_1_122' title='bbox 1171 1120 1276 1158; x_wconf 88' lang='lat' dir='ltr'>tulit.</span> 
     </span>
    </p>

    <p class='ocr_par' dir='ltr' id='par_1_6' title="bbox 414 1173 1713 1460">
     <span class='ocr_line' id='line_1_22' title="bbox 470 1173 1710 1224; baseline 0 -11"><span class='ocrx_word' id='word_1_123' title='bbox 470 1173 544 1213; x_wconf 83' lang='lat' dir='ltr'>XI.</span> <span class='ocrx_word' id='word_1_124' title='bbox 577 1174 644 1224; x_wconf 83' lang='lat' dir='ltr'>Et,</span> <span class='ocrx_word' id='word_1_125' title='bbox 676 1174 872 1224; x_wconf 88' lang='lat' dir='ltr'>Hercule,</span> <span class='ocrx_word' id='word_1_126' title='bbox 903 1174 1003 1213; x_wconf 87' lang='lat' dir='ltr'>tanti</span> <span class='ocrx_word' id='word_1_127' title='bbox 1036 1189 1081 1214; x_wconf 83' lang='lat' dir='ltr'>ea</span> <span class='ocrx_word' id='word_1_128' title='bbox 1114 1177 1163 1214; x_wconf 88' lang='lat' dir='ltr'>ad</span> <span class='ocrx_word' id='word_1_129' title='bbox 1199 1177 1365 1216; x_wconf 83' lang='lat' dir='ltr'>univerfi</span> <span class='ocrx_word' id='word_1_130' title='bbox 1401 1175 1493 1216; x_wconf 88' lang='lat' dir='ltr'>belli</span> <span class='ocrx_word' id='word_1_131' title='bbox 1523 1185 1710 1215; x_wconf 84' lang='lat' dir='ltr'>eventum</span> 
     </span>
     <span class='ocr_line' id='line_1_23' title="bbox 414 1231 1710 1287; baseline 0.001 -17"><span class='ocrx_word' id='word_1_132' title='bbox 414 1232 610 1271; x_wconf 87' lang='lat' dir='ltr'>momenti</span> <span class='ocrx_word' id='word_1_133' title='bbox 645 1231 850 1271; x_wconf 86' lang='lat' dir='ltr'>dimicatio</span> <span class='ocrx_word' id='word_1_134' title='bbox 882 1231 974 1280; x_wconf 87' lang='lat' dir='ltr'>fuit,</span> <span class='ocrx_word' id='word_1_135' title='bbox 1006 1241 1051 1271; x_wconf 91' lang='lat' dir='ltr'>ut</span> <span class='ocrx_word' id='word_1_136' title='bbox 1073 1232 1288 1272; x_wconf 88' lang='lat' dir='ltr'>Gallorum</span> <span class='ocrx_word' id='word_1_137' title='bbox 1309 1235 1506 1274; x_wconf 85' lang='lat' dir='ltr'>exercitus</span> <span class='ocrx_word' id='word_1_138' title='bbox 1527 1233 1710 1287; x_wconf 67' lang='lat' dir='ltr'>proxima</span> 
     </span>
     <span class='ocr_line' id='line_1_24' title="bbox 414 1287 1710 1344; baseline 0 -16"><span class='ocrx_word' id='word_1_139' title='bbox 414 1289 551 1339; x_wconf 54' lang='lat' dir='ltr'>nodie,</span> <span class='ocrx_word' id='word_1_140' title='bbox 582 1288 733 1329; x_wconf 54' lang='lat' dir='ltr'>mlieris</span> <span class='ocrx_word' id='word_1_141' title='bbox 755 1287 908 1342; x_wconf 72' lang='lat' dir='ltr'>trepide</span> <span class='ocrx_word' id='word_1_142' title='bbox 926 1289 1076 1338; x_wconf 88' lang='lat' dir='ltr'>castris,</span> <span class='ocrx_word' id='word_1_143' title='bbox 1108 1289 1149 1328; x_wconf 89' lang='lat' dir='ltr'>in</span> <span class='ocrx_word' id='word_1_144' title='bbox 1169 1289 1384 1330; x_wconf 89' lang='lat' dir='ltr'>Tiburtem</span> <span class='ocrx_word' id='word_1_145' title='bbox 1403 1306 1559 1344; x_wconf 85' lang='lat' dir='ltr'>agrum,</span> <span class='ocrx_word' id='word_1_146' title='bbox 1591 1300 1710 1343; x_wconf 88' lang='lat' dir='ltr'>atque</span> 
     </span>
     <span class='ocr_line' id='line_1_25' title="bbox 415 1346 1713 1401; baseline 0 -15"><span class='ocrx_word' id='word_1_147' title='bbox 415 1347 525 1397; x_wconf 89' lang='lat' dir='ltr'>inde,</span> <span class='ocrx_word' id='word_1_148' title='bbox 557 1346 742 1387; x_wconf 86' lang='lat' dir='ltr'>societate</span> <span class='ocrx_word' id='word_1_149' title='bbox 763 1347 856 1386; x_wconf 83' lang='lat' dir='ltr'>belli</span> <span class='ocrx_word' id='word_1_150' title='bbox 878 1347 1001 1395; x_wconf 56' lang='lat' dir='ltr'>facta,</span> <span class='ocrx_word' id='word_1_151' title='bbox 1034 1356 1342 1401; x_wconf 88' lang='lat' dir='ltr'>commeatuque</span> <span class='ocrx_word' id='word_1_152' title='bbox 1370 1347 1542 1401; x_wconf 75' lang='lat' dir='ltr'>benigne</span> <span class='ocrx_word' id='word_1_153' title='bbox 1564 1348 1612 1387; x_wconf 89' lang='lat' dir='ltr'>ab</span> <span class='ocrx_word' id='word_1_154' title='bbox 1639 1348 1713 1387; x_wconf 90' lang='lat' dir='ltr'>Ti-</span> 
     </span>
     <span class='ocr_line' id='line_1_26' title="bbox 414 1404 1713 1460; baseline -0.001 -16"><span class='ocrx_word' id='word_1_155' title='bbox 414 1404 598 1446; x_wconf 88' lang='lat' dir='ltr'>burtibus</span> <span class='ocrx_word' id='word_1_156' title='bbox 621 1406 799 1460; x_wconf 84' lang='lat' dir='ltr'>adjutus,</span> <span class='ocrx_word' id='word_1_157' title='bbox 831 1419 925 1444; x_wconf 88' lang='lat' dir='ltr'>mox</span> <span class='ocrx_word' id='word_1_158' title='bbox 948 1405 988 1443; x_wconf 89' lang='lat' dir='ltr'>in</span> <span class='ocrx_word' id='word_1_159' title='bbox 1005 1404 1269 1458; x_wconf 88' lang='lat' dir='ltr'>Campaniam</span> <span class='ocrx_word' id='word_1_160' title='bbox 1291 1405 1499 1445; x_wconf 82' lang='lat' dir='ltr'>transierit.</span> <span class='ocrx_word' id='word_1_161' title='bbox 1557 1404 1614 1443; x_wconf 91' lang='lat' dir='ltr'>Ea</span> <span class='ocrx_word' id='word_1_162' title='bbox 1635 1404 1713 1444; x_wconf 84' lang='lat' dir='ltr'>fuit</span> 
     </span>
    </p>
   </div>
   <div class='ocr_carea' id='block_1_6' title="bbox 196 1462 1713 1522">
    <p class='ocr_par' dir='ltr' id='par_1_7' title="bbox 196 1462 1713 1522">
     <span class='ocr_line' id='line_1_27' title="bbox 196 1462 1713 1522; baseline -0.002 -19"><span class='ocrx_word' id='word_1_163' title='bbox 196 1486 236 1515; x_wconf 89' lang='lat' dir='ltr'>C.</span> <span class='ocrx_word' id='word_1_164' title='bbox 255 1484 399 1522; x_wconf 80' lang='lat' dir='ltr'>Poetelio,</span> <span class='ocrx_word' id='word_1_165' title='bbox 416 1463 545 1511; x_wconf 85' lang='lat' dir='ltr'>causa,</span> <span class='ocrx_word' id='word_1_166' title='bbox 579 1477 650 1502; x_wconf 84' lang='lat' dir='ltr'>cur</span> <span class='ocrx_word' id='word_1_167' title='bbox 685 1463 870 1516; x_wconf 84' lang='lat' dir='ltr'>proximo</span> <span class='ocrx_word' id='word_1_168' title='bbox 911 1477 1017 1503; x_wconf 86' lang='lat' dir='ltr'>anno</span> <span class='ocrx_word' id='word_1_169' title='bbox 1059 1462 1107 1503; x_wconf 89' lang='lat' dir='ltr'>C.</span> <span class='ocrx_word' id='word_1_170' title='bbox 1144 1462 1340 1502; x_wconf 85' lang='lat' dir='ltr'>Poetelius</span> <span class='ocrx_word' id='word_1_171' title='bbox 1375 1462 1524 1502; x_wconf 88' lang='lat' dir='ltr'>Balbus</span> <span class='ocrx_word' id='word_1_172' title='bbox 1559 1462 1713 1510; x_wconf 85' lang='lat' dir='ltr'>consul,</span> 
     </span>
    </p>
   </div>
   <div class='ocr_carea' id='block_1_7' title="bbox 196 1529 363 1604">
    <p class='ocr_par' dir='ltr' id='par_1_8' title="bbox 196 1529 363 1604">
     <span class='ocr_line' id='line_1_28' title="bbox 196 1529 363 1560; baseline 0.006 -1"><span class='ocrx_word' id='word_1_173' title='bbox 196 1530 246 1559; x_wconf 90' lang='grc' dir='ltr'>Μ.</span> <span class='ocrx_word' id='word_1_174' title='bbox 265 1529 363 1560; x_wconf 85' lang='lat' dir='ltr'>Fabio</span> 
     </span>
     <span class='ocr_line' id='line_1_29' title="bbox 196 1573 276 1604; baseline 0 0"><span class='ocrx_word' id='word_1_175' title='bbox 196 1573 276 1604; x_wconf 70' lang='lat' dir='ltr'>Coss‘.</span> 
     </span>
    </p>
   </div>
   <div class='ocr_carea' id='block_1_8' title="bbox 413 1519 1714 1920">
    <p class='ocr_par' dir='ltr' id='par_1_9' title="bbox 413 1519 1714 1920">
     <span class='ocr_line' id='line_1_30' title="bbox 416 1519 1713 1575; baseline -0.002 -15"><span class='ocrx_word' id='word_1_176' title='bbox 416 1535 543 1574; x_wconf 91' lang='lat' dir='ltr'>quum</span> <span class='ocrx_word' id='word_1_177' title='bbox 566 1521 729 1575; x_wconf 82' lang='lat' dir='ltr'>collegae</span> <span class='ocrx_word' id='word_1_178' title='bbox 751 1521 837 1575; x_wconf 87' lang='lat' dir='ltr'>ejus</span> <span class='ocrx_word' id='word_1_179' title='bbox 860 1521 921 1560; x_wconf 89' lang='lat' dir='ltr'>M.</span> <span class='ocrx_word' id='word_1_180' title='bbox 946 1520 1068 1560; x_wconf 90' lang='lat' dir='ltr'>Fabio</span> <span class='ocrx_word' id='word_1_181' title='bbox 1088 1520 1287 1560; x_wconf 83' lang='lat' dir='ltr'>Ambusto</span> <span class='ocrx_word' id='word_1_182' title='bbox 1309 1520 1479 1560; x_wconf 88' lang='lat' dir='ltr'>Hernici</span> <span class='ocrx_word' id='word_1_183' title='bbox 1508 1519 1713 1573; x_wconf 84' lang='lat' dir='ltr'>provincia</span> 
     </span>
     <span class='ocr_line' id='line_1_31' title="bbox 415 1576 1714 1633; baseline -0.002 -15"><span class='ocrx_word' id='word_1_184' title='bbox 415 1579 614 1627; x_wconf 70' lang='lat' dir='ltr'>evenisset,</span> <span class='ocrx_word' id='word_1_185' title='bbox 644 1576 833 1618; x_wconf 70' lang='lat' dir='ltr'>adversus</span> <span class='ocrx_word' id='word_1_186' title='bbox 853 1578 1044 1618; x_wconf 87' lang='lat' dir='ltr'>Tiburtes</span> <span class='ocrx_word' id='word_1_187' title='bbox 1061 1579 1166 1633; x_wconf 85' lang='lat' dir='ltr'>jussu</span> <span class='ocrx_word' id='word_1_188' title='bbox 1188 1578 1327 1632; x_wconf 89' lang='lat' dir='ltr'>populi</span> <span class='ocrx_word' id='word_1_189' title='bbox 1348 1577 1714 1618; x_wconf 78' lang='lat' dir='ltr'>exereitumduce-</span> 
     </span>
     <span class='ocr_line' id='line_1_32' title="bbox 414 1634 1714 1689; baseline -0.002 -14"><span class='ocrx_word' id='word_1_190' title='bbox 414 1646 487 1676; x_wconf 86' lang='lat' dir='ltr'>ret.</span> <span class='ocrx_word' id='word_1_191' title='bbox 521 1637 570 1676; x_wconf 90' lang='lat' dir='ltr'>ad</span> <span class='ocrx_word' id='word_1_192' title='bbox 593 1651 765 1689; x_wconf 88' lang='lat' dir='ltr'>quorum</span> <span class='ocrx_word' id='word_1_193' title='bbox 789 1636 984 1675; x_wconf 89' lang='lat' dir='ltr'>auxilium</span> <span class='ocrx_word' id='word_1_194' title='bbox 1006 1651 1133 1689; x_wconf 83' lang='lat' dir='ltr'>quum</span> <span class='ocrx_word' id='word_1_195' title='bbox 1152 1636 1262 1676; x_wconf 89' lang='lat' dir='ltr'>Galli</span> <span class='ocrx_word' id='word_1_196' title='bbox 1283 1650 1331 1675; x_wconf 79' lang='lat' dir='ltr'>ex</span> <span class='ocrx_word' id='word_1_197' title='bbox 1349 1635 1571 1688; x_wconf 68' lang='lat' dir='ltr'>Campania</span> <span class='ocrx_word' id='word_1_198' title='bbox 1592 1634 1714 1674; x_wconf 80' lang='lat' dir='ltr'>redis—</span> 
     </span>
     <span class='ocr_line' id='line_1_33' title="bbox 414 1693 1711 1748; baseline -0.002 -14"><span class='ocrx_word' id='word_1_199' title='bbox 414 1695 515 1744; x_wconf 88' lang='lat' dir='ltr'>sent,</span> <span class='ocrx_word' id='word_1_200' title='bbox 548 1693 668 1734; x_wconf 86' lang='lat' dir='ltr'>foedae</span> <span class='ocrx_word' id='word_1_201' title='bbox 698 1694 978 1748; x_wconf 87' lang='lat' dir='ltr'>populationes</span> <span class='ocrx_word' id='word_1_202' title='bbox 999 1694 1038 1732; x_wconf 89' lang='lat' dir='ltr'>in</span> <span class='ocrx_word' id='word_1_203' title='bbox 1061 1693 1280 1743; x_wconf 81' lang='lat' dir='ltr'>Lavicano‚</span> <span class='ocrx_word' id='word_1_204' title='bbox 1309 1694 1636 1746; x_wconf 85' lang='lat' dir='ltr'>Tusculanoque,</span> <span class='ocrx_word' id='word_1_205' title='bbox 1672 1694 1711 1732; x_wconf 82' lang='lat'>&amp;</span> 
     </span>
     <span class='ocr_line' id='line_1_34' title="bbox 415 1749 1710 1806; baseline -0.002 -14"><span class='ocrx_word' id='word_1_206' title='bbox 415 1752 577 1792; x_wconf 85' lang='lat' dir='ltr'>Albano</span> <span class='ocrx_word' id='word_1_207' title='bbox 599 1766 710 1806; x_wconf 84' lang='lat' dir='ltr'>agro,</span> <span class='ocrx_word' id='word_1_208' title='bbox 742 1751 850 1791; x_wconf 91' lang='lat' dir='ltr'>haud</span> <span class='ocrx_word' id='word_1_209' title='bbox 872 1750 990 1790; x_wconf 76' lang='lat' dir='ltr'>dubie</span> <span class='ocrx_word' id='word_1_210' title='bbox 1004 1750 1243 1790; x_wconf 85' lang='lat' dir='ltr'>Tiburtibus</span> <span class='ocrx_word' id='word_1_211' title='bbox 1263 1751 1448 1799; x_wconf 87' lang='lat' dir='ltr'>ducibus,</span> <span class='ocrx_word' id='word_1_212' title='bbox 1467 1750 1556 1790; x_wconf 90' lang='lat' dir='ltr'>sunt</span> <span class='ocrx_word' id='word_1_213' title='bbox 1577 1749 1710 1789; x_wconf 74' lang='lat' dir='ltr'>faC’cae.</span> 
     </span>
     <span class='ocr_line' id='line_1_35' title="bbox 413 1807 1713 1862; baseline -0.002 -13"><span class='ocrx_word' id='word_1_214' title='bbox 413 1809 482 1860; x_wconf 88' lang='lat' dir='ltr'>Et,</span> <span class='ocrx_word' id='word_1_215' title='bbox 515 1824 640 1862; x_wconf 87' lang='lat' dir='ltr'>quum</span> <span class='ocrx_word' id='word_1_216' title='bbox 664 1807 854 1849; x_wconf 68' lang='lat' dir='ltr'>adversus</span> <span class='ocrx_word' id='word_1_217' title='bbox 880 1809 1096 1848; x_wconf 89' lang='lat' dir='ltr'>Tiburtem</span> <span class='ocrx_word' id='word_1_218' title='bbox 1127 1808 1282 1848; x_wconf 88' lang='lat' dir='ltr'>hostem</span> <span class='ocrx_word' id='word_1_219' title='bbox 1302 1809 1405 1848; x_wconf 89' lang='lat' dir='ltr'>duce</span> <span class='ocrx_word' id='word_1_220' title='bbox 1427 1807 1586 1848; x_wconf 88' lang='lat' dir='ltr'>consule</span> <span class='ocrx_word' id='word_1_221' title='bbox 1616 1821 1713 1847; x_wconf 79' lang='lat' dir='ltr'>con·</span> 
     </span>
     <span class='ocr_line' id='line_1_36' title="bbox 414 1865 1713 1920; baseline -0.002 -13"><span class='ocrx_word' id='word_1_222' title='bbox 414 1877 523 1907; x_wconf 81' lang='lat' dir='ltr'>tenta</span> <span class='ocrx_word' id='word_1_223' title='bbox 544 1867 763 1920; x_wconf 87' lang='lat' dir='ltr'>respublica</span> <span class='ocrx_word' id='word_1_224' title='bbox 785 1868 891 1916; x_wconf 83' lang='lat' dir='ltr'>effet,</span> <span class='ocrx_word' id='word_1_225' title='bbox 911 1866 1094 1906; x_wconf 84' lang='lat' dir='ltr'>Gallicus</span> <span class='ocrx_word' id='word_1_226' title='bbox 1113 1868 1311 1905; x_wconf 86' lang='lat' dir='ltr'>tumultus</span> <span class='ocrx_word' id='word_1_227' title='bbox 1331 1865 1570 1905; x_wconf 55' lang='lat' dir='ltr'>dictatorem</span> <span class='ocrx_word' id='word_1_228' title='bbox 1587 1865 1713 1904; x_wconf 86' lang='lat' dir='ltr'>creari</span> 
     </span>
    </p>
   </div>
   <div class='ocr_carea' id='block_1_9' title="bbox 198 1922 1713 1982">
    <p class='ocr_par' dir='ltr' id='par_1_10' title="bbox 198 1922 1713 1982">
     <span class='ocr_line' id='line_1_37' title="bbox 198 1922 1713 1982; baseline -0.003 -17"><span class='ocrx_word' id='word_1_229' title='bbox 198 1937 243 1979; x_wconf 61' lang='lat' dir='ltr'><em>Q</em></span> <span class='ocrx_word' id='word_1_230' title='bbox 260 1935 397 1965; x_wconf 63' lang='lat' dir='ltr'>Servilius</span> <span class='ocrx_word' id='word_1_231' title='bbox 415 1925 561 1980; x_wconf 73' lang='lat' dir='ltr'>co&#39;e&#39;git.</span> <span class='ocrx_word' id='word_1_232' title='bbox 594 1934 751 1966; x_wconf 85' lang='lat' dir='ltr'>creatus</span> <span class='ocrx_word' id='word_1_233' title='bbox 783 1924 1049 1982; x_wconf 69' lang='lat' dir='ltr'>QServilius</span> <span class='ocrx_word' id='word_1_234' title='bbox 1073 1924 1203 1963; x_wconf 84' lang='lat' dir='ltr'>Ahala</span> <span class='ocrx_word' id='word_1_235' title='bbox 1223 1923 1276 1963; x_wconf 86' lang='lat' dir='ltr'>T.</span> <span class='ocrx_word' id='word_1_236' title='bbox 1301 1923 1546 1980; x_wconf 57' lang='lat' dir='ltr'>Qinetium</span> <span class='ocrx_word' id='word_1_237' title='bbox 1569 1922 1713 1977; x_wconf 85' lang='lat' dir='ltr'>magis-</span> 
     </span>
    </p>
   </div>
   <div class='ocr_carea' id='block_1_10' title="bbox 195 1984 324 2011">
    <p class='ocr_par' dir='ltr' id='par_1_11' title="bbox 195 1984 324 2011">
     <span class='ocr_line' id='line_1_38' title="bbox 195 1984 324 2011; baseline -0.008 0"><span class='ocrx_word' id='word_1_238' title='bbox 195 1984 324 2011; x_wconf 55' lang='lat' dir='ltr'>«librator.</span> 
     </span>
    </p>
   </div>
   <div class='ocr_carea' id='block_1_11' title="bbox 415 1980 1715 2211">
    <p class='ocr_par' dir='ltr' id='par_1_12' title="bbox 415 1980 1715 2211">
     <span class='ocr_line' id='line_1_39' title="bbox 415 1980 1715 2037; baseline -0.004 -13"><span class='ocrx_word' id='word_1_239' title='bbox 415 1994 523 2024; x_wconf 88' lang='lat' dir='ltr'>trum</span> <span class='ocrx_word' id='word_1_240' title='bbox 545 1983 729 2037; x_wconf 89' lang='lat' dir='ltr'>equitum</span> <span class='ocrx_word' id='word_1_241' title='bbox 751 1983 877 2030; x_wconf 89' lang='lat' dir='ltr'>dixit;</span> <span class='ocrx_word' id='word_1_242' title='bbox 912 1985 951 2023; x_wconf 85' lang='lat'>&amp;</span> <span class='ocrx_word' id='word_1_243' title='bbox 984 1996 1032 2021; x_wconf 77' lang='lat' dir='ltr'>ex</span> <span class='ocrx_word' id='word_1_244' title='bbox 1061 1981 1299 2021; x_wconf 65' lang='lat' dir='ltr'>auetoritate</span> <span class='ocrx_word' id='word_1_245' title='bbox 1329 1981 1511 2029; x_wconf 62' lang='lat' dir='ltr'>Panum,</span> <span class='ocrx_word' id='word_1_246' title='bbox 1544 1980 1569 2019; x_wconf 85' lang='lat' dir='ltr'>fi</span> <span class='ocrx_word' id='word_1_247' title='bbox 1604 1980 1715 2033; x_wconf 85' lang='lat' dir='ltr'>pros-</span> 
     </span>
     <span class='ocr_line' id='line_1_40' title="bbox 416 2037 1713 2095; baseline -0.004 -14"><span class='ocrx_word' id='word_1_248' title='bbox 416 2041 509 2095; x_wconf 74' lang='lat' dir='ltr'>pere</span> <span class='ocrx_word' id='word_1_249' title='bbox 533 2040 572 2080; x_wconf 89' lang='lat' dir='ltr'>id</span> <span class='ocrx_word' id='word_1_250' title='bbox 602 2040 753 2080; x_wconf 87' lang='lat' dir='ltr'>bellum</span> <span class='ocrx_word' id='word_1_251' title='bbox 779 2040 980 2089; x_wconf 72' lang='lat' dir='ltr'>evenisset,</span> <span class='ocrx_word' id='word_1_252' title='bbox 1015 2045 1035 2092; x_wconf 78' lang='lat'><em>†</em></span> <span class='ocrx_word' id='word_1_253' title='bbox 1064 2040 1180 2078; x_wconf 91' lang='lat' dir='ltr'>ludos</span> <span class='ocrx_word' id='word_1_254' title='bbox 1202 2046 1367 2093; x_wconf 76' lang='lat' dir='ltr'>magnos</span> <span class='ocrx_word' id='word_1_255' title='bbox 1387 2039 1507 2078; x_wconf 90' lang='lat' dir='ltr'>vovit.</span> <span class='ocrx_word' id='word_1_256' title='bbox 1569 2037 1713 2078; x_wconf 61' lang='lat' dir='ltr'>Diem-</span> 
     </span>
     <span class='ocr_line' id='line_1_41' title="bbox 415 2096 1714 2151; baseline -0.003 -13"><span class='ocrx_word' id='word_1_257' title='bbox 415 2109 492 2147; x_wconf 91' lang='lat' dir='ltr'>tor,</span> <span class='ocrx_word' id='word_1_258' title='bbox 514 2099 563 2138; x_wconf 86' lang='lat' dir='ltr'>ad</span> <span class='ocrx_word' id='word_1_259' title='bbox 585 2098 848 2138; x_wconf 83' lang='lat' dir='ltr'>continendos</span> <span class='ocrx_word' id='word_1_260' title='bbox 866 2097 1027 2151; x_wconf 90' lang='lat' dir='ltr'>proprio</span> <span class='ocrx_word' id='word_1_261' title='bbox 1048 2096 1152 2136; x_wconf 88' lang='lat' dir='ltr'>bello</span> <span class='ocrx_word' id='word_1_262' title='bbox 1168 2096 1360 2136; x_wconf 86' lang='lat' dir='ltr'>Tiburtes</span> <span class='ocrx_word' id='word_1_263' title='bbox 1381 2096 1579 2136; x_wconf 89' lang='lat' dir='ltr'>consulari</span> <span class='ocrx_word' id='word_1_264' title='bbox 1601 2109 1714 2134; x_wconf 80' lang='lat' dir='ltr'>exer-</span> 
     </span>
     <span class='ocr_line' id='line_1_42' title="bbox 416 2153 1712 2211; baseline -0.003 -15"><span class='ocrx_word' id='word_1_265' title='bbox 416 2157 499 2197; x_wconf 91' lang='lat' dir='ltr'>citu</span> <span class='ocrx_word' id='word_1_266' title='bbox 533 2156 636 2211; x_wconf 76' lang='lat' dir='ltr'>jufl&#39;o</span> <span class='ocrx_word' id='word_1_267' title='bbox 675 2169 850 2205; x_wconf 89' lang='lat' dir='ltr'>manere,</span> <span class='ocrx_word' id='word_1_268' title='bbox 897 2169 1036 2195; x_wconf 88' lang='lat' dir='ltr'>omnes</span> <span class='ocrx_word' id='word_1_269' title='bbox 1070 2155 1266 2209; x_wconf 87' lang='lat' dir='ltr'>juniores,</span> <span class='ocrx_word' id='word_1_270' title='bbox 1309 2155 1421 2194; x_wconf 89' lang='lat' dir='ltr'>nullo</span> <span class='ocrx_word' id='word_1_271' title='bbox 1460 2153 1712 2194; x_wconf 70' lang='lat' dir='ltr'>detra&amp;a11te</span> 
     </span>
    </p>
   </div>
   <div class='ocr_carea' id='block_1_12' title="bbox 414 2269 1715 2540">
    <p class='ocr_par' dir='ltr' id='par_1_13' title="bbox 414 2269 1715 2540">
     <span class='ocr_line' id='line_1_43' title="bbox 416 2269 1711 2314; baseline -0.002 -11"><span class='ocrx_word' id='word_1_272' title='bbox 416 2273 471 2314; x_wconf 84' lang='lat'>(9)</span> <span class='ocrx_word' id='word_1_273' title='bbox 497 2274 586 2303; x_wconf 83' lang='lat' dir='ltr'>Intra</span> <span class='ocrx_word' id='word_1_274' title='bbox 602 2271 703 2303; x_wconf 66' lang='lat' dir='ltr'>ictum</span> <span class='ocrx_word' id='word_1_275' title='bbox 731 2271 839 2314; x_wconf 83' lang='lat' dir='ltr'>gladii,</span> <span class='ocrx_word' id='word_1_276' title='bbox 860 2271 881 2302; x_wconf 89' lang='lat' dir='ltr'>i.</span> <span class='ocrx_word' id='word_1_277' title='bbox 907 2282 935 2302; x_wconf 92' lang='lat' dir='ltr'>e.</span> <span class='ocrx_word' id='word_1_278' title='bbox 963 2270 1098 2313; x_wconf 87' lang='lat' dir='ltr'>propior</span> <span class='ocrx_word' id='word_1_279' title='bbox 1124 2271 1214 2309; x_wconf 90' lang='lat' dir='ltr'>hosti,</span> <span class='ocrx_word' id='word_1_280' title='bbox 1236 2270 1335 2312; x_wconf 71' lang='lat' dir='ltr'>quam</span> <span class='ocrx_word' id='word_1_281' title='bbox 1352 2279 1387 2302; x_wconf 86' lang='lat' dir='ltr'>ut</span> <span class='ocrx_word' id='word_1_282' title='bbox 1403 2269 1510 2313; x_wconf 75' lang='lat' dir='ltr'>gladio</span> <span class='ocrx_word' id='word_1_283' title='bbox 1527 2271 1593 2312; x_wconf 88' lang='lat' dir='ltr'>ejus</span> <span class='ocrx_word' id='word_1_284' title='bbox 1609 2269 1711 2312; x_wconf 83' lang='lat' dir='ltr'>poffet</span> 
     </span>
     <span class='ocr_line' id='line_1_44' title="bbox 418 2315 1714 2358; baseline -0.003 -9"><span class='ocrx_word' id='word_1_285' title='bbox 418 2318 592 2350; x_wconf 83' lang='lat' dir='ltr'>vulnerari.</span> <span class='ocrx_word' id='word_1_286' title='bbox 640 2319 685 2348; x_wconf 88' lang='lat' dir='ltr'>lta</span> <span class='ocrx_word' id='word_1_287' title='bbox 707 2316 792 2347; x_wconf 73' lang='lat' dir='ltr'>infra</span> <span class='ocrx_word' id='word_1_288' title='bbox 809 2317 830 2346; x_wconf 89' lang='lat' dir='ltr'>l.</span> <span class='ocrx_word' id='word_1_289' title='bbox 854 2326 906 2354; x_wconf 81' lang='lat'>24.</span> <span class='ocrx_word' id='word_1_290' title='bbox 924 2328 949 2347; x_wconf 90' lang='lat' dir='ltr'>c.</span> <span class='ocrx_word' id='word_1_291' title='bbox 968 2327 1018 2356; x_wconf 86' lang='lat'>34.</span> <span class='ocrx_word' id='word_1_292' title='bbox 1045 2319 1186 2347; x_wconf 68' lang='lat' dir='ltr'>interiores</span> <span class='ocrx_word' id='word_1_293' title='bbox 1210 2319 1307 2347; x_wconf 59' lang='lat' dir='ltr'>itfiihus</span> <span class='ocrx_word' id='word_1_294' title='bbox 1324 2324 1527 2346; x_wconf 68' lang='lat' dir='ltr'>tormfntorum.</span> <span class='ocrx_word' id='word_1_295' title='bbox 1573 2315 1714 2358; x_wconf 84' lang='lat' dir='ltr'>Qadri-</span> 
     </span>
     <span class='ocr_line' id='line_1_45' title="bbox 418 2361 1715 2405; baseline -0.003 -12"><span class='ocrx_word' id='word_1_296' title='bbox 418 2362 524 2405; x_wconf 78' lang='lat' dir='ltr'>garlus</span> <span class='ocrx_word' id='word_1_297' title='bbox 553 2363 640 2403; x_wconf 84' lang='lat' dir='ltr'>apud</span> <span class='ocrx_word' id='word_1_298' title='bbox 657 2361 800 2392; x_wconf 76' lang='lat' dir='ltr'>Gellium</span> <span class='ocrx_word' id='word_1_299' title='bbox 817 2362 836 2391; x_wconf 90' lang='lat' dir='ltr'>l.</span> <span class='ocrx_word' id='word_1_300' title='bbox 854 2373 883 2393; x_wconf 85' lang='lat' dir='ltr'>C.</span> <span class='ocrx_word' id='word_1_301' title='bbox 901 2363 988 2402; x_wconf 74' lang='lat' dir='ltr'>eifitb</span> <span class='ocrx_word' id='word_1_302' title='bbox 1014 2364 1150 2392; x_wconf 70' lang='lat' dir='ltr'>Gallicum</span> <span class='ocrx_word' id='word_1_303' title='bbox 1172 2364 1297 2403; x_wconf 73' lang='lat' dir='ltr'>gladium</span> <span class='ocrx_word' id='word_1_304' title='bbox 1307 2363 1440 2404; x_wconf 72' lang='lat' dir='ltr'>succfft,</span> <span class='ocrx_word' id='word_1_305' title='bbox 1462 2369 1542 2402; x_wconf 79' lang='lat' dir='ltr'>atque</span> <span class='ocrx_word' id='word_1_306' title='bbox 1561 2361 1715 2402; x_wconf 58' lang='lat' dir='ltr'>Hypanim</span> 
     </span>
     <span class='ocr_line' id='line_1_46' title="bbox 414 2405 1713 2450; baseline -0.003 -12"><span class='ocrx_word' id='word_1_307' title='bbox 414 2413 510 2450; x_wconf 62' lang='lat' dir='ltr'>peeim</span> <span class='ocrx_word' id='word_1_308' title='bbox 527 2409 623 2450; x_wconf 71' lang='lat' dir='ltr'>haifit.</span> <span class='ocrx_word' id='word_1_309' title='bbox 668 2407 746 2447; x_wconf 90' lang='lat'><em>(10)</em></span> <span class='ocrx_word' id='word_1_310' title='bbox 769 2408 938 2448; x_wconf 69' lang='lat' dir='ltr'>Insputium</span> <span class='ocrx_word' id='word_1_311' title='bbox 955 2409 1045 2448; x_wconf 59' lang='lat' dir='ltr'>ingens</span> <span class='ocrx_word' id='word_1_312' title='bbox 1056 2410 1215 2448; x_wconf 77' lang='lat' dir='ltr'>porrigitur</span> <span class='ocrx_word' id='word_1_313' title='bbox 1239 2406 1294 2447; x_wconf 83' lang='lat' dir='ltr'>qui</span> <span class='ocrx_word' id='word_1_314' title='bbox 1317 2407 1423 2447; x_wconf 80' lang='lat' dir='ltr'>jacens</span> <span class='ocrx_word' id='word_1_315' title='bbox 1445 2405 1555 2447; x_wconf 78' lang='lat' dir='ltr'>ingens</span> <span class='ocrx_word' id='word_1_316' title='bbox 1575 2405 1713 2447; x_wconf 79' lang='lat' dir='ltr'>spatium</span> 
     </span>
     <span class='ocr_line' id='line_1_47' title="bbox 420 2451 1713 2494; baseline -0.004 -11"><span class='ocrx_word' id='word_1_317' title='bbox 420 2463 557 2494; x_wconf 85' lang='lat' dir='ltr'>corpore</span> <span class='ocrx_word' id='word_1_318' title='bbox 579 2458 725 2492; x_wconf 74' lang='lat' dir='ltr'>occupat.</span> <span class='ocrx_word' id='word_1_319' title='bbox 749 2451 837 2493; x_wconf 79' lang='lat' dir='ltr'>Virg.</span> <span class='ocrx_word' id='word_1_320' title='bbox 863 2452 881 2481; x_wconf 91' lang='lat' dir='ltr'>l.</span> <span class='ocrx_word' id='word_1_321' title='bbox 908 2451 935 2481; x_wconf 87' lang='lat'>6.</span> <span class='ocrx_word' id='word_1_322' title='bbox 952 2455 1026 2483; x_wconf 80' lang='lat' dir='ltr'>AEn.</span> <span class='ocrx_word' id='word_1_323' title='bbox 1051 2462 1077 2481; x_wconf 94' lang='lat' dir='ltr'>v.</span> <span class='ocrx_word' id='word_1_324' title='bbox 1095 2461 1173 2491; x_wconf 75' lang='lat'>597.</span> <span class='ocrx_word' id='word_1_325' title='bbox 1192 2460 1247 2493; x_wconf 80' lang='lat' dir='ltr'>per</span> <span class='ocrx_word' id='word_1_326' title='bbox 1262 2460 1319 2482; x_wconf 55' lang='lat' dir='ltr'>total</span> <span class='ocrx_word' id='word_1_327' title='bbox 1334 2464 1428 2481; x_wconf 72' lang='lat' dir='ltr'>novem</span> <span class='ocrx_word' id='word_1_328' title='bbox 1452 2454 1604 2492; x_wconf 72' lang='lat' dir='ltr'>cur&#39;jugera</span> <span class='ocrx_word' id='word_1_329' title='bbox 1620 2457 1713 2490; x_wconf 85' lang='lat' dir='ltr'>corpus</span> 
     </span>
     <span class='ocr_line' id='line_1_48' title="bbox 420 2496 1713 2540; baseline -0.004 -13"><span class='ocrx_word' id='word_1_330' title='bbox 420 2500 594 2540; x_wconf 80' lang='lat' dir='ltr'>Porrigitur.</span> <span class='ocrx_word' id='word_1_331' title='bbox 639 2497 716 2537; x_wconf 86' lang='lat'>(11)</span> <span class='ocrx_word' id='word_1_332' title='bbox 740 2497 830 2526; x_wconf 85' lang='lat' dir='ltr'>Ordo</span> <span class='ocrx_word' id='word_1_333' title='bbox 853 2496 905 2533; x_wconf 80' lang='lat' dir='ltr'>est,</span> <span class='ocrx_word' id='word_1_334' title='bbox 927 2499 1047 2526; x_wconf 80' lang='lat' dir='ltr'>anditum</span> <span class='ocrx_word' id='word_1_335' title='bbox 1073 2496 1115 2527; x_wconf 82' lang='lat' dir='ltr'>est</span> <span class='ocrx_word' id='word_1_336' title='bbox 1138 2510 1276 2537; x_wconf 65' lang='lat' dir='ltr'>cogtmmen</span> <span class='ocrx_word' id='word_1_337' title='bbox 1302 2498 1438 2536; x_wconf 50' lang='lat' dir='ltr'>‘Tarquini</span> <span class='ocrx_word' id='word_1_338' title='bbox 1460 2500 1529 2525; x_wconf 68' lang='lat' dir='ltr'>imer</span> <span class='ocrx_word' id='word_1_339' title='bbox 1548 2497 1713 2525; x_wconf 76' lang='lat' dir='ltr'>militariter</span> 
     </span>
    </p>
   </div>
   <div class='ocr_carea' id='block_1_13' title="bbox 409 2539 1712 2584">
    <p class='ocr_par' dir='ltr' id='par_1_14' title="bbox 409 2539 1712 2584">
     <span class='ocr_line' id='line_1_49' title="bbox 409 2539 1712 2584; baseline -0.005 -12"><span class='ocrx_word' id='word_1_340' title='bbox 409 2544 564 2584; x_wconf 78' lang='lat' dir='ltr'>joculantes</span> <span class='ocrx_word' id='word_1_341' title='bbox 579 2544 700 2583; x_wconf 81' lang='lat' dir='ltr'>qua‘dczm</span> <span class='ocrx_word' id='word_1_342' title='bbox 712 2543 846 2572; x_wconf 61' lang='lat' dir='ltr'>incondita</span> <span class='ocrx_word' id='word_1_343' title='bbox 857 2549 945 2583; x_wconf 76' lang='lat' dir='ltr'>prope</span> <span class='ocrx_word' id='word_1_344' title='bbox 964 2544 1114 2571; x_wconf 75' lang='lat' dir='ltr'>carminum</span> <span class='ocrx_word' id='word_1_345' title='bbox 1130 2544 1242 2572; x_wconf 64' lang='lat' dir='ltr'>nudum.</span> <span class='ocrx_word' id='word_1_346' title='bbox 1289 2541 1377 2582; x_wconf 83' lang='lat' dir='ltr'>[Non</span> <span class='ocrx_word' id='word_1_347' title='bbox 1396 2548 1515 2571; x_wconf 79' lang='lat' dir='ltr'>temere</span> <span class='ocrx_word' id='word_1_348' title='bbox 1527 2539 1712 2579; x_wconf 79' lang='lat' dir='ltr'>improban-</span> 
     </span>
    </p>
   </div>
   <div class='ocr_carea' id='block_1_14' title="bbox 420 2583 1713 2764">
    <p class='ocr_par' dir='ltr' id='par_1_15' title="bbox 420 2583 1713 2716">
     <span class='ocr_line' id='line_1_50' title="bbox 420 2583 1713 2627; baseline -0.005 -10"><span class='ocrx_word' id='word_1_349' title='bbox 420 2589 461 2617; x_wconf 88' lang='lat' dir='ltr'>da</span> <span class='ocrx_word' id='word_1_350' title='bbox 478 2587 608 2618; x_wconf 84' lang='lat' dir='ltr'>videtur</span> <span class='ocrx_word' id='word_1_351' title='bbox 624 2585 731 2622; x_wconf 58' lang='lat' dir='ltr'>leetio,</span> <span class='ocrx_word' id='word_1_352' title='bbox 754 2597 851 2626; x_wconf 87' lang='lat' dir='ltr'>quam</span> <span class='ocrx_word' id='word_1_353' title='bbox 868 2587 991 2616; x_wconf 78' lang='lat' dir='ltr'>codices</span> <span class='ocrx_word' id='word_1_354' title='bbox 1009 2586 1132 2626; x_wconf 81' lang='lat' dir='ltr'>aliquot</span> <span class='ocrx_word' id='word_1_355' title='bbox 1159 2587 1321 2622; x_wconf 81' lang='lat' dir='ltr'>exhibent,</span> <span class='ocrx_word' id='word_1_356' title='bbox 1333 2588 1501 2627; x_wconf 61' lang='lat' dir='ltr'>jaculantes.</span> <span class='ocrx_word' id='word_1_357' title='bbox 1545 2583 1618 2612; x_wconf 81' lang='lat' dir='ltr'>Vid.</span> <span class='ocrx_word' id='word_1_358' title='bbox 1635 2584 1713 2623; x_wconf 76' lang='lat' dir='ltr'>†ja—</span> 
     </span>
     <span class='ocr_line' id='line_1_51' title="bbox 420 2629 1712 2672; baseline -0.005 -11"><span class='ocrx_word' id='word_1_359' title='bbox 420 2645 488 2667; x_wconf 76' lang='lat' dir='ltr'>cere,</span> <span class='ocrx_word' id='word_1_360' title='bbox 511 2633 541 2661; x_wconf 70' lang='lat' dir='ltr'>Sc</span> <span class='ocrx_word' id='word_1_361' title='bbox 559 2632 579 2662; x_wconf 90' lang='lat' dir='ltr'>l.</span> <span class='ocrx_word' id='word_1_362' title='bbox 598 2640 650 2668; x_wconf 86' lang='lat'>42.</span> <span class='ocrx_word' id='word_1_363' title='bbox 671 2642 696 2661; x_wconf 84' lang='lat' dir='ltr'>c.</span> <span class='ocrx_word' id='word_1_364' title='bbox 713 2641 764 2669; x_wconf 80' lang='grc'>54.</span> <span class='ocrx_word' id='word_1_365' title='bbox 781 2630 874 2660; x_wconf 51' lang='lat' dir='ltr'>infra.</span> <span class='ocrx_word' id='word_1_366' title='bbox 899 2631 947 2671; x_wconf 86' lang='lat' dir='ltr'>E.]</span> <span class='ocrx_word' id='word_1_367' title='bbox 993 2632 1070 2672; x_wconf 85' lang='lat'>(12)</span> <span class='ocrx_word' id='word_1_368' title='bbox 1096 2633 1181 2662; x_wconf 61' lang='lat' dir='ltr'>lnsrssi</span> <span class='ocrx_word' id='word_1_369' title='bbox 1200 2632 1259 2662; x_wconf 84' lang='lat' dir='ltr'>hoc</span> <span class='ocrx_word' id='word_1_370' title='bbox 1278 2630 1334 2663; x_wconf 81' lang='lat' dir='ltr'>lib.</span> <span class='ocrx_word' id='word_1_371' title='bbox 1352 2642 1378 2661; x_wconf 79' lang='lat' dir='ltr'>C.</span> <span class='ocrx_word' id='word_1_372' title='bbox 1397 2630 1448 2668; x_wconf 64' lang='lat'>36.</span> <span class='ocrx_word' id='word_1_373' title='bbox 1476 2629 1591 2672; x_wconf 64' lang='lat' dir='ltr'>‘ystrum</span> <span class='ocrx_word' id='word_1_374' title='bbox 1607 2630 1660 2656; x_wconf 74' lang='lat' dir='ltr'>iter</span> <span class='ocrx_word' id='word_1_375' title='bbox 1681 2639 1712 2656; x_wconf 77' lang='lat' dir='ltr'>ac</span> 
     </span>
     <span class='ocr_line' id='line_1_52' title="bbox 421 2677 985 2716; baseline -0.004 -10"><span class='ocrx_word' id='word_1_376' title='bbox 421 2679 532 2707; x_wconf 79' lang='lat' dir='ltr'>reditum</span> <span class='ocrx_word' id='word_1_377' title='bbox 549 2677 736 2716; x_wconf 56' lang='lat' dir='ltr'>omnia-ferula</span> <span class='ocrx_word' id='word_1_378' title='bbox 753 2677 985 2715; x_wconf 70' lang='lat' dir='ltr'>(anilibusfirmt.</span> 
     </span>
    </p>

    <p class='ocr_par' dir='ltr' id='par_1_16' title="bbox 1506 2714 1706 2764">
     <span class='ocr_line' id='line_1_53' title="bbox 1506 2714 1706 2764; baseline -0.005 -11"><span class='ocrx_word' id='word_1_379' title='bbox 1506 2714 1706 2764; x_wconf 81' lang='lat' dir='ltr'>militiam,</span> 
     </span>
    </p>
   </div>
  </div>
 </body>
</html>
