1853 3158
396 282 680 326 LIBER
743 283 798 325 v.
860 268 966 325 c'A
998 284 1042 326 P.
1104 282 1306 325 XXXIV.

209 408 281 447 to;
315 396 426 452 quod
462 401 631 445 alterum
671 397 854 439 Tuscum
887 399 1097 439 communi
1133 398 1331 439 vocabulo
1363 396 1510 453 gentis,

207 459 379 495 alterum
401 456 682 495 Hadriaticum
705 469 829 503 mare,
852 456 900 495 ab
921 456 1076 496 Hadria
1090 455 1320 496 Tuscorum
1337 455 1510 503 colonia,

208 527 400 552 vocavere
422 514 568 552 Italicae
581 522 733 566 gentes.
798 513 935 552 Graeci
952 514 1092 552 eadem
1109 513 1371 567 Tyrrhenum
1389 522 1510 565 atque

206 571 488 609 Hadriaticum
510 579 667 609 vocant.
701 570 762 622 (6)
794 570 826 608 Ii
859 570 900 608 in
930 579 1148 622 utrumque
1169 584 1279 609 mare
1300 579 1510 623 vergentes

208 627 414 666 incoluere
436 626 600 666 urbibus
622 626 819 665 duodenis
842 635 994 675 terras;
1028 625 1140 679 prius
1162 627 1218 666 cis
1245 627 1511 680 Apenninum

208 686 258 723 ad
298 683 473 723 inferum
504 697 630 733 mare,
662 683 796 737 postea
836 692 946 723 trans
984 683 1268 736 Apenninum,
1319 684 1510 732 totidem,

208 751 308 794 quot
330 741 457 794 capita
493 741 660 795 originis
682 749 810 791 erant,
832 740 1000 780 coloniis
1018 738 1138 780 miflis
1156 755 1164 779 :
1198 743 1260 794 (7)
1292 754 1384 793 quae
1399 750 1511 779 trans

207 798 363 837 Padum
395 798 531 837 omnia
552 799 657 848 loca,
689 807 857 851 excepto
885 798 1143 836 Venetorum
1175 799 1339 851 angulo,
1371 797 1441 850 qui
1464 796 1511 835 fi-

206 869 305 893 num
336 854 630 897 circumcolunt
651 855 788 905 maris,
818 854 942 907 usque
964 855 1014 894 ad
1037 855 1162 908 Alpes
1193 864 1372 894 tenuere.
1435 854 1511 893 Al-

207 912 311 965 pinis
334 926 497 965 quoque
527 926 573 951 ea
594 911 781 966 gentibus
813 911 921 951 haud
943 911 1064 951 dubie
1085 912 1199 965 origo
1229 910 1301 960 est,
1333 909 1509 950 maxime

206 969 357 1009 Raetis:
390 983 490 1022 quos
526 971 613 1009 loca
654 968 735 1022 ipsa
771 969 1004 1018 efferarunt,
1037 983 1086 1009 ne
1122 968 1221 1021 quid
1256 982 1304 1008 ex
1326 968 1509 1020 antiquo,

204 1036 348 1079 praeter
364 1025 505 1065 sonum
538 1027 702 1080 linguae,
735 1040 808 1066 nec
830 1040 925 1065 eum
945 1026 1245 1079 incorruptum,
1275 1026 1507 1065 retinerent.

260 1083 461 1121 XXXIV.v
493 1083 560 1122 De
582 1084 746 1122 transitu
768 1083 809 1122 in
831 1084 988 1122 Italiam
1011 1084 1228 1123 Gallorum
1250 1082 1336 1122 haec
1354 1081 1509 1134 accepi·
1531 1089 1677 1130 ‘Traqfitm

203 1153 306 1179 mus.
366 1139 500 1179 Prisco
520 1139 747 1193 Tarquinio
770 1141 916 1179 Romae
934 1150 1142 1195 regnante,
1165 1141 1394 1188 Celtarum,
1417 1154 1507 1191 quae
1528 1135 1672 1164 (5⁶²²th
1691 1136 1718 1163 ‘⁶

201 1211 291 1249 pars
314 1197 458 1237 Galliae
479 1198 594 1236 tertia
610 1197 684 1247 est,
706 1211 827 1250 penes
845 1198 1047 1252 Bituriges
1062 1197 1217 1236 summa
1239 1197 1397 1250 imperii
1417 1196 1509 1237 fuit.

203 1254 230 1292 ii
252 1268 387 1308 regem
410 1255 567 1294 Celtico
600 1257 661 1307 (1)
693 1254 853 1294 dabant.
918 1254 1161 1307 Ambigatus
1183 1255 1214 1293 is
1237 1253 1332 1303 fuit,
1361 1254 1508 1293 virtute

202 1310 445 1363 fortunaque
480 1325 608 1363 quum
650 1311 732 1360 sua,
764 1321 852 1349 tum
899 1311 1076 1363 publicai,
1108 1312 1363 1364 praepollens,
1396 1309 1509 1363 quod

203 1370 264 1420 (2)
297 1368 466 1421 imperio
488 1369 575 1422 ejus
614 1368 748 1407 Gallia
771 1367 872 1407 adeo
894 1368 1061 1422 frugum
1081 1367 1378 1421 hominumque
1396 1368 1508 1407 ferti-

200 1424 248 1463 lis
271 1424 364 1474 fuit,
398 1434 442 1463 ut
473 1424 682 1464 abundans
704 1425 922 1464 multitudo
963 1425 1028 1464 vix
1051 1424 1134 1478 regi
1163 1425 1365 1465 videretur
1386 1425 1506 1478 pofie.

203 1481 284 1520 Hic
314 1495 461 1534 magno
489 1491 585 1520 natu
608 1482 689 1533 ipse
723 1483 826 1536 jam,
855 1495 1071 1521 exonerare
1094 1492 1368 1536 praegravante
1390 1481 1508 1521 turb&

204 1552 374 1590 regnum
397 1537 578 1590 cupiens,
610 1539 861 1577 Bellovesum
881 1553 925 1578 ac
947 1538 1199 1592 Sigovesum,
1220 1539 1363 1578 sororis
1387 1538 1507 1587 filios,

203 1594 395 1648 impigros
412 1596 595 1648 juvenes,
628 1595 835 1634 miffurum
857 1595 894 1634 se
924 1596 1015 1645 effe,
1038 1595 1078 1634 in
1101 1609 1199 1648 quas
1221 1596 1293 1635 Dii
1315 1596 1509 1635 dediss'ent

202 1652 379 1704 auguriis
423 1651 548 1701 sedes,
580 1652 766 1690 ostendit.
831 1651 1010 1706 „Qantmn
1041 1652 1106 1706 ipsi
1141 1653 1275 1691 vellent
1311 1668 1507 1692 numerum

201 1708 402 1757 hwninum,
423 1711 597 1756 excirent,
616 1724 659 1746 ne
672 1724 744 1760 qua
753 1724 844 1762 gens
856 1724 982 1748 arcere
995 1710 1228 1748 advenientes
1239 1711 1360 1765 pfft.
1392 1710 1506 1750 Tum

199 1765 389 1817 Sigoveso
426 1765 596 1804 sortibus
633 1766 714 1804 dati
752 1769 812 1818 (3)
864 1765 1061 1820 Hercynii
1102 1766 1246 1806 saltus:
1298 1766 1506 1807 Belloveso

200 1821 308 1861 haud
342 1823 476 1874 paullo
510 1822 703 1861 laetiorem
727 1822 767 1860 in
809 1823 966 1861 Italiam
1003 1823 1108 1862 viam
1129 1823 1201 1862 Dii
1227 1823 1388 1864 dabant.
1451 1824 1507 1873 Is,

202 1882 261 1933 (4)
295 1880 404 1932 quod
425 1879 481 1918 eis
505 1893 552 1917 ex
572 1879 732 1933 populis
754 1878 996 1928 abundabat,
1029 1880 1250 1934 Bituriges,
1284 1883 1507 1929 Arvernos,

1324 1938 1507 1978 Senones

204 2052 265 2083 illis
279 2063 354 2094 opes
373 2053 492 2085 fuerint
510 2065 568 2096 per
585 2065 674 2086 mare
701 2054 853 2097 superum
882 2054 1098 2096 inferumque,
1123 2065 1162 2085 ex
1184 2055 1302 2086 horum
1319 2054 1507 2086 nominibus

203 2098 312 2137 liquet.
344 2100 399 2138 (6)
421 2100 518 2129 Tusci
531 2100 694 2131 incoluere
708 2108 809 2131 terras
826 2108 993 2142 vergentes
1004 2100 1036 2130 in
1051 2107 1227 2140 utrumque
1244 2111 1332 2131 mare
1349 2100 1509 2131 duodenis

203 2141 235 2171 in
250 2142 377 2183 quaque
396 2143 526 2185 regione
549 2144 693 2175 urbibus.
728 2145 794 2186 .(7)
821 2147 905 2188 Qae,
929 2155 1046 2185 nempe
1068 2144 1215 2180 coloniae,
1239 2153 1346 2175 tenuere
1361 2149 1451 2175 omnia
1468 2147 1508 2174 lo-

203 2200 233 2216 ιιι
259 2189 318 2217 &c-

250 2232 284 2261 C.
311 2241 364 2269 34.
388 2233 441 2271 (1)
470 2234 571 2262 Celtica
589 2241 721 2264 vocatur
749 2232 866 2263 Plinio.
917 2234 1202 2276 Qemadmodum
1219 2241 1328 2264 autem
1351 2233 1410 2264 sub
1427 2243 1508 2263 voce

205 2276 306 2304 Celtica
320 2275 511 2316 intelligitur
534 2281 619 2319 regio,
642 2277 686 2307 ita
704 2278 761 2308 sub
781 2279 910 2307 Celticum
941 2278 1080 2319 intelligi
1106 2278 1212 2318 potest
1228 2286 1326 2319 corpus
1352 2278 1403 2309 vel
1421 2282 1507 2319 impe-

202 2322 288 2355 rium,
310 2320 361 2349 vcl
390 2320 469 2359 quid
486 2320 595 2352 simile.
641 2322 697 2362 (2)
720 2324 841 2363 Imperio
867 2326 935 2363 ejus,
957 2333 1018 2362 pro
1044 2323 1225 2363 imperante
1250 2321 1327 2353 illo:
1353 2323 1507 2362 quemad-

203 2364 336 2392 modum
354 2366 434 2400 lmlis,
450 2375 510 2404 pro
523 2375 561 2395 eo
578 2364 629 2396 die
647 2376 713 2405 quo
726 2366 796 2396 ludi
812 2367 1005 2403 edebantur,
1018 2367 1113 2407 supra
1128 2367 1146 2397 l.
1160 2377 1187 2398 2.
1203 2377 1228 2397 c.
1247 2366 1298 2406 36.
1346 2368 1401 2406 (3)
1426 2367 1507 2396 Vul-

201 2410 243 2447 go
263 2409 402 2437 Her-cmii.
426 2408 476 2438 sed
502 2409 622 2440 Graecis
650 2410 807 2452 ‘Egmm&
834 2409 951 2453 δρυμΘ
969 2410 1080 2452 paffim
1097 2411 1258 2442 scribitur.
1308 2411 1360 2451 (4)
1388 2410 1507 2441 Bituri-

202 2462 255 2491 ges
289 2452 348 2480 &a
373 2452 511 2489 excivit3
535 2464 601 2484 non
634 2453 765 2493 quidem
790 2454 967 2491 universos,
991 2456 1043 2486 sed
1068 2456 1156 2495 quod
1174 2466 1211 2486 ex
1237 2455 1281 2486 eis
1309 2455 1506 2486 abundabat.

201 2497 310 2536 [Hanc
329 2495 502 2526 lcftionem
519 2497 642 2533 reduxi,
665 2509 736 2537 quae
760 2499 861 2539 vulgo
883 2498 917 2528 in
934 2499 1027 2530 editis
1044 2499 1187 2531 obtinuit
1204 2508 1279 2530 ante
1296 2500 1508 2530 Drakenbor—

201 2539 320 2569 chium.
369 2541 405 2574 Is,
431 2541 639 2571 suadentibus
677 2543 836 2573 Rhenano
864 2543 895 2572 8<
926 2544 994 2585 Jac.
1022 2545 1204 2581 Gronovio,
1227 2543 1376 2585 pluribus
1409 2544 1507 2574 etiam

200 2583 367 2613 codicibus
395 2584 521 2625 scriptis
539 2585 800 2626 suffragantibus,
823 2586 912 2617 dedit
929 2590 997 2628 quod
1009 2592 1063 2629 ejus
1080 2602 1113 2618 ex
1125 2591 1236 2630 populis
1253 2589 1422 2618 abundabat.
1471 2592 1507 2618 Ta*

199 2631 256 2668 <jus
281 2628 457 2659 Rhenanus
483 2630 581 2659 refert
599 2631 640 2660 ad
658 2630 880 2671 Ambigatum,
903 2633 992 2671 quod
1009 2632 1087 2663 mihi
1111 2633 1335 2663 duriusculum
1352 2633 1506 2669 videtur3

201 2680 234 2703 at
252 2673 316 2711 Jac.
342 2673 532 2705 Gronovius
546 2674 587 2704 ad
604 2675 788 2716 praecedens
810 2689 943 2704 :wama
961 2678 1107 2714 lominum,
1144 2678 1308 2719 jungenda
1326 2676 1384 2708 effe
1398 2676 1505 2708 obser-

244 2717 339 2747 Tem.
356 2717 380 2748 1.
845 2722 870 2750 C
895 2731 910 2749 c
1425 2730 1504 2750 vans

1526 1180 1653 1209 Italiam.
