1853 3158
407 262 1277 309 LIBER1v.cAP.xxx.
1634 277 1715 320 299

189 381 324 439 primo
346 382 386 422 in
409 380 578 436 agrestes
597 381 831 435 ingruerant
853 379 1103 433 servitiaque.
1132 379 1227 419 urbs
1250 377 1395 418 deinde
1417 376 1494 416 im-

190 442 337 494 pletur.
376 439 465 479 Nec
487 451 654 491 corpora
677 435 801 477 modo
824 437 968 476 affecta
991 438 1101 486 tabo,
1124 436 1191 476 sed
1213 436 1370 476 animos
1392 448 1495 488 quo-

191 512 271 550 que
293 497 502 549 multiplex
538 495 694 548 religio,
728 497 767 534 δι’
805 495 995 547 pleraque
1017 504 1197 542 externa,
1230 493 1394 539 invasit·‚
1423 505 1496 530 no-
1516 510 1648 540 Externa
1666 508 1719 547 su.

191 569 263 594 vos
295 555 397 593 ritus
418 551 666 592 sacrificandi
695 551 951 590 vaticinando
974 550 1242 590 inferentibus
1273 550 1314 588 in
1337 550 1497 597 domos,
1513 553 1647 598 pesstitio.

192 614 256 665 (7)
277 610 420 664 quibus
438 608 606 661 quaestui
624 608 715 647 sunt
736 608 841 660 capti
870 607 1147 660 superstitione
1165 607 1312 646 animi:
1345 608 1405 658 (8)
1426 606 1499 644 do-

191 682 267 708 nec
297 667 480 721 publicus
513 667 597 720 jam
620 666 751 719 pudor
783 665 832 703 ad
861 665 1058 717 primores
1092 663 1264 703 civitatis
1300 661 1500 716 pervenit,

193 726 403 764 cernentes
424 724 466 761 in
488 723 678 762 omnibus
697 722 795 761 vicis
814 720 1043 773 sacellisque
1062 721 1273 774 peregrina
1296 730 1416 772 atque
1440 719 1502 757 in-

193 782 306 822 solita
327 781 482 834 piacula
507 781 567 834 (9)
589 781 698 833 pacis
720 777 860 818 Deum
888 777 1165 831 exposcendae.
1225 777 1383 816 Datum
1407 775 1500 815 inde

194 838 405 892 negotium
427 837 626 886 aedilibus,
660 846 704 875 ut
726 836 1109 884 animadverterent,
1133 848 1184 873 ne
1206 833 1291 886 qui,
1322 833 1392 871 nifi
1414 833 1502 871 Ro-
1520 869 1551 898 U
1631 876 1644 887 a
1674 867 1691 899 g

195 896 304 935 mani
327 895 412 944 Dii,
444 909 524 933 neu
558 909 639 946 quo
673 893 751 932 alio
775 906 902 941 more,
932 891 1056 944 quam
1079 891 1224 945 patrio,
1257 891 1498 930 colerentur.
1521 876 1707 949 23:52}ss

195 953 272 992 Irae
304 949 494 991 adversus
516 951 711 1005 Vejentes
740 950 780 988 in
816 949 1095 1001 insequentem
1127 962 1296 995 annum,
1329 950 1420 1001 (10)
1452 946 1499 986 C.
1522 959 1561 988 C.
1579 956 1727 992 Servilio,

194 1009 411 1049 Servilium
446 1007 639 1059 Ahalam,
672 1007 719 1047 L.
756 1006 964 1060 Papirium
988 1005 1267 1059 Mugillanum
1302 1004 1501 1051 consules,
1521 1004 1562 1032 L.
1580 1000 1713 1043 Papirio

192 1066 326 1105 dilatae
349 1065 451 1104 sunt.
513 1065 634 1109 Tunc
658 1078 835 1117 quoque,
867 1077 918 1102 ne
942 1063 1154 1102 confestim
1175 1061 1328 1101 bellum
1351 1061 1503 1100 indice·
1523 1046 1608 1078 Coff.

191 1132 322 1173 retur,
354 1135 453 1161 neve
474 1123 673 1162 exercitus
690 1122 964 1170 mitterentur,
986 1120 1127 1174 religio
1149 1118 1315 1158 obstitit.
1339 1118 1503 1158 feciales

195 1177 308 1233 prius
341 1179 563 1219 mittendos
595 1180 645 1219 ad
665 1192 728 1218 res
748 1178 987 1230 repetendas
1022 1176 1225 1217 censuere.
1287 1175 1396 1215 Cum
1420 1175 1504 1214 Ve-

192 1236 372 1291 jentibus
395 1238 484 1290 (11)
506 1250 637 1290 nuper
658 1236 741 1275 acie
764 1234 1003 1275 dimicatum
1027 1235 1076 1273 ad
1096 1233 1353 1273 Nomentum
1378 1234 1418 1273 ὅ(
1438 1232 1505 1270 Fi-

163 1332 166 1333 r
197 1294 321 1333 denas
343 1293 498 1333 fuerat:
530 1293 786 1345 induciaeque
809 1292 920 1342 inde,
942 1305 1024 1330 non
1045 1305 1140 1344 pax,
1163 1290 1270 1330 faeta
1289 1305 1297 1328 :
1328 1303 1503 1342 quarum

199 1353 241 1390 ἃ
264 1351 348 1389 dies
370 1350 535 1399 exierat,
570 1353 608 1390 δε
633 1360 724 1389 ante
747 1350 853 1388 diem
874 1347 1178 1388 rebellaverant.
1238 1347 1345 1386 Miffi
1367 1357 1504 1386 tamen

198 1407 385 1446 feciales:
418 1420 491 1446 nec
513 1420 670 1454 eorum,
703 1420 831 1458 quum
855 1408 944 1458 (12)
968 1419 1079 1443 more
1102 1414 1265 1457 patrum
1295 1403 1420 1458 jurati
1442 1417 1505 1442 re·-

197 1473 381 1517 peterent
401 1477 479 1510 res,
510 1463 630 1502 verba
651 1463 741 1501 sunt
771 1462 919 1501 audita.
982 1461 1262 1502 Controversia
1294 1462 1387 1500 inde
1409 1459 1503 1508 fuit,
1524 1458 1699 1514 ''Jeme“-

200 1519 340 1559 utrum
359 1519 497 1573 populi
514 1520 621 1574 juss'u
643 1519 888 1558 indiceretur
908 1518 1075 1565 bellum,
1096 1532 1147 1557 an
1165 1518 1255 1558 satis
1277 1518 1371 1556 ess'et
1394 1517 1504 1556 sena-
1522 1506 1618 1578 ἵζω
1640 1506 1728 1533 ””“”““

199 1576 506 1617 tusconsultum.
548 1577 757 1615 Pervicere
779 1575 946 1622 tribuni,
978 1575 1264 1613 denunciando
1287 1574 1504 1627 impeditu-
1555 1572 1560 1577 ’
1584 1571 1591 1579 ’

201 1647 267 1675 tos
296 1632 333 1675 se
354 1632 575 1683 cleleecum‚
609 1642 653 1672 ut
685 1635 777 1686 (13)
809 1631 990 1672 consules
1013 1632 1061 1671 de
1084 1631 1189 1671 bello
1224 1632 1273 1671 ad
1305 1632 1503 1684 populum

1337 1687 1503 1730 ferrent.

198 1809 312 1843 morbos.
357 1807 557 1851 [Crevierius
574 1806 703 1848 aliique,
725 1807 794 1848 post
807 1810 997 1844 Gruterum,
1020 1806 1170 1840 editores.
1193 1808 1360 1848 vulgarique
1382 1809 1507 1837 coutaffu

200 1856 229 1885 in
242 1856 358 1884 homines
377 1855 472 1890 morbi,
494 1853 654 1884 dederunt
668 1865 673 1882 z
700 1863 798 1892 quam
815 1852 1008 1893 scripturam
1025 1851 1199 1887 immerite,
1215 1859 1250 1881 ut
1269 1850 1348 1880 mihi
1366 1850 1508 1887 videtur,

203 1899 336 1929 damnat
353 1897 643 1929 Drakenborchius
660 1904 816 1936 tanquam
832 1900 952 1938 inspz‘am
973 1898 1011 1927 ‘S'
1027 1898 1132 1925 nullum
1149 1896 1427 1935 commodumfitficm
1445 1897 1507 1925 red·

201 1945 312 1973 dentem.
362 1944 463 1972 Immo
481 1942 611 1983 prorsus
623 1940 728 1971 similis
747 1941 914 1981 utriusque
931 1939 1079 1971 leffionis
1096 1940 1212 1975 sensus,
1237 1939 1258 1969 s1
1276 1940 1375 1969 modo
1391 1941 1508 1980 vulgari

202 1990 232 2017 in
255 1988 373 2017 homines
397 1988 485 2017 morbi
501 1985 648 2016 oratione
669 1985 829 2015 infinitiva
853 1985 1040 2026 accipiatur.
1087 1985 1127 2014 Et
1150 1984 1218 2014 haec
1245 1983 1404 2024 scriptura
1425 1982 1507 2014 mihi

203 2030 303 2072 magis
325 2031 477 2072 placeret,
499 2030 533 2061 ni
562 2031 687 2060 codices
711 2029 867 2070 plurimos
891 2029 1095 2070 optimosque
1121 2039 1183 2069 pro
1209 2027 1310 2059 altera
1327 2027 1406 2058 stare
1423 2029 1508 2058 Dra-

203 2075 422 2107 kenborchius
440 2074 570 2106 testatus
581 2074 699 2105 fuiss'et.
724 2073 772 2115 E]
819 2074 874 2114 (7)
890 2072 1159 2114 Subintelligitur,
1175 2080 1210 2104 ut
1228 2072 1310 2113 saepe
1326 2072 1414 2108 alias,
1431 2082 1507 2113 pro-

204 2130 324 2151 nomen
350 2122 431 2151 illis:
456 2119 596 2156 vatibus,
619 2129 722 2149 novos
749 2118 829 2148 ritus
855 2117 1054 2148 sacrificandi
1082 2116 1297 2148 inserentibus
1323 2117 1357 2146 in
1384 2117 1509 2155 domos,

206 2164 412 2205 praedicendo
436 2164 533 2194 finem
549 2162 654 2194 morbi
673 2164 753 2199 fore,
777 2162 798 2193 si
816 2161 886 2192 Diis
903 2161 1088 2203 alienigenis
1116 2162 1147 2191 &
1166 2161 1242 2198 alio,
1265 2160 1363 2201 quam
1386 2161 1506 2201 patrio,

207 2218 297 2238 more
313 2208 540 2239 sacrificarent.
588 2208 731 2238 Eandem
749 2218 816 2237 rein
833 2206 918 2236 infra
932 2206 1028 2237 etiam
1046 2205 1194 2247 pluribus
1212 2205 1326 2240 Livius
1342 2206 1507 2236 exsecutus

206 2251 250 2282 est
272 2252 290 2282 l.
309 2261 363 2290 25.
395 2263 420 2283 c.
445 2262 471 2282 1.
487 2263 584 2293 quem
600 2252 708 2282 locum
737 2250 905 2281 contulisse
925 2250 1061 2291 juvabit.
1107 2250 1162 2289 (8)
1186 2251 1299 2280 Donec
1320 2251 1428 2290 pudor
1441 2250 1507 2290 jam

209 2306 271 2336 pro
295 2296 471 2337 republica,
494 2297 512 2326 i.
529 2308 558 2327 e.
576 2297 682 2337 pudor
705 2296 744 2326 de
762 2296 819 2326 lilic
838 2294 980 2326 foeditate
997 2293 1240 2335 superstitionis,
1262 2294 1352 2334 cujus
1369 2295 1508 2325 dedecus

205 2340 271 2380 jam
285 2341 325 2370 ad
342 2341 586 2381 rempublicam,
605 2351 671 2370 non
689 2340 834 2380 privatos
850 2340 960 2376 modi),
983 2338 1180 2379 pertinebat,
1203 2339 1243 2369 ad
1258 2339 1416 2379 primores
1429 2338 1509 2368 civi-

208 2383 283 2414 tatis
300 2385 459 2424 pervenit.
503 2386 559 2425 (9)
582 2383 839 2424 Subintelligitur
856 2384 948 2413 causti.
983 2383 1165 2413 Piacularia
1182 2383 1269 2413 sacra
1291 2383 1377 2414 facta
1394 2383 1434 2414 ad
1452 2393 1509 2423 pa-

209 2439 279 2459 cem
296 2427 403 2459 Defim
422 2429 668 2469 exposcendam.
716 2429 808 2458 Alias
824 2427 943 2458 dicitur
953 2430 1094 2468 piaculum
1112 2429 1234 2457 Deorum
1251 2430 1313 2464 irae,
1334 2426 1420 2456 infra
1437 2426 1456 2456 l.
1475 2426 1507 2458 8.

208 2484 233 2504 c.
252 2482 284 2512 9.
302 2475 337 2502 E.
383 2474 460 2513 (10)
485 2476 609 2509 Annum,
629 2474 742 2513 coifidrs
759 2472 838 2506 dixit
866 2472 1001 2512 eleganti
1025 2471 1197 2513 epexegesi,
1220 2481 1317 2511 quam
1334 2470 1509 2511 appositio-

210 2527 286 2547 nem
302 2525 431 2547 vocant.
480 2519 584 2546 Porro
604 2516 654 2546 hic
674 2519 710 2546 L.
727 2516 874 2558 Papirius
888 2516 1031 2546 diversus
1048 2515 1178 2546 videtur
1201 2515 1291 2546 fuiss'c
1304 2515 1345 2545 ab
1362 2515 1429 2552 illo,
1451 2515 1510 2555 qui

210 2571 285 2592 cum
301 2563 339 2591 L.
366 2561 558 2602 Sempronio
580 2560 690 2591 consul
708 2568 917 2596 memoratur,
938 2560 1164 2601 septemdecim
1180 2562 1254 2590 ante
1267 2571 1387 2597 ann053
1411 2559 1510 2600 suprzi

210 2614 278 2642 c.7.
329 2605 472 2636 Forsitan
499 2606 593 2645 hujus
619 2604 695 2635 anni
713 2605 822 2635 consul
849 2604 980 2634 alterius
1008 2604 1091 2636 filius
1109 2604 1180 2634 suit.
1229 2605 1307 2644 (11)
1331 2605 1417 2634 oeto
1434 2605 1510 2633 ante

211 2660 321 2680 annos.
349 2649 416 2680 vid.
443 2650 539 2690 supra
568 2660 593 2680 c.
622 2659 671 2691 232.
717 2650 795 2689 (12)
819 2650 868 2678 De
894 2659 983 2678 more
1009 2648 1066 2679 illo
1092 2649 1156 2679 vid.
1183 2648 1279 2689 supra
1307 2649 1326 2678 l.
1356 2658 1382 2678 1.
1410 2659 1435 2677 c.
1454 2656 1510 2685 32.

211 2695 286 2738 (13)
313 2694 533 2737 Manuscripti
561 2690 667 2736 plures
697 2694 727 2725 ὃς
758 2701 881 2724 veteres
907 2692 983 2725 editi
1012 2693 1143 2728 habent,
1165 2702 1194 2724 :st
1215 2693 1511 2737 infflis.;c0nfizl...

942 2743 952 2751 ⁶
1238 2751 1241 2752 ⁷
1396 2738 1509 2770 (urere,
