1905 3168
183 281 231 306 10

174 890 247 918 Alba
262 891 374 920 conditu.

169 1419 274 1448 Assbam·
278 1430 360 1460 reges.

811 264 862 305 T.
924 262 1177 305 LIVII

394 394 478 422 rem
493 390 572 419 tam
589 386 763 418 veterem
784 391 856 431 pro
873 385 981 416 certo
1002 376 1173 416 affirmet
1188 375 1223 431 ?)
1238 375 1394 417 hiccine
1416 376 1538 416 fuerit
1554 377 1677 418 Asca.-

395 440 501 489 nius‚
517 451 564 476 an
580 436 706 490 major
723 434 844 488 quam
859 433 1101 483 hic,Crefisa
1115 443 1240 474 matre
1248 435 1322 475 Ilio
1336 434 1528 475 incolumi
1542 442 1675 484 natus,

394 495 604 548 comesque
622 494 712 532 inde
729 502 903 547 paternae
920 492 1042 547 fugae,
1078 504 1198 545 quem
1214 492 1355 545 Julum
1376 493 1549 533 eundem
1569 493 1677 546 Julia

393 567 490 607 gens
507 552 712 591 au&orcm
730 550 904 590 nominis
925 550 982 590 sui
1004 559 1225 604 nuncupat.
1285 550 1324 591 Is
1347 550 1558 600 Ascanius,
1591 550 1677 590 ubi-

393 624 551 663 cunque
568 613 607 650 &
625 610 863 662 quacunque
882 618 1006 649 matre
1023 608 1197 664 genitus,
1229 605 1352 661 (certe
1374 617 1515 648 natum
1545 608 1676 650 AEnefi

392 668 562 722 constat)
597 666 823 707 abundante
856 666 1014 706 Lavinii
1047 666 1322 714 multitudine,
1354 666 1563 706 florentem
1591 667 1675 722 jam

392 729 454 778 (ut
475 728 535 780 (4)
557 735 643 764 tum
672 739 733 764 res
753 726 884 778 erant)
901 734 1020 777 atque
1037 724 1270 777 opulentam
1287 722 1428 763 urbem
1444 724 1577 772 matri,
1609 723 1675 763 seu

391 797 587 834 novercae,
618 783 804 836 reliquit:
836 796 980 822 novam
1010 782 1090 835 ipse
1116 781 1233 820 aliam
1255 780 1326 821 sub
1348 780 1510 821 Albano
1541 790 1677 822 monte

392 841 598 889 condidit3
642 856 746 894 quae,
790 840 837 880 ab
879 842 940 895 (5)
981 839 1054 879 fitu
1090 838 1286 892 porre&ae
1322 839 1364 878 in
1399 838 1515 879 dorso
1555 838 1677 887 urbis,

391 899 531 954 Longa
555 898 658 938 Alba
690 899 897 953 appellata,
958 897 1067 937 Inter
1084 897 1299 937 Lavinium
1330 900 1371 937 &
1405 896 1553 937 Albam
1569 896 1677 936 Lon-

389 971 482 1012 gam
515 957 714 996 coloniam
748 955 966 995 deduCtam
988 955 1150 1010 triginta
1182 954 1310 994 ferme
1332 953 1549 994 interfuere
1570 953 1675 995 anni.

390 1024 545 1054 tantum
569 1023 702 1053 tamen
724 1027 820 1067 opes
841 1023 1063 1063 creverant,
1101 1010 1273 1053 maxime
1296 1012 1391 1053 fusis
1411 1011 1603 1061 Etruscis,
1634 1019 1678 1051 ut

388 1086 438 1112 ne
470 1082 599 1111 morte
635 1072 798 1124 quidem
837 1071 996 1121 AEncae,
1028 1085 1102 1110 nec
1124 1070 1268 1110 deinde
1304 1070 1409 1110 inter
1441 1069 1678 1109 muliebrem

388 1130 553 1169 tutelam
585 1129 940 1181 rudimentumque
977 1128 1153 1182 primum
1175 1128 1338 1182 puerilis
1360 1128 1488 1184 regni,
1518 1141 1679 1167 movere

388 1201 497 1226 arma
519 1197 586 1226 aut
603 1187 835 1227 Mezentius
857 1186 1110 1240 Etruscique,
1143 1196 1212 1225 aut
1240 1186 1311 1225 ulli
1342 1185 1408 1226 alii
1429 1186 1578 1226 accolae
1598 1184 1677 1224 aufi

389 1245 475 1284 lint.
535 1246 617 1285 Pax
647 1245 699 1284 ita
721 1254 977 1295 convenerat,
1009 1255 1054 1284 ut
1085 1243 1261 1285 Etruscis
1278 1243 1510 1297 Latinisque
1533 1242 1676 1284 fluvius

390 1302 555 1351 Albula,
588 1316 708 1355 quem
726 1316 834 1341 nunc
854 1300 1037 1341 Tiberim
1058 1311 1219 1353 vocant,
1240 1300 1332 1343 finis
1354 1302 1416 1355 (6)
1436 1301 1543 1341 effet.
1601 1299 1680 1340 Sil-

386 1359 474 1398 vius
495 1359 639 1398 deinde
670 1368 826 1413 regnat,
861 1359 1022 1399 Ascanii
1051 1359 1173 1408 filius,
1204 1359 1296 1400 casu
1312 1360 1489 1412 quodam
1521 1358 1562 1399 in
1579 1357 1680 1398 silvis

387 1426 518 1461 natus.
579 1416 618 1454 Is
642 1417 800 1456 AEnean
829 1416 999 1456 Silvium
1031 1425 1151 1455 creat.
1180 1416 1213 1455 is
1234 1416 1378 1455 deinde
1396 1416 1588 1455 Latinum
1602 1415 1681 1455 Sil-

386 1474 511 1513 vium.
573 1472 639 1512 Ab
675 1487 723 1513 eo
754 1472 921 1513 coloniae
958 1473 1110 1526 aliquot
1142 1473 1345 1522 dedustae,
1389 1472 1513 1513 Prisci
1547 1472 1682 1513 Latini

387 1531 585 1586 appellati.
647 1531 798 1570 Mansit
818 1531 950 1571 Silviis
971 1530 1106 1584 postea
1126 1530 1315 1575 omnibus
1338 1543 1580 1585 cognomen,
1611 1529 1682 1583 qui

388 1590 504 1629 Albae
540 1598 771 1643 regnarunt.
831 1588 977 1627 Latino
1003 1589 1105 1628 Alba
1127 1598 1255 1638 ortus,
1288 1587 1394 1630 Alba
1415 1589 1536 1643 Atys,
1569 1588 1678 1643 Atye

387 1647 535 1701 Capys,
567 1647 704 1700 Capye
726 1646 920 1699 Capetus,
952 1646 1107 1699 Capeto
1142 1646 1385 1694 Tiberinus3
1418 1647 1505 1699 qui,
1536 1645 1578 1685 in
1599 1654 1701 1690 tra-¹

381 1705 498 1760 jeE‘ffl
531 1704 691 1744 Albulae
727 1704 854 1744 amnis
887 1703 1126 1753 submersus,
1159 1703 1313 1743 celebre
1335 1705 1397 1757 (7)
1419 1704 1468 1742 ad
1504 1703 1682 1757 posteros

387 1776 535 1803 nomen
558 1762 714 1801 flumini
735 1763 856 1801 dedit.
920 1761 1100 1817 Agrippa
1122 1761 1214 1802 inde
1229 1761 1413 1801 Tiberini
1435 1761 1569 1809 filius;
1591 1761 1680 1814 post

389 1820 612 1875 Agrippam
631 1820 833 1859 Romulus
850 1819 1011 1867 Silvius,
1034 1834 1054 1857 a
1071 1828 1181 1873 patre
1199 1828 1365 1872 accepto
1386 1818 1570 1872 imperio,
1592 1833 1681 1873 reg-

387 1889 468 1917 nat.
532 1877 749 1926 Aventino,
781 1877 950 1916 fulmine
979 1876 1058 1930 ipse
1087 1876 1211 1927 ierus,
1242 1890 1414 1931 regnum
1435 1890 1506 1930 per
1537 1890 1681 1915 manus

388 1938 450 1990 (8)
471 1935 646 1975 tradidit.
676 1935 725 1985 is,
758 1934 933 1988 sepultus
966 1934 1006 1973 in
1027 1949 1075 1973 eo
1111 1935 1227 1983 colle,
1259 1934 1329 1987 qui
1361 1948 1469 1974 nunc
1499 1934 1557 1974 est
1589 1948 1680 1987 pars

377 1994 587 2033 ‚Romanae
616 1992 739 2039 urbis,
771 2007 996 2047 cognomen
1013 1992 1104 2031 colli
1119 1991 1228 2031 fecit.
1289 1993 1416 2032 Proca
1432 1991 1576 2031 deinde
1593 2005 1682 2046 reg-

389 2061 457 2090 nat
474 2067 482 2091 :
504 2051 535 2090 is
552 2050 809 2089 Numitorem
825 2060 944 2103 atque
959 2050 1171 2089 Amulium
1201 2059 1396 2103 procreat.
1457 2049 1682 2097 Numitori,

391 2109 460 2161 qui
489 2108 618 2161 stirpis
640 2108 837 2147 maximus
859 2117 956 2156 erat,
986 2121 1156 2161 regnum
1173 2106 1375 2154 vetustum
1396 2106 1530 2147 Silviae
1549 2106 1680 2161 gentis

390 2167 508 2220 legat.
570 2167 663 2206 Plus
685 2175 818 2204 tamen
838 2165 896 2205 vis
925 2165 1072 2218 potuit,
1103 2162 1227 2217 quam
1255 2165 1440 2204 voluntas
1469 2165 1590 2217 patris
1612 2173 1681 2203 aut

390 2224 629 2264 verecundia
662 2223 800 2267 aetatis.
863 2222 980 2263 Pulso
1002 2221 1141 2272 fratre,
1174 2222 1365 2263 Amulius
1386 2230 1542 2276 regnat.
1572 2221 1682 2260 addit

1543 2277 1679 2322 sceleri

390 2401 514 2429 AEnean
529 2398 684 2440 regnavit,
710 2397 879 2435 fuersthic,
895 2408 990 2438 quern
1003 2397 1139 2429 diximus
1163 2405 1276 2429 natum
1288 2407 1326 2427 ex
1349 2395 1505 2434 Lavini213
1528 2406 1570 2428 an
1594 2396 1678 2427 alter

390 2444 492 2483 major
515 2452 594 2474 atace
606 2445 702 2483 quam
720 2442 781 2477 hic.
805 2442 923 2474 Creiisz'i
934 2450 1037 2473 matre
1059 2450 1161 2474 natus.
1209 2442 1260 2483 (4)
1286 2441 1348 2472 His
1361 2441 1467 2472 verbis
1478 2440 1596 2477 innuit,
1610 2450 1677 2471 non

389 2488 603 2526 differentiam
620 2488 703 2518 inter
719 2487 833 2518 statum
846 2487 971 2518 Lavinii
986 2487 1154 2528 pristinum
1166 2498 1201 2518 ac
1216 2486 1436 2523 recentiorem,
1451 2486 1503 2517 sed
1520 2486 1608 2525 quod
1624 2495 1679 2516 nr-

389 2533 444 2563 bes
460 2533 520 2563 illis
534 2532 730 2573 temporibus
744 2532 891 2563 florentes
904 2532 1104 2567 dicebantur,
1127 2532 1243 2571 quibus
1257 2531 1362 2572 postea
1378 2531 1430 2561 vix
1447 2529 1679 2571 oppidulorum

391 2588 507 2608 nomen
532 2585 734 2618 competeret.
759 2579 791 2607 E.
840 2577 891 2618 (5)
915 2577 970 2607 Ab
988 2577 1046 2607 situ
1063 2577 1151 2607 urbis
1177 2576 1209 2607 in
1230 2576 1324 2607 dorso
1341 2575 1469 2612 montis,
1491 2577 1589 2616 Longa
1607 2585 1679 2615 cog—

390 2621 555 2653 nominata
580 2622 629 2653 est.
676 2624 796 2663 Dotjfitm
812 2621 930 2652 dicitur
957 2621 1111 2662 quicquid
1127 2621 1242 2652 editius
1258 2620 1349 2652 simul
1371 2628 1468 2661 atque
1488 2618 1522 2650 in
1546 2619 1679 2660 longum

392 2666 572 2707 porrectius
602 2667 652 2697 est.
699 2667 793 2697 Unde
810 2674 916 2697 autem
944 2677 1062 2697 nomen
1078 2668 1166 2703 Alba,
1189 2668 1327 2703 Albanus,
1349 2672 1404 2697 aut
1421 2665 1538 2700 Albula,
1559 2674 1677 2704 parum

377 2711 518 2753 sanstae
567 2711 618 2751 (6)
644 2711 662 2741 i.
678 2723 702 2741 e.
718 2711 824 2742 Limes
852 2710 936 2741 inter
953 2711 1101 2742 Etruscos
1117 2711 1321 2750 Latinosque.
1367 2709 1415 2740 Sic
1433 2708 1557 2743 Cicero,
1571 2710 1678 2749 ingredi

392 2764 467 2785 mm
490 2756 584 2787 finem
600 2758 713 2795 olimst-as
730 2759 788 2787 lm.
814 2757 847 2786 E.
896 2757 947 2796 (7)
973 2755 991 2787 i.
1007 2767 1032 2788 e.
1044 2756 1177 2788 Celebre
1193 2756 1279 2798 apud
1297 2754 1444 2797 posteros.
1491 2754 1543 2795 (8)
1567 2755 1677 2802 Ayen-

1301 2805 1308 2810 ·
1592 2804 1677 2828 tinus
