1905 3168
180 251 261 299 116.
856 243 1225 293 T-LIVII

454 362 614 404 XXIV.
658 362 768 402 Inter
792 361 879 403 haec
902 362 1031 417 major
1059 362 1158 403 alius
1179 372 1319 403 terror.
1380 358 1515 402 Latini
1536 361 1691 416 equites

398 432 492 462 cum
514 420 764 461 tumultuoso
797 421 984 460 advolant
1004 420 1179 461 nuncio:
1223 422 1357 475 Voffcos
1387 420 1508 476 irfi’sto
1531 422 1702 460 exercitu.

396 480 448 519 acl
466 480 589 519 urbem
619 479 896 532 oppugnandam
917 479 1055 518 venire.
1092 493 1183 532 quae
1204 480 1338 519 audita
1372 475 1490 532 (adeo
1512 479 1611 518 duas
1642 491 1692 517 ex

260 532 288 579 †
398 538 478 577 un&
499 537 658 577 civitate
680 535 875 576 discordia
903 535 1070 591 fecerat)
1101 535 1219 592 longe
1242 537 1354 576 aliter
1375 538 1512 577 Patres
1534 551 1579 576 ac
1608 536 1692 589 ple-

396 595 489 635 bem
512 595 693 636 affecere.
756 594 962 634 Exsultare
988 594 1136 649 gaudio
1167 594 1330 648 plebes;
1367 595 1499 634 ultores
1515 594 1695 649 superbia*

396 653 564 692 Patrum
599 652 710 708 adeff’
738 651 870 692 dicere
904 652 1017 692 Deos.
1061 652 1161 693 alius
1197 653 1321 692 alium
1352 651 1606 700 confirmare,
1642 664 1699 690 ne

398 714 461 765 (Ι)
482 711 647 751 nomina
667 711 833 751 darent:
874 726 956 750 cum
976 711 1137 750 omnibus
1150 709 1286 762 potiies,
1317 709 1430 763 qusz
1449 710 1557 763 solos,
1590 710 1695 761 peri-

396 778 511 809 turos.
577 769 718 808 Patres
745 769 966 820 militarent,
1000 768 1139 807 Patres
1167 783 1274 806 arma
1304 776 1486 820 caperent,
1521 776 1562 806 ut
1584 778 1696 820 penes

395 827 524 882 eqsdem
549 827 717 881 pericula
747 827 842 876 belli,
877 836 989 879 penes
1016 841 1102 879 quos
1126 827 1296 877 praemia,
1331 825 1446 880 effi’nt.
1510 825 1566 864 At
1596 822 1694 864 vero

395 885 522 934 curia,
554 884 698 924 moesta
731 899 776 925 ac
804 883 958 937 trepida
986 882 1151 936 ancipiti
1177 892 1288 922 metu
1315 885 1356 923 &
1391 882 1440 922 ab
1461 882 1547 922 cive
1571 884 1611 922 δι’
1645 881 1697 921 ab

394 942 523 992 hoste,
555 941 771 985 Servilium
792 941 1014 990 consulem,
1041 941 1107 981 cui
1129 941 1338 996 ingenium
1355 940 1482 995 magis
1503 940 1701 993 populare·

395 1009 498 1052 erat,
529 1015 658 1050 orare,
695 1009 740 1040 ut
766 999 886 1040 tantis
914 999 1231 1040 circumventam
1253 998 1471 1038 terroribus
1492 997 1702 1051 expediret

395 1058 702 1113 rempublicam.
762 1054 875 1097 Turn
895 1057 1047 1106 consul,
1078 1057 1190 1097 miffo
1213 1056 1367 1106 senatu,
1398 1056 1440 1102 in
1457 1055 1698 1096 concionem

177 1144 266 1175 Mem
281 1138 356 1186 hstis
397 1117 544 1171 prodit.
578 1116 633 1156 ibi
661 1131 756 1156 curae
776 1116 836 1172 effe
857 1115 1054 1165 Patribus,
1076 1115 1263 1165 ostendit,
1295 1124 1337 1154 ut
1356 1114 1562 1170 confidatur
1574 1114 1672 1166 plebi
1683 1129 1697 1161 3

176 1170 326 1233 wflpqfiiae,
397 1174 557 1215 ceteriun
577 1175 824 1214 deliberationi
844 1174 886 1213 de
911 1173 939 1228 (
944 1187 965 1214 2
970 1176 996 1232 )
1018 1175 1185 1214 maximat
1206 1174 1350 1228 quidem
1370 1173 1453 1223 illd,
1481 1172 1554 1226 st'd
1574 1179 1698 1210 tamen

390 1241 502 1286 parte
533 1234 716 1285 civitatis,
758 1241 893 1272 metum
920 1240 991 1285 pro
1025 1232 1201 1287 universa*
1237 1231 1421 1285 republica
1457 1231 1642 1269 interveni
1668 1245 1697 1269 e.

398 1306 460 1330 nec
474 1291 580 1346 peste,
601 1307 714 1344 quum
729 1290 836 1346 hqstes
844 1300 956 1343 prope
970 1290 1022 1330 ad
1030 1298 1154 1343 portes
1168 1290 1286 1346 ffnt’
1307 1289 1390 1328 bello
1407 1291 1468 1342 (3)
1476 1287 1701 1342 praevertgffi

398 1350 593 1403 quicquam
611 1367 623 1387 :
660 1363 737 1397 nec,
751 1347 794 1403 st
804 1345 861 1402 sit
878 1348 1079 1387 laxamenti
1100 1347 1183 1405 (4)
1202 1348 1357 1402 aliquid,
1387 1355 1455 1386 aut
1465 1346 1563 1399 plebi
1581 1345 1701 1399 homst

399 1416 479 1446 tum
510 1407 588 1463 effe,
624 1405 691 1461 ngfi
715 1405 799 1463 (5)
819 1406 976 1445 mercede
999 1404 1112 1458 priits
1139 1409 1300 1459 accepta,
1334 1420 1442 1444 arma
1467 1414 1538 1457 pro
1563 1404 1702 1456 patrilz'

401 1480 469 1505 non
498 1465 616 1520 cepffe
630 1486 643 1510 ;
683 1463 769 1521 (6)
799 1479 910 1517 neque
928 1464 1111 1503 Patribus
1125 1464 1224 1518 satis
1251 1463 1434 1514 decorum,
1462 1472 1533 1514 per
1564 1469 1700 1501 metum

391 1521 530 1577 petila,
562 1522 675 1576 queam
688 1521 863 1577 pcstmodo
883 1522 1086 1572 voluntate,
1117 1521 1264 1577 cgffliftis
1282 1521 1421 1560 civium
1438 1521 1595 1574 suorum
1611 1519 1704 1575 for-

398 1582 501 1621 tunis
515 1581 672 1635 conficlm'
699 1599 727 1619 e.
774 1579 973 1620 Concioni
997 1581 1057 1633 (7)
1079 1579 1223 1619 deinde
1239 1578 1375 1619 edicto
1392 1577 1544 1618 addidit
1561 1575 1705 1629 fidem,

399 1653 483 1692 quo
508 1638 649 1688 edixit,
686 1637 748 1677 Ne
765 1639 848 1691 quis
877 1640 993 1677 civem
1014 1638 1227 1677 Romanum
1259 1638 1426 1676 vinetum
1450 1645 1517 1675 aut
1540 1636 1702 1690 clausttm

400 1705 553 1748 teneret,
596 1711 663 1750 quo
698 1697 821 1735 minus
849 1697 881 1734 ei
909 1697 1064 1735 nominis
1094 1695 1220 1735 edendi
1248 1695 1349 1748 apud
1375 1694 1528 1748 consules
1549 1702 1632 1746 pote
1660 1708 1704 1734 as

387 1753 515 1810 fieret.
578 1754 642 1794 Ne
663 1755 745 1808 quis
765 1754 908 1803 militis,
940 1754 1045 1793 donec
1065 1755 1104 1792 in
1125 1753 1251 1809 cqstris
1271 1753 1362 1809 fft,
1393 1753 1480 1792 bona
1500 1747 1703 1807 pqffideret,

401 1822 468 1853 aut
501 1812 673 1852 venderet
687 1831 699 1852 .·
743 1812 869 1851 liberos
903 1811 986 1869 (8)
1017 1812 1195 1866 nepotesve
1226 1812 1303 1865 ejus
1325 1818 1545 1851 moraretur.
1606 1809 1702 1850 Hoc

401 1871 605 1925 proposito
625 1869 778 1921 edieco,
813 1872 853 1910 &
876 1868 945 1922 qui
980 1870 1144 1909 aderant
1165 1869 1258 1909 nexi
1289 1868 1469 1922 profiteri
1497 1868 1704 1921 extemplo

400 1929 591 1977 nomina3
633 1931 673 1969 δε
707 1927 886 1980 undique
918 1942 966 1966 ex
997 1928 1080 1967 tot&
1112 1927 1209 1967 urbe
1242 1925 1552 1981 proripientium
1584 1925 1623 1965 se
1654 1938 1705 1965 ex

401 1987 572 2040 privato,
605 2000 732 2040 quum
755 1985 954 2025 retinendi
981 1986 1048 2040 jus
1071 1986 1258 2026 creditori
1290 1999 1372 2024 non
1394 1985 1502 2034 esset,
1534 1997 1706 2024 concur-

401 2044 466 2085 sus
488 2045 529 2083 in
551 2043 704 2095 forum,
736 2053 781 2083 ut
808 2046 870 2098 (9)
892 2043 1139 2083 sacramento
1161 2043 1354 2091 dicerent,
1386 2041 1485 2082 fieri.
1547 2042 1708 2096 Magna

400 2116 449 2142 ea
482 2116 627 2143 manus
660 2101 767 2150 fuit3
809 2116 940 2155 neque
973 2102 1145 2142 aliorum
1180 2101 1308 2157 magis
1344 2101 1386 2139 in
1418 2099 1568 2141 Volsco
1597 2098 1705 2142 bello

449 2220 485 2251 C.
505 2228 554 2256 24.
581 2219 638 2259 (1)
654 2221 702 2250 Ne
719 2220 833 2250 darent
860 2218 992 2249 nomina
1008 2219 1049 2250 ad
1064 2218 1223 2257 militiam,
1245 2218 1264 2249 i.
1280 2229 1306 2249 c.
1329 2225 1365 2249 ut
1382 2216 1528 2248 militiam
1545 2216 1704 2248 detrecta-

403 2272 488 2295 rent.
537 2265 592 2304 (2)
617 2266 667 2295 De
693 2264 797 2305 plebe,
823 2275 896 2304 quae
918 2263 1056 2295 maxima
1072 2264 1203 2305 quidem
1218 2263 1293 2295 effet
1319 2274 1393 2304 pars
1409 2261 1558 2299 civitatis,
1580 2262 1633 2292 sed
1657 2268 1706 2292 ta-

405 2320 479 2340 men
508 2320 582 2350 pars
608 2310 746 2346 tantum,
773 2320 839 2340 non
861 2316 930 2340 tota
956 2308 1075 2340 civitas.
1122 2310 1176 2349 (3)
1202 2308 1293 2340 Nihil
1316 2307 1402 2349 poffc
1424 2307 1510 2338 bello
1535 2306 1703 2349 anteponi.

405 2355 461 2395 (4)
487 2357 658 2384 Laxamenti
679 2355 717 2386 sc.
741 2366 759 2385 a
784 2354 891 2391 bello;
924 2354 954 2384 h.
977 2365 1002 2385 e.
1027 2353 1048 2384 fi
1077 2354 1171 2385 hostis
1197 2365 1263 2385 non
1289 2361 1460 2394 tantopere
1488 2360 1610 2394 urgeat.
1668 2353 1706 2382 In

404 2400 520 2430 eodem
536 2399 626 2430 sensu
651 2400 713 2431 hoc
729 2399 890 2431 vocabulo
917 2398 1020 2430 utitur
1036 2399 1148 2430 Livius
1170 2399 1256 2430 infra
1282 2399 1301 2429 l.
1318 2409 1347 2437 5.
1371 2409 1395 2429 c.
1412 2408 1442 2437 5.
1465 2398 1484 2428 l.
1502 2407 1530 2438 9.
1554 2408 1578 2428 c.
1596 2407 1647 2435 41.
1671 2396 1707 2427 ὅτ

405 2443 492 2475 alibi.
547 2445 602 2485 (5)
628 2445 797 2476 Postulatis
825 2443 914 2486 prius
942 2444 1130 2485 impetratis.
1175 2444 1230 2486 (6)
1254 2444 1411 2475 Observat
1441 2442 1624 2474 Crevierius
1652 2440 1706 2472 hle

407 2489 529 2530 requiri
555 2489 750 2530 particulam
766 2497 823 2526 aut,
846 2488 953 2530 potiris
970 2493 1068 2529 quam
1088 2504 1176 2531 neque.
1221 2492 1268 2520 At
1292 2489 1343 2519 vir
1359 2487 1556 2519 doc‘tiffimus
1573 2486 1710 2518 fallitur.

407 2547 452 2564 mc
465 2542 514 2564 ant
521 2536 597 2575 plebi
608 2536 736 2578 honestum
746 2535 804 2578 effi‘,
816 2534 875 2565 ἃς.
892 2534 978 2565 idem
991 2534 1034 2565 est
1043 2546 1079 2566 ac
1093 2533 1115 2566 sl
1127 2534 1260 2570 dixisset,
1282 2536 1320 2566 ἐἴ
1335 2535 1496 2576 nequeplebi
1510 2534 1639 2575 honestum
1650 2532 1708 2574 ff-

407 2578 508 2609 simili
525 2580 633 2616 modo,
657 2587 683 2610 et
699 2580 892 2621 respondere
918 2582 960 2618 τῷ
982 2593 1074 2621 neque,
1098 2591 1195 2611 nemo
1211 2579 1317 2611 nescit.
1340 2581 1375 2610 E.
1420 2578 1475 2621 (7)
1491 2577 1606 2608 &neto
1630 2587 1707 2608 con-

408 2623 550 2655 firmavit
567 2635 603 2655 ea
621 2635 692 2665 quae
709 2624 742 2655 in
760 2624 914 2656 concione
931 2623 1065 2656 dixerat.
1111 2626 1166 2666 (8)
1183 2626 1255 2656 Neu
1273 2624 1345 2666 quis
1361 2623 1513 2655 retineret
1538 2622 1571 2653 in
1593 2622 1708 2653 vincu-

409 2668 446 2705 lis
473 2669 660 2710 cujusquam
685 2669 764 2701 civis
780 2669 919 2701 Romani
942 2669 1061 2701 liberos
1078 2671 1261 2712 nepotesve,
1283 2669 1340 2711 qui
1364 2669 1407 2700 ob
1429 2680 1470 2700 aes
1485 2667 1625 2699 alienum
1651 2677 1708 2708 pa·

411 2714 509 2747 trium
527 2722 581 2746 aut
599 2715 725 2748 avitum
740 2715 813 2755 nepai
829 2714 938 2752 effent.
971 2716 1026 2759 (9)
1042 2718 1089 2749 Ut
1104 2716 1303 2753 sacramento
1318 2713 1451 2751 militari
1466 2712 1706 2754 serobligarent.

1584 2774 1720 2822 virtum
