1832 3137
812 274 986 325 (V)

232 405 352 447 quam
377 388 508 444 potui,
541 385 705 427 adhibui
727 384 991 439 diligentiam,
1053 383 1221 424 Inanem
1243 393 1378 425 autem
1400 385 1544 426 imma-

228 469 371 509 culatae
386 463 574 505 editionis
592 461 858 518 jactationem
876 459 962 499 aliis
977 458 1174 512 relinquo.
1207 459 1310 500 hanc
1336 474 1356 499 a
1385 461 1544 501 mendis

228 552 312 581 tam
330 541 555 579 immunem
574 537 667 588 effe,
685 534 810 588 quam
825 548 904 597 Aper
920 543 1135 587 operarum
1152 534 1349 590 incuriam
1366 535 1480 574 fimul
1498 538 1542 576 δε

228 615 427 655 inscitiam
445 614 741 664 oculorumque
757 610 963 649 interdum
978 608 1258 650 hebescentem
1273 611 1400 650 aciem
1413 609 1543 659 licuit,

225 690 269 730 id
303 689 395 730 vere
432 689 649 743 praedicare
671 686 840 740 possum,
904 685 1133 726 Sententias
1163 685 1212 725 ad
1234 699 1382 733 mores,
1414 686 1463 724 ad
1486 685 1543 726 ci-

227 764 348 804 vilem
374 764 672 817 militaremque
689 759 946 816 prudentiam
974 760 1237 813 pertinentes,
1269 773 1441 813 quarum
1463 759 1543 800 Ca-

226 840 385 894 talogus
427 837 596 878 editioni
645 835 916 878 Crevierianae
958 834 1229 890 subjungitur,
1280 833 1452 874 obelisco
1493 833 1544 874 ad

226 914 454 969 marginem
476 913 654 967 apposito
675 912 873 952 notandas
895 911 1043 952 curavi.

282 988 477 1042 Sequitur
493 988 653 1029 Notitia
673 986 848 1028 literaria
868 987 918 1026 de
941 985 1075 1037 Livio,
1097 998 1147 1026 ex
1168 982 1353 1026 Fabricio
1376 983 1544 1037 aliisque

227 1063 462 1103 summatim
485 1062 695 1116 descripta„

279 1139 394 1180 Huic
424 1139 556 1193 primo
585 1148 698 1178 tomo
735 1136 993 1193 subjungitur
1028 1138 1155 1178 Index
1190 1135 1398 1176 latinitatis
1432 1132 1545 1173 Livi-2

223 1225 341 1261 anae3
374 1227 551 1266 eumque
602 1213 769 1266 reliquae
801 1213 935 1266 operis
977 1224 1123 1266 partes,
1171 1210 1197 1250 fi
1248 1210 1371 1249 vitam
1424 1208 1542 1249 Deus

221 1288 405 1342 viresque
446 1288 654 1342 largiatur,
688 1288 878 1341 deinceps
915 1287 1129 1341 excipient.
1191 1284 1360 1324 Interim
1395 1281 1542 1322 labori-

222 1362 298 1403 bus
320 1363 438 1415 meis,
470 1362 512 1402 in
534 1363 680 1416 quibus
703 1363 803 1402 nihil
824 1361 923 1400 mihi
946 1361 1151 1412 antiquius
1167 1358 1331 1400 Ιεᾶοϊὶε
1358 1370 1540 1397 commo-

224 1436 277 1476 do
309 1436 382 1486 est,
415 1435 549 1475 faveas
582 1450 681 1484 oro3
737 1438 778 1475 ὅτ
811 1436 837 1474 s1
876 1449 966 1487 quae
1008 1432 1144 1473 minus
1172 1432 1411 1487 placuerint,
1442 1445 1540 1470 con-

223 1511 363 1550 dones.
427 1511 535 1550 Rem
570 1510 660 1550 satis
691 1523 768 1562 per
795 1509 833 1547 se
870 1510 1036 1547 arduam
1073 1507 1248 1553 molior3
1280 1519 1409 1558 eoque
1439 1504 1539 1543 mihi

224 1585 468 1638 graviorem,
500 1582 613 1636 quod
650 1582 751 1634 saepe
774 1582 937 1621 adversa
973 1581 1200 1620 valetudine
1221 1579 1373 1630 laboro,
1404 1578 1540 1619 variiss-

227 1670 305 1711 que
326 1656 483 1710 semper
505 1655 727 1710 implicitus
745 1656 832 1695 sum
855 1655 1038 1709 negotiis.
1102 1653 1272 1694 VALE.

283 1783 482 1827 Dublinii.
499 1784 609 1826 Prid.
632 1783 725 1827 Kal.
752 1781 955 1825 Novemb.
981 1784 1102 1824 Anno
1125 1792 1384 1824 Moccxcvu.
