<?xml version="1.0" encoding="UTF-8"?>
<!DOCTYPE html PUBLIC "-//W3C//DTD XHTML 1.0 Transitional//EN"
    "http://www.w3.org/TR/xhtml1/DTD/xhtml1-transitional.dtd">
<html xmlns="http://www.w3.org/1999/xhtml" xml:lang="en" lang="en">
 <head>
  <title>
</title>
<meta http-equiv="Content-Type" content="text/html;charset=utf-8" />
  <meta name='ocr-system' content='tesseract 3.04.00' />
  <meta name='ocr-capabilities' content='ocr_page ocr_carea ocr_par ocr_line ocrx_word'/>
</head>
<body>
  <div class='ocr_page' id='page_1' title='image "./historiaeromanae01livyuoft_0667.png"; bbox 0 0 1853 3158; ppageno 0'>
   <div class='ocr_carea' id='block_1_1' title="bbox 14 470 32 2520">
    <p class='ocr_par' dir='ltr' id='par_1_1' title="bbox 14 470 32 2520">
     <span class='ocr_line' id='line_1_1' title="bbox 14 470 32 2520; baseline 0 0"><span class='ocrx_word' id='word_1_1' title='bbox 14 470 32 2520; x_wconf 95' lang='lat' dir='ltr'> </span> 
     </span>
    </p>
   </div>
   <div class='ocr_carea' id='block_1_2' title="bbox 15 470 33 2520">
    <p class='ocr_par' dir='ltr' id='par_1_2' title="bbox 15 470 33 2520">
     <span class='ocr_line' id='line_1_2' title="bbox 15 470 33 2520; baseline 0 0"><span class='ocrx_word' id='word_1_2' title='bbox 15 470 33 2520; x_wconf 95' lang='lat' dir='ltr'> </span> 
     </span>
    </p>
   </div>
   <div class='ocr_carea' id='block_1_3' title="bbox 15 470 33 2520">
    <p class='ocr_par' dir='ltr' id='par_1_3' title="bbox 15 470 33 2520">
     <span class='ocr_line' id='line_1_3' title="bbox 15 470 33 2520; baseline 0 0"><span class='ocrx_word' id='word_1_3' title='bbox 15 470 33 2520; x_wconf 95' lang='lat' dir='ltr'> </span> 
     </span>
    </p>
   </div>
   <div class='ocr_carea' id='block_1_4' title="bbox 15 470 33 2520">
    <p class='ocr_par' dir='ltr' id='par_1_4' title="bbox 15 470 33 2520">
     <span class='ocr_line' id='line_1_4' title="bbox 15 470 33 2520; baseline 0 0"><span class='ocrx_word' id='word_1_4' title='bbox 15 470 33 2520; x_wconf 95' lang='lat' dir='ltr'> </span> 
     </span>
    </p>
   </div>
   <div class='ocr_carea' id='block_1_5' title="bbox 15 470 33 2520">
    <p class='ocr_par' dir='ltr' id='par_1_5' title="bbox 15 470 33 2520">
     <span class='ocr_line' id='line_1_5' title="bbox 15 470 33 2520; baseline 0 0"><span class='ocrx_word' id='word_1_5' title='bbox 15 470 33 2520; x_wconf 95' lang='lat' dir='ltr'> </span> 
     </span>
    </p>
   </div>
   <div class='ocr_carea' id='block_1_6' title="bbox 15 470 33 2520">
    <p class='ocr_par' dir='ltr' id='par_1_6' title="bbox 15 470 33 2520">
     <span class='ocr_line' id='line_1_6' title="bbox 15 470 33 2520; baseline 0 0"><span class='ocrx_word' id='word_1_6' title='bbox 15 470 33 2520; x_wconf 95' lang='lat' dir='ltr'> </span> 
     </span>
    </p>
   </div>
   <div class='ocr_carea' id='block_1_7' title="bbox 15 470 35 2520">
    <p class='ocr_par' dir='ltr' id='par_1_7' title="bbox 15 470 35 2520">
     <span class='ocr_line' id='line_1_7' title="bbox 15 470 35 2520; baseline 0 0"><span class='ocrx_word' id='word_1_7' title='bbox 15 470 35 2520; x_wconf 95' lang='lat' dir='ltr'> </span> 
     </span>
    </p>
   </div>
   <div class='ocr_carea' id='block_1_8' title="bbox 16 470 34 2520">
    <p class='ocr_par' dir='ltr' id='par_1_8' title="bbox 16 470 34 2520">
     <span class='ocr_line' id='line_1_8' title="bbox 16 470 34 2520; baseline 0 0"><span class='ocrx_word' id='word_1_8' title='bbox 16 470 34 2520; x_wconf 95' lang='lat' dir='ltr'> </span> 
     </span>
    </p>
   </div>
   <div class='ocr_carea' id='block_1_9' title="bbox 16 470 34 2520">
    <p class='ocr_par' dir='ltr' id='par_1_9' title="bbox 16 470 34 2520">
     <span class='ocr_line' id='line_1_9' title="bbox 16 470 34 2520; baseline 0 0"><span class='ocrx_word' id='word_1_9' title='bbox 16 470 34 2520; x_wconf 95' lang='lat' dir='ltr'> </span> 
     </span>
    </p>
   </div>
   <div class='ocr_carea' id='block_1_10' title="bbox 16 470 34 2520">
    <p class='ocr_par' dir='ltr' id='par_1_10' title="bbox 16 470 34 2520">
     <span class='ocr_line' id='line_1_10' title="bbox 16 470 34 2520; baseline 0 0"><span class='ocrx_word' id='word_1_10' title='bbox 16 470 34 2520; x_wconf 95' lang='lat' dir='ltr'> </span> 
     </span>
    </p>
   </div>
   <div class='ocr_carea' id='block_1_11' title="bbox 16 470 34 2520">
    <p class='ocr_par' dir='ltr' id='par_1_11' title="bbox 16 470 34 2520">
     <span class='ocr_line' id='line_1_11' title="bbox 16 470 34 2520; baseline 0 0"><span class='ocrx_word' id='word_1_11' title='bbox 16 470 34 2520; x_wconf 95' lang='lat' dir='ltr'> </span> 
     </span>
    </p>
   </div>
   <div class='ocr_carea' id='block_1_12' title="bbox 17 470 35 2520">
    <p class='ocr_par' dir='ltr' id='par_1_12' title="bbox 17 470 35 2520">
     <span class='ocr_line' id='line_1_12' title="bbox 17 470 35 2520; baseline 0 0"><span class='ocrx_word' id='word_1_12' title='bbox 17 470 35 2520; x_wconf 95' lang='lat' dir='ltr'> </span> 
     </span>
    </p>
   </div>
   <div class='ocr_carea' id='block_1_13' title="bbox 17 470 35 2534">
    <p class='ocr_par' dir='ltr' id='par_1_13' title="bbox 17 470 35 2534">
     <span class='ocr_line' id='line_1_13' title="bbox 17 470 35 2534; baseline 0 0"><span class='ocrx_word' id='word_1_13' title='bbox 17 470 35 2534; x_wconf 95' lang='lat' dir='ltr'> </span> 
     </span>
    </p>
   </div>
   <div class='ocr_carea' id='block_1_14' title="bbox 32 2690 38 2794">
    <p class='ocr_par' dir='ltr' id='par_1_14' title="bbox 32 2690 38 2794">
     <span class='ocr_line' id='line_1_14' title="bbox 32 2690 38 2794; baseline 0 364"><span class='ocrx_word' id='word_1_14' title='bbox 32 2690 38 2794; x_wconf 95' lang='lat' dir='ltr'> </span> 
     </span>
    </p>
   </div>
   <div class='ocr_carea' id='block_1_15' title="bbox 427 275 1664 345">
    <p class='ocr_par' dir='ltr' id='par_1_15' title="bbox 427 275 1664 345">
     <span class='ocr_line' id='line_1_15' title="bbox 427 275 1664 345; baseline 0 -15"><span class='ocrx_word' id='word_1_15' title='bbox 427 275 1199 341; x_wconf 73' lang='lat' dir='ltr'><strong>LIBERIX.CAP.V.</strong></span> <span class='ocrx_word' id='word_1_16' title='bbox 1589 301 1664 345; x_wconf 70' lang='lat'>195</span> 
     </span>
    </p>
   </div>
   <div class='ocr_carea' id='block_1_16' title="bbox 139 400 1627 2451">
    <p class='ocr_par' dir='ltr' id='par_1_16' title="bbox 139 400 1627 2284">
     <span class='ocr_line' id='line_1_16' title="bbox 177 400 1446 459; baseline 0.001 -16"><span class='ocrx_word' id='word_1_17' title='bbox 177 403 338 452; x_wconf 75' lang='lat' dir='ltr'>sionem,</span> <span class='ocrx_word' id='word_1_18' title='bbox 382 402 487 442; x_wconf 61' lang='lat' dir='ltr'>faeta</span> <span class='ocrx_word' id='word_1_19' title='bbox 524 400 592 440; x_wconf 90' lang='lat' dir='ltr'>est.</span> <span class='ocrx_word' id='word_1_20' title='bbox 654 400 766 459; x_wconf 82' lang='lat' dir='ltr'>Qid</span> <span class='ocrx_word' id='word_1_21' title='bbox 800 401 908 441; x_wconf 90' lang='lat' dir='ltr'>enim</span> <span class='ocrx_word' id='word_1_22' title='bbox 944 412 1012 443; x_wconf 89' lang='lat' dir='ltr'>aut</span> <span class='ocrx_word' id='word_1_23' title='bbox 1037 402 1287 457; x_wconf 84' lang='lat' dir='ltr'>sponsoribus</span> <span class='ocrx_word' id='word_1_24' title='bbox 1307 401 1347 442; x_wconf 89' lang='lat' dir='ltr'>in</span> <span class='ocrx_word' id='word_1_25' title='bbox 1368 401 1446 444; x_wconf 61' lang='lat' dir='ltr'>foe-⁶</span> 
     </span>
     <span class='ocr_line' id='line_1_17' title="bbox 174 457 1446 513; baseline 0.001 -14"><span class='ocrx_word' id='word_1_26' title='bbox 174 462 266 499; x_wconf 87' lang='lat' dir='ltr'>dere</span> <span class='ocrx_word' id='word_1_27' title='bbox 287 473 386 513; x_wconf 88' lang='lat' dir='ltr'>opus</span> <span class='ocrx_word' id='word_1_28' title='bbox 413 458 503 497; x_wconf 70' lang='lat' dir='ltr'>esset</span> <span class='ocrx_word' id='word_1_29' title='bbox 526 467 594 496; x_wconf 87' lang='lat' dir='ltr'>aut</span> <span class='ocrx_word' id='word_1_30' title='bbox 625 457 840 508; x_wconf 80' lang='lat' dir='ltr'>obsidibus,</span> <span class='ocrx_word' id='word_1_31' title='bbox 872 459 938 499; x_wconf 89' lang='lat' dir='ltr'>ubi</span> <span class='ocrx_word' id='word_1_32' title='bbox 959 461 1186 513; x_wconf 83' lang='lat' dir='ltr'>precatione</span> <span class='ocrx_word' id='word_1_33' title='bbox 1216 474 1278 500; x_wconf 88' lang='lat' dir='ltr'>res</span> <span class='ocrx_word' id='word_1_34' title='bbox 1310 461 1446 500; x_wconf 88' lang='lat' dir='ltr'>tranfi-</span> 
     </span>
     <span class='ocr_line' id='line_1_18' title="bbox 172 515 1446 571; baseline 0.001 -16"><span class='ocrx_word' id='word_1_35' title='bbox 172 517 313 571; x_wconf 83' lang='lat' dir='ltr'>gitur?</span> <span class='ocrx_word' id='word_1_36' title='bbox 350 527 420 570; x_wconf 85' lang='lat' dir='ltr'>per</span> <span class='ocrx_word' id='word_1_37' title='bbox 455 529 557 569; x_wconf 80' lang='lat' dir='ltr'>quem</span> <span class='ocrx_word' id='word_1_38' title='bbox 589 515 762 566; x_wconf 81' lang='lat' dir='ltr'>populum</span> <span class='ocrx_word' id='word_1_39' title='bbox 787 516 884 569; x_wconf 82' lang='lat' dir='ltr'>fiat,</span> <span class='ocrx_word' id='word_1_40' title='bbox 917 533 984 570; x_wconf 85' lang='lat' dir='ltr'>quo</span> <span class='ocrx_word' id='word_1_41' title='bbox 1019 519 1140 556; x_wconf 71' lang='lat' dir='ltr'>mimas</span> <span class='ocrx_word' id='word_1_42' title='bbox 1172 517 1307 571; x_wconf 75' lang='lat' dir='ltr'>legibus</span> <span class='ocrx_word' id='word_1_43' title='bbox 1339 518 1446 556; x_wconf 60' lang='lat' dir='ltr'>difflis</span> 
     </span>
     <span class='ocr_line' id='line_1_19' title="bbox 156 571 1445 629; baseline 0.001 -16"><span class='ocrx_word' id='word_1_44' title='bbox 156 575 294 628; x_wconf 77' lang='lat' dir='ltr'>stetur,</span> <span class='ocrx_word' id='word_1_45' title='bbox 325 581 365 612; x_wconf 80' lang='lat' dir='ltr'>ut</span> <span class='ocrx_word' id='word_1_46' title='bbox 398 576 477 611; x_wconf 75' lang='lat' dir='ltr'>e&#39;mn</span> <span class='ocrx_word' id='word_1_47' title='bbox 511 573 564 611; x_wconf 84' lang='lat' dir='ltr'>ita</span> <span class='ocrx_word' id='word_1_48' title='bbox 587 571 744 628; x_wconf 83' lang='lat' dir='ltr'><em>Jupiter</em></span> <span class='ocrx_word' id='word_1_49' title='bbox 760 573 902 628; x_wconf 81' lang='lat' dir='ltr'>feriat,</span> <span class='ocrx_word' id='word_1_50' title='bbox 932 575 1227 626; x_wconf 81' lang='lat' dir='ltr'><em>quemadmodum</em></span> <span class='ocrx_word' id='word_1_51' title='bbox 1259 591 1282 614; x_wconf 89' lang='lat' dir='ltr'>a</span> <span class='ocrx_word' id='word_1_52' title='bbox 1293 574 1445 629; x_wconf 78' lang='lat' dir='ltr'>ficiali-</span> 
     </span>
     <span class='ocr_line' id='line_1_20' title="bbox 169 628 1444 686; baseline 0.002 -17"><span class='ocrx_word' id='word_1_53' title='bbox 169 632 234 670; x_wconf 81' lang='lat' dir='ltr'>bus</span> <span class='ocrx_word' id='word_1_54' title='bbox 246 642 380 683; x_wconf 63' lang='lat' dir='ltr'>porcus=</span> <span class='ocrx_word' id='word_1_55' title='bbox 391 630 579 684; x_wconf 83' lang='lat' dir='ltr'>feriatur.</span> <span class='ocrx_word' id='word_1_56' title='bbox 638 628 950 682; x_wconf 88' lang='lat' dir='ltr'>Spoponderunt</span> <span class='ocrx_word' id='word_1_57' title='bbox 971 631 1166 679; x_wconf 90' lang='lat' dir='ltr'>consules,</span> <span class='ocrx_word' id='word_1_58' title='bbox 1188 632 1322 686; x_wconf 89' lang='lat' dir='ltr'>legati,</span> <span class='ocrx_word' id='word_1_59' title='bbox 1335 646 1444 684; x_wconf 86' lang='lat' dir='ltr'>quae-</span> 
     </span>
     <span class='ocr_line' id='line_1_21' title="bbox 170 685 1444 743; baseline 0.002 -16"><span class='ocrx_word' id='word_1_60' title='bbox 170 687 306 738; x_wconf 86' lang='lat' dir='ltr'>stores,</span> <span class='ocrx_word' id='word_1_61' title='bbox 337 685 485 725; x_wconf 83' lang='lat' dir='ltr'>tribuni</span> <span class='ocrx_word' id='word_1_62' title='bbox 521 685 722 734; x_wconf 80' lang='lat' dir='ltr'>militum3</span> <span class='ocrx_word' id='word_1_63' title='bbox 754 686 996 739; x_wconf 80' lang='lat' dir='ltr'>nominaque</span> <span class='ocrx_word' id='word_1_64' title='bbox 1032 690 1230 740; x_wconf 83' lang='lat' dir='ltr'>omnium,</span> <span class='ocrx_word' id='word_1_65' title='bbox 1261 690 1330 742; x_wconf 89' lang='lat' dir='ltr'>qui</span> <span class='ocrx_word' id='word_1_66' title='bbox 1356 690 1444 743; x_wconf 88' lang='lat' dir='ltr'>spo-</span> 
     </span>
     <span class='ocr_line' id='line_1_22' title="bbox 168 742 1443 800; baseline 0.002 -17"><span class='ocrx_word' id='word_1_67' title='bbox 168 745 408 797; x_wconf 86' lang='lat' dir='ltr'>ponderunt,</span> <span class='ocrx_word' id='word_1_68' title='bbox 438 742 615 790; x_wconf 83' lang='lat' dir='ltr'>exstant3</span> <span class='ocrx_word' id='word_1_69' title='bbox 648 742 715 782; x_wconf 89' lang='lat' dir='ltr'>ubi</span> <span class='ocrx_word' id='word_1_70' title='bbox 735 744 759 782; x_wconf 92' lang='lat' dir='ltr'>fi</span> <span class='ocrx_word' id='word_1_71' title='bbox 781 757 829 782; x_wconf 87' lang='lat' dir='ltr'>ex</span> <span class='ocrx_word' id='word_1_72' title='bbox 850 742 1003 782; x_wconf 84' lang='lat' dir='ltr'>foedere</span> <span class='ocrx_word' id='word_1_73' title='bbox 1023 745 1113 784; x_wconf 71' lang='lat' dir='ltr'>aCta</span> <span class='ocrx_word' id='word_1_74' title='bbox 1132 750 1192 785; x_wconf 84' lang='lat' dir='ltr'>res</span> <span class='ocrx_word' id='word_1_75' title='bbox 1207 746 1312 794; x_wconf 87' lang='lat' dir='ltr'>esset,</span> <span class='ocrx_word' id='word_1_76' title='bbox 1343 761 1443 800; x_wconf 73' lang='lat' dir='ltr'>prae-</span> 
     </span>
     <span class='ocr_line' id='line_1_23' title="bbox 170 793 1444 858; baseline 0.003 -18"><span class='ocrx_word' id='word_1_77' title='bbox 170 811 349 853; x_wconf 87' lang='lat' dir='ltr'>terquam</span> <span class='ocrx_word' id='word_1_78' title='bbox 379 801 553 839; x_wconf 89' lang='lat' dir='ltr'>duorum</span> <span class='ocrx_word' id='word_1_79' title='bbox 589 800 807 853; x_wconf 83' lang='lat' dir='ltr'>fecialium,</span> <span class='ocrx_word' id='word_1_80' title='bbox 839 815 919 840; x_wconf 88' lang='lat' dir='ltr'>non</span> <span class='ocrx_word' id='word_1_81' title='bbox 951 793 1174 849; x_wconf 79' lang='lat' dir='ltr'>exstarent3</span> <span class='ocrx_word' id='word_1_82' title='bbox 1210 805 1246 842; x_wconf 69' lang='grc' dir='ltr'>δε</span> <span class='ocrx_word' id='word_1_83' title='bbox 1282 814 1444 858; x_wconf 88' lang='lat' dir='ltr'>propter</span> 
     </span>
     <span class='ocr_line' id='line_1_24' title="bbox 165 857 1443 900; baseline 0.003 -4"><span class='ocrx_word' id='word_1_84' title='bbox 165 857 417 896; x_wconf 74' lang='lat' dir='ltr'>necessariam</span> <span class='ocrx_word' id='word_1_85' title='bbox 451 857 616 897; x_wconf 83' lang='lat' dir='ltr'>foederis</span> <span class='ocrx_word' id='word_1_86' title='bbox 650 858 882 897; x_wconf 87' lang='lat' dir='ltr'>dilationem</span> <span class='ocrx_word' id='word_1_87' title='bbox 922 857 1073 898; x_wconf 88' lang='lat' dir='ltr'>obfides</span> <span class='ocrx_word' id='word_1_88' title='bbox 1113 859 1234 898; x_wconf 88' lang='lat' dir='ltr'>etiam</span> <span class='ocrx_word' id='word_1_89' title='bbox 1270 860 1443 900; x_wconf 77' lang='lat' dir='ltr'>sexcenti</span> 
     </span>
     <span class='ocr_line' id='line_1_25' title="bbox 165 915 1443 970; baseline 0.002 -16"><span class='ocrx_word' id='word_1_90' title='bbox 165 915 319 967; x_wconf 81' lang='lat' dir='ltr'>equites</span> <span class='ocrx_word' id='word_1_91' title='bbox 353 915 550 968; x_wconf 86' lang='lat' dir='ltr'>imperati,</span> <span class='ocrx_word' id='word_1_92' title='bbox 582 915 651 968; x_wconf 88' lang='lat' dir='ltr'>qui</span> <span class='ocrx_word' id='word_1_93' title='bbox 673 915 800 968; x_wconf 85' lang='lat' dir='ltr'>capite</span> <span class='ocrx_word' id='word_1_94' title='bbox 822 915 994 967; x_wconf 80' lang='lat' dir='ltr'>luerent,</span> <span class='ocrx_word' id='word_1_95' title='bbox 1025 915 1051 954; x_wconf 92' lang='lat' dir='ltr'>fi</span> <span class='ocrx_word' id='word_1_96' title='bbox 1072 915 1193 970; x_wconf 62' lang='lat' dir='ltr'>paeto</span> <span class='ocrx_word' id='word_1_97' title='bbox 1223 929 1303 955; x_wconf 90' lang='lat' dir='ltr'>non</span> <span class='ocrx_word' id='word_1_98' title='bbox 1324 917 1443 958; x_wconf 87' lang='lat' dir='ltr'>stare-</span> 
     </span>
     <span class='ocr_line' id='line_1_26' title="bbox 164 972 1444 1026; baseline 0.003 -16"><span class='ocrx_word' id='word_1_99' title='bbox 164 981 243 1011; x_wconf 86' lang='lat' dir='ltr'><strong>tur.</strong></span> <span class='ocrx_word' id='word_1_100' title='bbox 301 972 485 1026; x_wconf 87' lang='lat' dir='ltr'>Tempus</span> <span class='ocrx_word' id='word_1_101' title='bbox 507 972 598 1012; x_wconf 92' lang='lat' dir='ltr'>inde</span> <span class='ocrx_word' id='word_1_102' title='bbox 621 972 813 1011; x_wconf 84' lang='lat' dir='ltr'>statutum</span> <span class='ocrx_word' id='word_1_103' title='bbox 834 972 1036 1012; x_wconf 81' lang='lat' dir='ltr'>tradendis</span> <span class='ocrx_word' id='word_1_104' title='bbox 1063 972 1263 1013; x_wconf 81' lang='lat' dir='ltr'>obsidibus</span> <span class='ocrx_word' id='word_1_105' title='bbox 1293 975 1444 1015; x_wconf 81' lang='lat' dir='ltr'>exerci-</span> 
     </span>
     <span class='ocr_line' id='line_1_27' title="bbox 164 1029 1445 1084; baseline 0.003 -16"><span class='ocrx_word' id='word_1_106' title='bbox 164 1039 290 1082; x_wconf 89' lang='lat' dir='ltr'>tuque</span> <span class='ocrx_word' id='word_1_107' title='bbox 325 1032 383 1083; x_wconf 82' lang='lat'>(2)</span> <span class='ocrx_word' id='word_1_108' title='bbox 423 1029 565 1081; x_wconf 83' lang='lat' dir='ltr'>inermi</span> <span class='ocrx_word' id='word_1_109' title='bbox 603 1029 812 1081; x_wconf 85' lang='lat' dir='ltr'>mittendo.</span> <span class='ocrx_word' id='word_1_110' title='bbox 872 1029 1177 1084; x_wconf 86' lang='lat' dir='ltr'>Redintegravit</span> <span class='ocrx_word' id='word_1_111' title='bbox 1211 1030 1368 1071; x_wconf 49' lang='lat' dir='ltr'>ludium</span> <span class='ocrx_word' id='word_1_112' title='bbox 1402 1033 1445 1072; x_wconf 88' lang='lat' dir='ltr'>in</span> 
     </span>
     <span class='ocr_line' id='line_1_28' title="bbox 163 1086 1446 1141; baseline 0.002 -15"><span class='ocrx_word' id='word_1_113' title='bbox 163 1087 299 1126; x_wconf 87' lang='lat' dir='ltr'>castris</span> <span class='ocrx_word' id='word_1_114' title='bbox 333 1086 540 1126; x_wconf 88' lang='lat' dir='ltr'>consulum</span> <span class='ocrx_word' id='word_1_115' title='bbox 575 1086 783 1135; x_wconf 84' lang='lat' dir='ltr'>adventus,</span> <span class='ocrx_word' id='word_1_116' title='bbox 815 1096 858 1125; x_wconf 89' lang='lat' dir='ltr'>ut</span> <span class='ocrx_word' id='word_1_117' title='bbox 879 1087 943 1125; x_wconf 83' lang='lat' dir='ltr'>vix</span> <span class='ocrx_word' id='word_1_118' title='bbox 966 1086 1013 1126; x_wconf 86' lang='lat' dir='ltr'>ab</span> <span class='ocrx_word' id='word_1_119' title='bbox 1035 1088 1081 1126; x_wconf 88' lang='lat' dir='ltr'>iis</span> <span class='ocrx_word' id='word_1_120' title='bbox 1102 1086 1341 1141; x_wconf 82' lang='lat' dir='ltr'>abstinerent</span> <span class='ocrx_word' id='word_1_121' title='bbox 1361 1103 1446 1130; x_wconf 83' lang='lat' dir='ltr'>rna-</span> 
     </span>
     <span class='ocr_line' id='line_1_29' title="bbox 163 1143 1444 1198; baseline 0.004 -17"><span class='ocrx_word' id='word_1_122' title='bbox 163 1157 256 1192; x_wconf 84' lang='lat' dir='ltr'>nus,</span> <span class='ocrx_word' id='word_1_123' title='bbox 287 1157 460 1196; x_wconf 88' lang='lat' dir='ltr'>quorum</span> <span class='ocrx_word' id='word_1_124' title='bbox 493 1143 716 1182; x_wconf 82' lang='lat' dir='ltr'>temeritate</span> <span class='ocrx_word' id='word_1_125' title='bbox 751 1144 791 1182; x_wconf 88' lang='lat' dir='ltr'>in</span> <span class='ocrx_word' id='word_1_126' title='bbox 820 1157 913 1182; x_wconf 89' lang='lat' dir='ltr'>eum</span> <span class='ocrx_word' id='word_1_127' title='bbox 939 1145 1084 1184; x_wconf 76' lang='lat' dir='ltr'>,locum</span> <span class='ocrx_word' id='word_1_128' title='bbox 1111 1145 1276 1185; x_wconf 62' lang='lat' dir='ltr'>deducti</span> <span class='ocrx_word' id='word_1_129' title='bbox 1298 1146 1444 1198; x_wconf 77' lang='lat' dir='ltr'>effent3</span> 
     </span>
     <span class='ocr_line' id='line_1_30' title="bbox 163 1199 1444 1254; baseline 0.003 -15"><span class='ocrx_word' id='word_1_130' title='bbox 163 1214 338 1252; x_wconf 87' lang='lat' dir='ltr'>quorum</span> <span class='ocrx_word' id='word_1_131' title='bbox 373 1200 528 1254; x_wconf 64' lang='lat' dir='ltr'>ignavia</span> <span class='ocrx_word' id='word_1_132' title='bbox 568 1199 719 1240; x_wconf 70' lang='lat' dir='ltr'>foedius</span> <span class='ocrx_word' id='word_1_133' title='bbox 757 1201 864 1249; x_wconf 83' lang='lat' dir='ltr'>inde,</span> <span class='ocrx_word' id='word_1_134' title='bbox 896 1200 1018 1254; x_wconf 70' lang='lat' dir='ltr'>quam</span> <span class='ocrx_word' id='word_1_135' title='bbox 1051 1201 1255 1251; x_wconf 78' lang='lat' dir='ltr'>venissent,</span> <span class='ocrx_word' id='word_1_136' title='bbox 1288 1202 1444 1243; x_wconf 80' lang='lat' dir='ltr'>abituri.</span> 
     </span>
     <span class='ocr_line' id='line_1_31' title="bbox 163 1257 1448 1311; baseline 0.004 -16"><span class='ocrx_word' id='word_1_137' title='bbox 163 1257 241 1297; x_wconf 86' lang='lat' dir='ltr'>illis</span> <span class='ocrx_word' id='word_1_138' title='bbox 268 1271 352 1309; x_wconf 72' lang='lat' dir='ltr'>vnon</span> <span class='ocrx_word' id='word_1_139' title='bbox 382 1259 527 1297; x_wconf 89' lang='lat' dir='ltr'>ducem</span> <span class='ocrx_word' id='word_1_140' title='bbox 549 1259 747 1306; x_wconf 77' lang='lat' dir='ltr'>locorum,</span> <span class='ocrx_word' id='word_1_141' title='bbox 779 1271 860 1296; x_wconf 91' lang='lat' dir='ltr'>non</span> <span class='ocrx_word' id='word_1_142' title='bbox 881 1259 1173 1311; x_wconf 82' lang='lat' dir='ltr'>exploratorem</span> <span class='ocrx_word' id='word_1_143' title='bbox 1195 1258 1333 1300; x_wconf 80' lang='lat' dir='ltr'>fuiffe:</span> <span class='ocrx_word' id='word_1_144' title='bbox 1363 1260 1448 1300; x_wconf 89' lang='lat' dir='ltr'>bel-</span> 
     </span>
     <span class='ocr_line' id='line_1_32' title="bbox 163 1314 1448 1358; baseline 0.004 -6"><span class='ocrx_word' id='word_1_145' title='bbox 163 1315 322 1354; x_wconf 85' lang='lat' dir='ltr'>luarum</span> <span class='ocrx_word' id='word_1_146' title='bbox 344 1316 464 1354; x_wconf 89' lang='lat' dir='ltr'>modo</span> <span class='ocrx_word' id='word_1_147' title='bbox 485 1328 612 1354; x_wconf 74' lang='lat' dir='ltr'>caecos</span> <span class='ocrx_word' id='word_1_148' title='bbox 634 1315 674 1353; x_wconf 90' lang='lat' dir='ltr'>in</span> <span class='ocrx_word' id='word_1_149' title='bbox 694 1314 852 1354; x_wconf 83' lang='lat' dir='ltr'>foveam</span> <span class='ocrx_word' id='word_1_150' title='bbox 874 1315 1019 1355; x_wconf 83' lang='lat' dir='ltr'>miffos.</span> <span class='ocrx_word' id='word_1_151' title='bbox 1081 1317 1164 1356; x_wconf 88' lang='lat' dir='ltr'>Alii</span> <span class='ocrx_word' id='word_1_152' title='bbox 1198 1318 1296 1357; x_wconf 89' lang='lat' dir='ltr'>alios</span> <span class='ocrx_word' id='word_1_153' title='bbox 1317 1317 1448 1358; x_wconf 56' lang='lat' dir='ltr'>intueae</span> 
     </span>
     <span class='ocr_line' id='line_1_33' title="bbox 164 1371 1447 1424; baseline 0.003 -13"><span class='ocrx_word' id='word_1_154' title='bbox 164 1371 214 1421; x_wconf 87' lang='lat' dir='ltr'>ri,</span> <span class='ocrx_word' id='word_1_155' title='bbox 247 1371 508 1424; x_wconf 89' lang='lat' dir='ltr'>contemplari</span> <span class='ocrx_word' id='word_1_156' title='bbox 541 1385 651 1411; x_wconf 82' lang='lat' dir='ltr'>arma</span> <span class='ocrx_word' id='word_1_157' title='bbox 686 1386 780 1411; x_wconf 84' lang='lat' dir='ltr'>mox</span> <span class='ocrx_word' id='word_1_158' title='bbox 802 1373 1007 1421; x_wconf 86' lang='lat' dir='ltr'>tradenda,</span> <span class='ocrx_word' id='word_1_159' title='bbox 1042 1375 1079 1413; x_wconf 88' lang='lat'>&amp;</span> <span class='ocrx_word' id='word_1_160' title='bbox 1103 1374 1275 1414; x_wconf 88' lang='lat' dir='ltr'>inermes</span> <span class='ocrx_word' id='word_1_161' title='bbox 1291 1374 1447 1415; x_wconf 87' lang='lat' dir='ltr'>futuras</span> 
     </span>
     <span class='ocr_line' id='line_1_34' title="bbox 164 1427 1448 1485; baseline 0.004 -18"><span class='ocrx_word' id='word_1_162' title='bbox 164 1430 340 1478; x_wconf 82' lang='lat' dir='ltr'>dextras,</span> <span class='ocrx_word' id='word_1_163' title='bbox 370 1434 393 1480; x_wconf 90' lang='lat'>†</span> <span class='ocrx_word' id='word_1_164' title='bbox 414 1427 665 1482; x_wconf 70' lang='lat' dir='ltr'>obnoxiaque</span> <span class='ocrx_word' id='word_1_165' title='bbox 695 1444 861 1482; x_wconf 87' lang='lat' dir='ltr'>corpora</span> <span class='ocrx_word' id='word_1_166' title='bbox 895 1430 1011 1469; x_wconf 86' lang='lat' dir='ltr'>hosti.</span> <span class='ocrx_word' id='word_1_167' title='bbox 1043 1444 1265 1485; x_wconf 89' lang='lat' dir='ltr'>proponere</span> <span class='ocrx_word' id='word_1_168' title='bbox 1294 1431 1448 1472; x_wconf 81' lang='lat' dir='ltr'>{ibimet</span> 
     </span>
     <span class='ocr_line' id='line_1_35' title="bbox 165 1486 1443 1541; baseline 0.004 -17"><span class='ocrx_word' id='word_1_169' title='bbox 165 1491 189 1537; x_wconf 91' lang='lat'><strong>†</strong></span> <span class='ocrx_word' id='word_1_170' title='bbox 209 1486 277 1538; x_wconf 88' lang='lat' dir='ltr'>ipfi</span> <span class='ocrx_word' id='word_1_171' title='bbox 299 1495 388 1524; x_wconf 89' lang='lat' dir='ltr'>ante</span> <span class='ocrx_word' id='word_1_172' title='bbox 410 1487 548 1526; x_wconf 87' lang='lat' dir='ltr'>oculos</span> <span class='ocrx_word' id='word_1_173' title='bbox 565 1487 711 1541; x_wconf 84' lang='lat' dir='ltr'>jugum</span> <span class='ocrx_word' id='word_1_174' title='bbox 731 1486 888 1536; x_wconf 85' lang='lat' dir='ltr'>hostile,</span> <span class='ocrx_word' id='word_1_175' title='bbox 921 1490 960 1527; x_wconf 67' lang='grc' dir='ltr'>ὃς</span> <span class='ocrx_word' id='word_1_176' title='bbox 996 1488 1167 1529; x_wconf 88' lang='lat' dir='ltr'>ludibria</span> <span class='ocrx_word' id='word_1_177' title='bbox 1192 1488 1371 1541; x_wconf 59' lang='lat' dir='ltr'>victoris,</span> <span class='ocrx_word' id='word_1_178' title='bbox 1405 1492 1443 1530; x_wconf 71' lang='grc' dir='ltr'>δε</span> 
     </span>
     <span class='ocr_line' id='line_1_36' title="bbox 165 1543 1446 1596; baseline 0.004 -15"><span class='ocrx_word' id='word_1_179' title='bbox 165 1544 299 1582; x_wconf 85' lang='lat' dir='ltr'>vultus</span> <span class='ocrx_word' id='word_1_180' title='bbox 336 1543 541 1596; x_wconf 88' lang='lat' dir='ltr'>superbos,</span> <span class='ocrx_word' id='word_1_181' title='bbox 575 1546 611 1583; x_wconf 86' lang='lat'>&amp;</span> <span class='ocrx_word' id='word_1_182' title='bbox 652 1558 723 1596; x_wconf 88' lang='lat' dir='ltr'>per</span> <span class='ocrx_word' id='word_1_183' title='bbox 761 1554 934 1584; x_wconf 83' lang='lat' dir='ltr'>armatos</span> <span class='ocrx_word' id='word_1_184' title='bbox 967 1544 1183 1585; x_wconf 87' lang='lat' dir='ltr'>inermium</span> <span class='ocrx_word' id='word_1_185' title='bbox 1218 1547 1316 1586; x_wconf 88' lang='lat' dir='ltr'>iter:</span> <span class='ocrx_word' id='word_1_186' title='bbox 1352 1547 1446 1586; x_wconf 88' lang='lat' dir='ltr'>inde</span> 
     </span>
     <span class='ocr_line' id='line_1_37' title="bbox 139 1598 1451 1656; baseline 0.004 -18"><span class='ocrx_word' id='word_1_187' title='bbox 139 1606 142 1610; x_wconf 89' lang='lat'>&#39;</span> <span class='ocrx_word' id='word_1_188' title='bbox 164 1598 267 1639; x_wconf 86' lang='lat' dir='ltr'>foedi</span> <span class='ocrx_word' id='word_1_189' title='bbox 301 1600 469 1654; x_wconf 86' lang='lat' dir='ltr'>agminis</span> <span class='ocrx_word' id='word_1_190' title='bbox 505 1600 766 1640; x_wconf 81' lang='lat' dir='ltr'>miserabilem</span> <span class='ocrx_word' id='word_1_191' title='bbox 788 1602 908 1650; x_wconf 86' lang='lat' dir='ltr'>viam,</span> <span class='ocrx_word' id='word_1_192' title='bbox 939 1616 1009 1656; x_wconf 91' lang='lat' dir='ltr'>per</span> <span class='ocrx_word' id='word_1_193' title='bbox 1031 1602 1229 1643; x_wconf 86' lang='lat' dir='ltr'>sociorum</span> <span class='ocrx_word' id='word_1_194' title='bbox 1251 1601 1367 1643; x_wconf 88' lang='lat' dir='ltr'>urbes</span> <span class='ocrx_word' id='word_1_195' title='bbox 1389 1617 1451 1643; x_wconf 57' lang='lat' dir='ltr'>res·</span> 
     </span>
     <span class='ocr_line' id='line_1_38' title="bbox 164 1657 1450 1716; baseline 0.004 -21"><span class='ocrx_word' id='word_1_196' title='bbox 164 1657 294 1696; x_wconf 89' lang='lat' dir='ltr'>ditum</span> <span class='ocrx_word' id='word_1_197' title='bbox 314 1657 355 1695; x_wconf 90' lang='lat' dir='ltr'>in</span> <span class='ocrx_word' id='word_1_198' title='bbox 376 1657 544 1710; x_wconf 84' lang='lat' dir='ltr'>patriam</span> <span class='ocrx_word' id='word_1_199' title='bbox 566 1661 626 1711; x_wconf 80' lang='lat'>(3)</span> <span class='ocrx_word' id='word_1_200' title='bbox 648 1673 691 1697; x_wconf 92' lang='lat' dir='ltr'>ac</span> <span class='ocrx_word' id='word_1_201' title='bbox 712 1668 910 1711; x_wconf 86' lang='lat' dir='ltr'>parentes,</span> <span class='ocrx_word' id='word_1_202' title='bbox 943 1657 1024 1712; x_wconf 74' lang='lat' dir='ltr'>quo</span> <span class='ocrx_word' id='word_1_203' title='bbox 1051 1659 1152 1713; x_wconf 82' lang='lat' dir='ltr'>saepe</span> <span class='ocrx_word' id='word_1_204' title='bbox 1173 1660 1241 1713; x_wconf 88' lang='lat' dir='ltr'>ipfi</span> <span class='ocrx_word' id='word_1_205' title='bbox 1263 1660 1450 1716; x_wconf 85' lang='lat' dir='ltr'>majores-</span> 
     </span>
     <span class='ocr_line' id='line_1_39' title="bbox 166 1715 1451 1767; baseline 0.003 -15"><span class='ocrx_word' id='word_1_206' title='bbox 166 1728 244 1765; x_wconf 91' lang='lat' dir='ltr'>que</span> <span class='ocrx_word' id='word_1_207' title='bbox 278 1728 415 1753; x_wconf 89' lang='lat' dir='ltr'>eorum</span> <span class='ocrx_word' id='word_1_208' title='bbox 452 1715 744 1767; x_wconf 83' lang='lat' dir='ltr'>triumphantes</span> <span class='ocrx_word' id='word_1_209' title='bbox 778 1716 981 1755; x_wconf 80' lang='lat' dir='ltr'>venifl&#39;ent.</span> <span class='ocrx_word' id='word_1_210' title='bbox 1039 1717 1092 1758; x_wconf 88' lang='lat' dir='ltr'>Se</span> <span class='ocrx_word' id='word_1_211' title='bbox 1127 1718 1231 1757; x_wconf 86' lang='lat' dir='ltr'>solos</span> <span class='ocrx_word' id='word_1_212' title='bbox 1264 1718 1342 1756; x_wconf 88' lang='lat' dir='ltr'>fine</span> <span class='ocrx_word' id='word_1_213' title='bbox 1363 1719 1451 1758; x_wconf 66' lang='lat' dir='ltr'>vul-²</span> 
     </span>
     <span class='ocr_line' id='line_1_40' title="bbox 163 1771 1451 1829; baseline 0.002 -18"><span class='ocrx_word' id='word_1_214' title='bbox 163 1784 273 1820; x_wconf 88' lang='lat' dir='ltr'>nere,</span> <span class='ocrx_word' id='word_1_215' title='bbox 303 1772 380 1810; x_wconf 85' lang='lat' dir='ltr'>fine</span> <span class='ocrx_word' id='word_1_216' title='bbox 412 1771 532 1820; x_wconf 88' lang='lat' dir='ltr'>ferro,</span> <span class='ocrx_word' id='word_1_217' title='bbox 564 1773 641 1811; x_wconf 57' lang='lat' dir='ltr'>line</span> <span class='ocrx_word' id='word_1_218' title='bbox 673 1773 756 1812; x_wconf 88' lang='lat' dir='ltr'>acie</span> <span class='ocrx_word' id='word_1_219' title='bbox 793 1773 946 1813; x_wconf 58' lang='lat' dir='ltr'>victos:</span> <span class='ocrx_word' id='word_1_220' title='bbox 978 1773 1045 1813; x_wconf 89' lang='lat' dir='ltr'>fibi</span> <span class='ocrx_word' id='word_1_221' title='bbox 1079 1788 1161 1829; x_wconf 90' lang='lat' dir='ltr'>non</span> <span class='ocrx_word' id='word_1_222' title='bbox 1193 1772 1384 1829; x_wconf 83' lang='lat' dir='ltr'>stringere</span> <span class='ocrx_word' id='word_1_223' title='bbox 1405 1775 1451 1814; x_wconf 87' lang='lat' dir='ltr'>li-</span> 
     </span>
     <span class='ocr_line' id='line_1_41' title="bbox 164 1827 1451 1882; baseline 0.003 -14"><span class='ocrx_word' id='word_1_224' title='bbox 164 1828 282 1868; x_wconf 85' lang='lat' dir='ltr'>cuiffe</span> <span class='ocrx_word' id='word_1_225' title='bbox 302 1828 471 1882; x_wconf 82' lang='lat' dir='ltr'>gladios,</span> <span class='ocrx_word' id='word_1_226' title='bbox 502 1842 582 1868; x_wconf 92' lang='lat' dir='ltr'>non</span> <span class='ocrx_word' id='word_1_227' title='bbox 618 1843 783 1869; x_wconf 89' lang='lat' dir='ltr'>manum</span> <span class='ocrx_word' id='word_1_228' title='bbox 805 1844 898 1870; x_wconf 89' lang='lat' dir='ltr'>cum</span> <span class='ocrx_word' id='word_1_229' title='bbox 919 1829 1031 1870; x_wconf 88' lang='lat' dir='ltr'>hoste</span> <span class='ocrx_word' id='word_1_230' title='bbox 1053 1830 1260 1872; x_wconf 87' lang='lat' dir='ltr'>conferre:</span> <span class='ocrx_word' id='word_1_231' title='bbox 1291 1827 1360 1872; x_wconf 87' lang='lat' dir='ltr'>fibi</span> <span class='ocrx_word' id='word_1_232' title='bbox 1380 1845 1451 1872; x_wconf 89' lang='lat' dir='ltr'>ne-</span> 
     </span>
     <span class='ocr_line' id='line_1_42' title="bbox 164 1882 1450 1942; baseline 0.004 -18"><span class='ocrx_word' id='word_1_233' title='bbox 164 1886 381 1938; x_wconf 88' lang='lat' dir='ltr'>quicquam</span> <span class='ocrx_word' id='word_1_234' title='bbox 403 1900 528 1936; x_wconf 88' lang='lat' dir='ltr'>arma,</span> <span class='ocrx_word' id='word_1_235' title='bbox 560 1887 828 1940; x_wconf 83' lang='lat' dir='ltr'>nequicquam</span> <span class='ocrx_word' id='word_1_236' title='bbox 849 1882 967 1938; x_wconf 86' lang='lat' dir='ltr'>vires,</span> <span class='ocrx_word' id='word_1_237' title='bbox 995 1889 1268 1942; x_wconf 86' lang='lat' dir='ltr'>nequicquam</span> <span class='ocrx_word' id='word_1_238' title='bbox 1294 1889 1450 1935; x_wconf 76' lang='lat' dir='ltr'>animos</span> 
     </span>
     <span class='ocr_line' id='line_1_43' title="bbox 166 1942 1448 1999; baseline 0.003 -18"><span class='ocrx_word' id='word_1_239' title='bbox 166 1944 292 1982; x_wconf 88' lang='lat' dir='ltr'>datos.</span> <span class='ocrx_word' id='word_1_240' title='bbox 352 1942 453 1982; x_wconf 85' lang='lat' dir='ltr'>Haec</span> <span class='ocrx_word' id='word_1_241' title='bbox 471 1942 734 1984; x_wconf 84' lang='lat' dir='ltr'>frementibus</span> <span class='ocrx_word' id='word_1_242' title='bbox 756 1944 854 1985; x_wconf 86' lang='lat' dir='ltr'>hora</span> <span class='ocrx_word' id='word_1_243' title='bbox 870 1944 1000 1985; x_wconf 87' lang='lat' dir='ltr'>fatalis</span> <span class='ocrx_word' id='word_1_244' title='bbox 1023 1945 1254 1999; x_wconf 74' lang='lat' dir='ltr'>ignominiae</span> <span class='ocrx_word' id='word_1_245' title='bbox 1271 1947 1448 1995; x_wconf 88' lang='lat' dir='ltr'>advenit,</span> 
     </span>
     <span class='ocr_line' id='line_1_44' title="bbox 167 2000 1627 2062; baseline 0.004 -24"><span class='ocrx_word' id='word_1_246' title='bbox 167 2001 301 2039; x_wconf 77' lang='lat' dir='ltr'>omnia</span> <span class='ocrx_word' id='word_1_247' title='bbox 337 2000 506 2040; x_wconf 83' lang='lat' dir='ltr'>tristiora</span> <span class='ocrx_word' id='word_1_248' title='bbox 537 2002 783 2054; x_wconf 76' lang='lat' dir='ltr'>experiundo</span> <span class='ocrx_word' id='word_1_249' title='bbox 812 2001 987 2053; x_wconf 55' lang='lat' dir='ltr'>fastum,</span> <span class='ocrx_word' id='word_1_250' title='bbox 1018 2002 1141 2055; x_wconf 72' lang='lat' dir='ltr'>quam</span> <span class='ocrx_word' id='word_1_251' title='bbox 1172 2017 1262 2057; x_wconf 84' lang='lat' dir='ltr'>quae</span> <span class='ocrx_word' id='word_1_252' title='bbox 1296 2017 1449 2058; x_wconf 84' lang='lat' dir='ltr'>praece-</span> <span class='ocrx_word' id='word_1_253' title='bbox 1467 2021 1627 2062; x_wconf 58' lang='lat' dir='ltr'>Sabjagum</span> 
     </span>
     <span class='ocr_line' id='line_1_45' title="bbox 166 2057 1612 2115; baseline 0.004 -20"><span class='ocrx_word' id='word_1_254' title='bbox 166 2066 305 2109; x_wconf 89' lang='lat' dir='ltr'>perant</span> <span class='ocrx_word' id='word_1_255' title='bbox 340 2057 493 2097; x_wconf 83' lang='lat' dir='ltr'>animis.</span> <span class='ocrx_word' id='word_1_256' title='bbox 553 2059 643 2110; x_wconf 85' lang='lat' dir='ltr'>Jam</span> <span class='ocrx_word' id='word_1_257' title='bbox 679 2058 858 2112; x_wconf 73' lang='lat' dir='ltr'>primum</span> <span class='ocrx_word' id='word_1_258' title='bbox 894 2075 987 2100; x_wconf 91' lang='lat' dir='ltr'>cum</span> <span class='ocrx_word' id='word_1_259' title='bbox 1009 2058 1169 2115; x_wconf 79' lang='lat' dir='ltr'>singulis</span> <span class='ocrx_word' id='word_1_260' title='bbox 1203 2060 1447 2101; x_wconf 87' lang='lat' dir='ltr'>vestimentis</span> <span class='ocrx_word' id='word_1_261' title='bbox 1466 2069 1612 2097; x_wconf 64' lang='lat' dir='ltr'>mittuntur</span> 
     </span>
     <span class='ocr_line' id='line_1_46' title="bbox 167 2112 1597 2170; baseline 0.005 -18"><span class='ocrx_word' id='word_1_262' title='bbox 167 2114 338 2154; x_wconf 85' lang='lat' dir='ltr'>inermes</span> <span class='ocrx_word' id='word_1_263' title='bbox 354 2124 464 2154; x_wconf 86' lang='lat' dir='ltr'>extra</span> <span class='ocrx_word' id='word_1_264' title='bbox 478 2117 626 2155; x_wconf 90' lang='lat' dir='ltr'>vallum</span> <span class='ocrx_word' id='word_1_265' title='bbox 648 2117 754 2156; x_wconf 79' lang='lat' dir='ltr'>exire</span> <span class='ocrx_word' id='word_1_266' title='bbox 772 2117 888 2170; x_wconf 78' lang='lat' dir='ltr'>juffi3</span> <span class='ocrx_word' id='word_1_267' title='bbox 924 2113 961 2157; x_wconf 71' lang='lat' dir='ltr'>Sc</span> <span class='ocrx_word' id='word_1_268' title='bbox 985 2118 1103 2170; x_wconf 86' lang='lat' dir='ltr'>primi</span> <span class='ocrx_word' id='word_1_269' title='bbox 1125 2118 1259 2158; x_wconf 87' lang='lat' dir='ltr'>traditi</span> <span class='ocrx_word' id='word_1_270' title='bbox 1279 2113 1448 2168; x_wconf 78' lang='lat' dir='ltr'>obfides,</span> <span class='ocrx_word' id='word_1_271' title='bbox 1465 2112 1597 2142; x_wconf 61' lang='lat' dir='ltr'>Romani&gt;</span> 
     </span>
     <span class='ocr_line' id='line_1_47' title="bbox 169 2171 1449 2223; baseline 0.005 -14"><span class='ocrx_word' id='word_1_272' title='bbox 169 2180 288 2223; x_wconf 87' lang='lat' dir='ltr'>atque</span> <span class='ocrx_word' id='word_1_273' title='bbox 323 2171 364 2209; x_wconf 89' lang='lat' dir='ltr'>in</span> <span class='ocrx_word' id='word_1_274' title='bbox 399 2172 616 2211; x_wconf 85' lang='lat' dir='ltr'>custodiam</span> <span class='ocrx_word' id='word_1_275' title='bbox 649 2173 827 2214; x_wconf 62' lang='lat' dir='ltr'>abdueti.</span> <span class='ocrx_word' id='word_1_276' title='bbox 886 2174 997 2213; x_wconf 90' lang='lat' dir='ltr'>Tum</span> <span class='ocrx_word' id='word_1_277' title='bbox 1034 2190 1055 2214; x_wconf 87' lang='lat' dir='ltr'>a</span> <span class='ocrx_word' id='word_1_278' title='bbox 1091 2175 1320 2217; x_wconf 87' lang='lat' dir='ltr'>consulibus</span> <span class='ocrx_word' id='word_1_279' title='bbox 1341 2176 1449 2216; x_wconf 85' lang='lat' dir='ltr'>abire</span> 
     </span>
     <span class='ocr_line' id='line_1_48' title="bbox 169 2227 1451 2284; baseline 0.006 -19"><span class='ocrx_word' id='word_1_280' title='bbox 169 2227 331 2267; x_wconf 57' lang='lat' dir='ltr'>lictores</span> <span class='ocrx_word' id='word_1_281' title='bbox 355 2229 461 2282; x_wconf 86' lang='lat' dir='ltr'>juffi,</span> <span class='ocrx_word' id='word_1_282' title='bbox 491 2235 515 2280; x_wconf 81' lang='lat'>†</span> <span class='ocrx_word' id='word_1_283' title='bbox 533 2231 892 2284; x_wconf 77' lang='lat' dir='ltr'>paludamentaque</span> <span class='ocrx_word' id='word_1_284' title='bbox 918 2231 1124 2281; x_wconf 68' lang='lat' dir='ltr'>detraCta3</span> <span class='ocrx_word' id='word_1_285' title='bbox 1157 2243 1311 2273; x_wconf 88' lang='lat' dir='ltr'>tantam</span> <span class='ocrx_word' id='word_1_286' title='bbox 1346 2234 1451 2274; x_wconf 84' lang='lat' dir='ltr'>inter</span> 
     </span>
    </p>

    <p class='ocr_par' dir='ltr' id='par_1_17' title="bbox 169 2283 1452 2451">
     <span class='ocr_line' id='line_1_49' title="bbox 170 2283 1451 2341; baseline 0.006 -19"><span class='ocrx_word' id='word_1_287' title='bbox 170 2283 288 2336; x_wconf 84' lang='lat' dir='ltr'>ipsos,</span> <span class='ocrx_word' id='word_1_288' title='bbox 319 2285 404 2337; x_wconf 88' lang='lat' dir='ltr'>qui,</span> <span class='ocrx_word' id='word_1_289' title='bbox 435 2287 568 2338; x_wconf 91' lang='lat' dir='ltr'>paullo</span> <span class='ocrx_word' id='word_1_290' title='bbox 608 2297 698 2327; x_wconf 86' lang='lat' dir='ltr'>ante</span> <span class='ocrx_word' id='word_1_291' title='bbox 731 2302 799 2328; x_wconf 91' lang='lat' dir='ltr'>eos</span> <span class='ocrx_word' id='word_1_292' title='bbox 826 2289 1090 2341; x_wconf 82' lang='lat' dir='ltr'>exsecrantes,</span> <span class='ocrx_word' id='word_1_293' title='bbox 1122 2291 1326 2331; x_wconf 87' lang='lat' dir='ltr'>dedendos</span> <span class='ocrx_word' id='word_1_294' title='bbox 1346 2291 1451 2330; x_wconf 75' lang='lat' dir='ltr'>lace-</span> 
     </span>
     <span class='ocr_line' id='line_1_50' title="bbox 169 2341 1452 2400; baseline 0.005 -20"><span class='ocrx_word' id='word_1_295' title='bbox 169 2341 392 2394; x_wconf 81' lang='lat' dir='ltr'>randosque</span> <span class='ocrx_word' id='word_1_296' title='bbox 423 2342 672 2393; x_wconf 87' lang='lat' dir='ltr'>censuerant,</span> <span class='ocrx_word' id='word_1_297' title='bbox 703 2345 996 2385; x_wconf 85' lang='lat' dir='ltr'>miserationem</span> <span class='ocrx_word' id='word_1_298' title='bbox 1033 2346 1129 2386; x_wconf 89' lang='lat' dir='ltr'>fecit</span> <span class='ocrx_word' id='word_1_299' title='bbox 1171 2350 1246 2400; x_wconf 90' lang='lat'><strong>(4),</strong></span> <span class='ocrx_word' id='word_1_300' title='bbox 1278 2356 1339 2397; x_wconf 89' lang='lat' dir='ltr'>ut,-</span> <span class='ocrx_word' id='word_1_301' title='bbox 1371 2345 1452 2388; x_wconf 80' lang='lat' dir='ltr'>suae</span> 
     </span>
     <span class='ocr_line' id='line_1_51' title="bbox 170 2398 1452 2451; baseline 0.005 -13"><span class='ocrx_word' id='word_1_302' title='bbox 170 2398 337 2451; x_wconf 87' lang='lat' dir='ltr'>quisque</span> <span class='ocrx_word' id='word_1_303' title='bbox 366 2399 604 2440; x_wconf 84' lang='lat' dir='ltr'>conditionis</span> <span class='ocrx_word' id='word_1_304' title='bbox 638 2402 799 2450; x_wconf 84' lang='lat' dir='ltr'>oblitus,</span> <span class='ocrx_word' id='word_1_305' title='bbox 830 2402 878 2442; x_wconf 84' lang='lat' dir='ltr'>ab</span> <span class='ocrx_word' id='word_1_306' title='bbox 912 2401 978 2442; x_wconf 61' lang='lat' dir='ltr'>illa</span> <span class='ocrx_word' id='word_1_307' title='bbox 1013 2403 1308 2444; x_wconf 79' lang='lat' dir='ltr'>deformatione</span> <span class='ocrx_word' id='word_1_308' title='bbox 1330 2414 1452 2444; x_wconf 74' lang='lat' dir='ltr'>tantae</span> 
     </span>
    </p>
   </div>
   <div class='ocr_carea' id='block_1_17' title="bbox 160 2512 1453 2734">
    <p class='ocr_par' dir='ltr' id='par_1_18' title="bbox 160 2512 1453 2734">
     <span class='ocr_line' id='line_1_52' title="bbox 170 2512 1453 2560; baseline 0.005 -17"><span class='ocrx_word' id='word_1_309' title='bbox 170 2512 191 2543; x_wconf 83' lang='lat'>1.</span> <span class='ocrx_word' id='word_1_310' title='bbox 210 2522 238 2544; x_wconf 88' lang='lat'>2.</span> <span class='ocrx_word' id='word_1_311' title='bbox 253 2513 293 2544; x_wconf 86' lang='lat' dir='ltr'>de</span> <span class='ocrx_word' id='word_1_312' title='bbox 310 2515 432 2544; x_wconf 64' lang='lat' dir='ltr'>invent.</span> <span class='ocrx_word' id='word_1_313' title='bbox 453 2525 477 2544; x_wconf 86' lang='lat' dir='ltr'>c.</span> <span class='ocrx_word' id='word_1_314' title='bbox 496 2524 548 2553; x_wconf 85' lang='lat'>30.</span> <span class='ocrx_word' id='word_1_315' title='bbox 591 2516 648 2555; x_wconf 84' lang='lat'>(2)</span> <span class='ocrx_word' id='word_1_316' title='bbox 671 2516 742 2547; x_wconf 80' lang='lat' dir='ltr'>Vid.</span> <span class='ocrx_word' id='word_1_317' title='bbox 759 2519 776 2557; x_wconf 56' lang='grc' dir='ltr'>Τ</span> <span class='ocrx_word' id='word_1_318' title='bbox 792 2519 915 2549; x_wconf 68' lang='lat' dir='ltr'>dativus.</span> <span class='ocrx_word' id='word_1_319' title='bbox 964 2519 1018 2559; x_wconf 79' lang='lat'>(3)</span> <span class='ocrx_word' id='word_1_320' title='bbox 1042 2518 1230 2550; x_wconf 85' lang='lat' dir='ltr'>Gronovius</span> <span class='ocrx_word' id='word_1_321' title='bbox 1252 2518 1383 2560; x_wconf 82' lang='lat' dir='ltr'>conjicit</span> <span class='ocrx_word' id='word_1_322' title='bbox 1407 2518 1453 2550; x_wconf 75' lang='lat' dir='ltr'>le-</span> 
     </span>
     <span class='ocr_line' id='line_1_53' title="bbox 170 2559 1452 2604; baseline 0.005 -17"><span class='ocrx_word' id='word_1_323' title='bbox 170 2559 312 2598; x_wconf 79' lang='lat' dir='ltr'>gendum</span> <span class='ocrx_word' id='word_1_324' title='bbox 328 2561 366 2587; x_wconf 81' lang='lat' dir='ltr'>ad</span> <span class='ocrx_word' id='word_1_325' title='bbox 379 2563 700 2600; x_wconf 62' lang='lat' dir='ltr'>parftttes.1&#39;npatri‹.⁷m</span> <span class='ocrx_word' id='word_1_326' title='bbox 716 2565 754 2590; x_wconf 68' lang='grc' dir='ltr'>αι]</span> <span class='ocrx_word' id='word_1_327' title='bbox 768 2570 899 2602; x_wconf 70' lang='lat' dir='ltr'>parentes</span> <span class='ocrx_word' id='word_1_328' title='bbox 922 2563 1017 2604; x_wconf 52' lang='lat' dir='ltr'>supra</span> <span class='ocrx_word' id='word_1_329' title='bbox 1033 2560 1053 2594; x_wconf 88' lang='lat' dir='ltr'>l.</span> <span class='ocrx_word' id='word_1_330' title='bbox 1078 2572 1105 2595; x_wconf 82' lang='lat'>2.</span> <span class='ocrx_word' id='word_1_331' title='bbox 1125 2574 1149 2595; x_wconf 84' lang='lat' dir='ltr'>c.</span> <span class='ocrx_word' id='word_1_332' title='bbox 1177 2573 1229 2603; x_wconf 82' lang='lat'>49.</span> <span class='ocrx_word' id='word_1_333' title='bbox 1252 2563 1338 2594; x_wconf 51' lang='lat' dir='ltr'>infra</span> <span class='ocrx_word' id='word_1_334' title='bbox 1363 2563 1382 2593; x_wconf 90' lang='lat' dir='ltr'>l.</span> <span class='ocrx_word' id='word_1_335' title='bbox 1402 2574 1452 2595; x_wconf 49' lang='lat'>222</span> 
     </span>
     <span class='ocr_line' id='line_1_54' title="bbox 172 2602 1452 2649; baseline 0.004 -16"><span class='ocrx_word' id='word_1_336' title='bbox 172 2613 202 2633; x_wconf 84' lang='lat' dir='ltr'>c.</span> <span class='ocrx_word' id='word_1_337' title='bbox 222 2603 271 2632; x_wconf 83' lang='lat'>60.</span> <span class='ocrx_word' id='word_1_338' title='bbox 316 2603 371 2642; x_wconf 82' lang='lat'>(4)</span> <span class='ocrx_word' id='word_1_339' title='bbox 417 2602 602 2634; x_wconf 82' lang='lat' dir='ltr'>Gronovius</span> <span class='ocrx_word' id='word_1_340' title='bbox 624 2605 755 2644; x_wconf 77' lang='lat' dir='ltr'>conjicit</span> <span class='ocrx_word' id='word_1_341' title='bbox 782 2606 1097 2647; x_wconf 70' lang='lat' dir='ltr'>legendtixiificerzmt,</span> <span class='ocrx_word' id='word_1_342' title='bbox 1119 2618 1235 2649; x_wconf 88' lang='lat' dir='ltr'>nempe</span> <span class='ocrx_word' id='word_1_343' title='bbox 1250 2609 1358 2638; x_wconf 50' lang='lat' dir='ltr'>licum</span> <span class='ocrx_word' id='word_1_344' title='bbox 1375 2609 1452 2638; x_wconf 57' lang='lat' dir='ltr'>abire</span> 
     </span>
     <span class='ocr_line' id='line_1_55' title="bbox 160 2647 1452 2693; baseline 0.005 -18"><span class='ocrx_word' id='word_1_345' title='bbox 160 2647 233 2687; x_wconf 73' lang='lat' dir='ltr'>jzff</span> <span class='ocrx_word' id='word_1_346' title='bbox 242 2648 485 2688; x_wconf 69' lang='lat' dir='ltr'>paludamentaque</span> <span class='ocrx_word' id='word_1_347' title='bbox 504 2650 640 2679; x_wconf 57' lang='lat' dir='ltr'>derv-uffa.</span> <span class='ocrx_word' id='word_1_348' title='bbox 687 2649 971 2683; x_wconf 61' lang='lat' dir='ltr'>Drakenborchiut</span> <span class='ocrx_word' id='word_1_349' title='bbox 999 2652 1142 2684; x_wconf 59' lang='lat' dir='ltr'>excidisse</span> <span class='ocrx_word' id='word_1_350' title='bbox 1160 2652 1337 2693; x_wconf 73' lang='lat' dir='ltr'>suspicatur</span> <span class='ocrx_word' id='word_1_351' title='bbox 1354 2662 1452 2682; x_wconf 77' lang='lat' dir='ltr'>vocu-</span> 
     </span>
     <span class='ocr_line' id='line_1_56' title="bbox 170 2690 695 2734; baseline 0.004 -12"><span class='ocrx_word' id='word_1_352' title='bbox 170 2690 237 2722; x_wconf 73' lang='lat' dir='ltr'>lam</span> <span class='ocrx_word' id='word_1_353' title='bbox 251 2693 286 2721; x_wconf 84' lang='lat' dir='ltr'>id.</span> <span class='ocrx_word' id='word_1_354' title='bbox 302 2698 408 2722; x_wconf 67' lang='lat' dir='ltr'>tantam</span> <span class='ocrx_word' id='word_1_355' title='bbox 423 2691 459 2724; x_wconf 83' lang='lat' dir='ltr'>id</span> <span class='ocrx_word' id='word_1_356' title='bbox 469 2694 541 2723; x_wconf 78' lang='lat' dir='ltr'>inter</span> <span class='ocrx_word' id='word_1_357' title='bbox 554 2695 620 2734; x_wconf 51' lang='lat' dir='ltr'>issue</span> <span class='ocrx_word' id='word_1_358' title='bbox 639 2694 695 2723; x_wconf 55' lang='lat'>52¹?-</span> 
     </span>
    </p>
   </div>
   <div class='ocr_carea' id='block_1_18' title="bbox 733 2736 1453 2793">
    <p class='ocr_par' dir='ltr' id='par_1_19' title="bbox 733 2736 1453 2793">
     <span class='ocr_line' id='line_1_57' title="bbox 733 2736 1453 2793; baseline -0.007 -15"><span class='ocrx_word' id='word_1_359' title='bbox 733 2736 772 2778; x_wconf 78' lang='lat' dir='ltr'>O</span> <span class='ocrx_word' id='word_1_360' title='bbox 808 2750 830 2780; x_wconf 70' lang='lat'>2</span> <span class='ocrx_word' id='word_1_361' title='bbox 1225 2738 1453 2793; x_wconf 50' lang='lat' dir='ltr'>majestatiz„</span> 
     </span>
    </p>
   </div>
  </div>
 </body>
</html>
