<?xml version="1.0" encoding="UTF-8"?>
<!DOCTYPE html PUBLIC "-//W3C//DTD XHTML 1.0 Transitional//EN"
    "http://www.w3.org/TR/xhtml1/DTD/xhtml1-transitional.dtd">
<html xmlns="http://www.w3.org/1999/xhtml" xml:lang="en" lang="en">
 <head>
  <title>
</title>
<meta http-equiv="Content-Type" content="text/html;charset=utf-8" />
  <meta name='ocr-system' content='tesseract 3.04.00' />
  <meta name='ocr-capabilities' content='ocr_page ocr_carea ocr_par ocr_line ocrx_word'/>
</head>
<body>
  <div class='ocr_page' id='page_1' title='image "./historiaeromanae01livyuoft_0778.png"; bbox 0 0 1853 3158; ppageno 0'>
   <div class='ocr_carea' id='block_1_1' title="bbox 180 255 274 318">
    <p class='ocr_par' dir='ltr' id='par_1_1' title="bbox 180 255 274 318">
     <span class='ocr_line' id='line_1_1' title="bbox 180 255 274 318; baseline -0.011 -14"><span class='ocrx_word' id='word_1_1' title='bbox 180 255 274 318; x_wconf 70' lang='lat'>306</span> 
     </span>
    </p>
   </div>
   <div class='ocr_carea' id='block_1_2' title="bbox 182 1379 342 1514">
    <p class='ocr_par' dir='ltr' id='par_1_2' title="bbox 182 1379 342 1514">
     <span class='ocr_line' id='line_1_2' title="bbox 183 1379 342 1413; baseline 0.006 -3"><span class='ocrx_word' id='word_1_2' title='bbox 183 1379 307 1413; x_wconf 63' lang='lat' dir='ltr'>‚Etruria</span> <span class='ocrx_word' id='word_1_3' title='bbox 322 1392 342 1411; x_wconf 74' lang='lat' dir='ltr'>a</span> 
     </span>
     <span class='ocr_line' id='line_1_3' title="bbox 182 1424 318 1468; baseline -0.015 -11"><span class='ocrx_word' id='word_1_4' title='bbox 182 1424 318 1468; x_wconf 74' lang='lat' dir='ltr'>Pcflumio</span> 
     </span>
     <span class='ocr_line' id='line_1_4' title="bbox 188 1471 309 1514; baseline 0.008 -14"><span class='ocrx_word' id='word_1_5' title='bbox 188 1471 309 1514; x_wconf 53' lang='grc' dir='ltr'>Ψεβαία-</span> 
     </span>
    </p>
   </div>
   <div class='ocr_carea' id='block_1_3' title="bbox 856 248 1224 297">
    <p class='ocr_par' dir='ltr' id='par_1_3' title="bbox 856 248 1224 297">
     <span class='ocr_line' id='line_1_5' title="bbox 856 248 1224 297; baseline -0.008 0"><span class='ocrx_word' id='word_1_6' title='bbox 856 250 908 297; x_wconf 75' lang='lat' dir='ltr'>T.</span> <span class='ocrx_word' id='word_1_7' title='bbox 967 248 1224 297; x_wconf 75' lang='lat' dir='ltr'>Ltvll</span> 
     </span>
    </p>
   </div>
   <div class='ocr_carea' id='block_1_4' title="bbox 401 362 1712 2260">
    <p class='ocr_par' dir='ltr' id='par_1_4' title="bbox 403 362 1711 1296">
     <span class='ocr_line' id='line_1_6' title="bbox 403 362 1705 429; baseline -0.008 -12"><span class='ocrx_word' id='word_1_8' title='bbox 403 385 509 424; x_wconf 74' lang='lat' dir='ltr'>rum,</span> <span class='ocrx_word' id='word_1_9' title='bbox 541 372 612 429; x_wconf 77' lang='lat' dir='ltr'>qui</span> <span class='ocrx_word' id='word_1_10' title='bbox 642 380 784 414; x_wconf 79' lang='lat' dir='ltr'>ornnes</span> <span class='ocrx_word' id='word_1_11' title='bbox 818 369 917 411; x_wconf 75' lang='lat' dir='ltr'>nudi</span> <span class='ocrx_word' id='word_1_12' title='bbox 952 370 1023 411; x_wconf 88' lang='lat' dir='ltr'>sub</span> <span class='ocrx_word' id='word_1_13' title='bbox 1047 369 1194 426; x_wconf 85' lang='lat' dir='ltr'>jugum</span> <span class='ocrx_word' id='word_1_14' title='bbox 1215 368 1328 409; x_wconf 82' lang='lat' dir='ltr'>misli.</span> <span class='ocrx_word' id='word_1_15' title='bbox 1350 362 1471 410; x_wconf 85' lang='lat' dir='ltr'>caesos</span> <span class='ocrx_word' id='word_1_16' title='bbox 1502 369 1565 424; x_wconf 92' lang='lat'>(6)</span> <span class='ocrx_word' id='word_1_17' title='bbox 1592 373 1705 411; x_wconf 57' lang='lat' dir='ltr'>retu-⁸</span> 
     </span>
     <span class='ocr_line' id='line_1_7' title="bbox 403 425 1706 485; baseline -0.005 -11"><span class='ocrx_word' id='word_1_18' title='bbox 403 435 485 474; x_wconf 86' lang='lat' dir='ltr'>lere</span> <span class='ocrx_word' id='word_1_19' title='bbox 507 433 556 472; x_wconf 88' lang='lat' dir='ltr'>acl</span> <span class='ocrx_word' id='word_1_20' title='bbox 578 440 752 485; x_wconf 88' lang='lat' dir='ltr'>quatuor</span> <span class='ocrx_word' id='word_1_21' title='bbox 773 429 898 469; x_wconf 89' lang='lat' dir='ltr'>millia</span> <span class='ocrx_word' id='word_1_22' title='bbox 918 429 1188 483; x_wconf 66' lang='lat' dir='ltr'>oCtingentos.</span> <span class='ocrx_word' id='word_1_23' title='bbox 1233 427 1300 468; x_wconf 90' lang='lat' dir='ltr'>Ne</span> <span class='ocrx_word' id='word_1_24' title='bbox 1322 425 1520 468; x_wconf 86' lang='lat' dir='ltr'>Romanis</span> <span class='ocrx_word' id='word_1_25' title='bbox 1538 427 1706 481; x_wconf 79' lang='lat' dir='ltr'>quidem</span> 
     </span>
     <span class='ocr_line' id='line_1_8' title="bbox 403 483 1705 539; baseline -0.004 -8"><span class='ocrx_word' id='word_1_26' title='bbox 403 493 495 532; x_wconf 83' lang='lat' dir='ltr'>laeta</span> <span class='ocrx_word' id='word_1_27' title='bbox 535 489 703 530; x_wconf 66' lang='lat' dir='ltr'>vicTtoria</span> <span class='ocrx_word' id='word_1_28' title='bbox 739 487 829 528; x_wconf 90' lang='lat' dir='ltr'>fuit.</span> <span class='ocrx_word' id='word_1_29' title='bbox 867 485 1096 527; x_wconf 83' lang='lat' dir='ltr'><strong>recensente</strong></span> <span class='ocrx_word' id='word_1_30' title='bbox 1137 485 1296 526; x_wconf 86' lang='lat' dir='ltr'>consule</span> <span class='ocrx_word' id='word_1_31' title='bbox 1331 483 1459 525; x_wconf 82' lang='lat' dir='ltr'>biduo</span> <span class='ocrx_word' id='word_1_32' title='bbox 1495 495 1705 539; x_wconf 83' lang='lat' dir='ltr'>acceptam</span> 
     </span>
     <span class='ocr_line' id='line_1_9' title="bbox 404 541 1706 597; baseline -0.005 -8"><span class='ocrx_word' id='word_1_33' title='bbox 404 550 577 597; x_wconf 80' lang='lat' dir='ltr'>cladem,</span> <span class='ocrx_word' id='word_1_34' title='bbox 609 546 840 587; x_wconf 78' lang='lat' dir='ltr'>amissorum</span> <span class='ocrx_word' id='word_1_35' title='bbox 871 543 1046 584; x_wconf 88' lang='lat' dir='ltr'>militurn</span> <span class='ocrx_word' id='word_1_36' title='bbox 1066 557 1259 584; x_wconf 86' lang='lat' dir='ltr'>numerus</span> <span class='ocrx_word' id='word_1_37' title='bbox 1277 543 1426 583; x_wconf 79' lang='lat' dir='ltr'>relatus</span> <span class='ocrx_word' id='word_1_38' title='bbox 1447 541 1598 597; x_wconf 84' lang='lat' dir='ltr'>septem</span> <span class='ocrx_word' id='word_1_39' title='bbox 1614 543 1706 583; x_wconf 85' lang='lat' dir='ltr'>mil-</span> 
     </span>
     <span class='ocr_line' id='line_1_10' title="bbox 403 599 1709 656; baseline -0.006 -9"><span class='ocrx_word' id='word_1_40' title='bbox 403 607 506 648; x_wconf 74' lang='lat' dir='ltr'>lium</span> <span class='ocrx_word' id='word_1_41' title='bbox 535 620 580 646; x_wconf 87' lang='lat' dir='ltr'>ac</span> <span class='ocrx_word' id='word_1_42' title='bbox 602 605 883 645; x_wconf 73' lang='lat' dir='ltr'>ducentorum.</span> <span class='ocrx_word' id='word_1_43' title='bbox 946 603 1062 643; x_wconf 87' lang='lat' dir='ltr'>Dum</span> <span class='ocrx_word' id='word_1_44' title='bbox 1082 601 1168 642; x_wconf 82' lang='lat' dir='ltr'>haec</span> <span class='ocrx_word' id='word_1_45' title='bbox 1205 601 1246 640; x_wconf 83' lang='lat' dir='ltr'>in</span> <span class='ocrx_word' id='word_1_46' title='bbox 1277 601 1427 654; x_wconf 74' lang='lat' dir='ltr'>Apulia</span> <span class='ocrx_word' id='word_1_47' title='bbox 1447 599 1709 656; x_wconf 83' lang='lat' dir='ltr'>gerebantur,</span> 
     </span>
     <span class='ocr_line' id='line_1_11' title="bbox 405 658 1708 712; baseline -0.005 -8"><span class='ocrx_word' id='word_1_48' title='bbox 405 665 531 704; x_wconf 81' lang='lat' dir='ltr'>altero</span> <span class='ocrx_word' id='word_1_49' title='bbox 562 662 740 703; x_wconf 83' lang='lat' dir='ltr'>exercitu</span> <span class='ocrx_word' id='word_1_50' title='bbox 769 660 969 702; x_wconf 85' lang='lat' dir='ltr'>Samnites</span> <span class='ocrx_word' id='word_1_51' title='bbox 991 660 1262 700; x_wconf 81' lang='lat' dir='ltr'>Interamnam</span> <span class='ocrx_word' id='word_1_52' title='bbox 1285 661 1364 712; x_wconf 82' lang='lat'>(7),</span> <span class='ocrx_word' id='word_1_53' title='bbox 1394 658 1595 699; x_wconf 86' lang='lat' dir='ltr'>coloniam</span> <span class='ocrx_word' id='word_1_54' title='bbox 1616 658 1708 698; x_wconf 88' lang='lat' dir='ltr'>Ro-</span> 
     </span>
     <span class='ocr_line' id='line_1_12' title="bbox 405 714 1707 774; baseline -0.003 -13"><span class='ocrx_word' id='word_1_55' title='bbox 405 722 583 771; x_wconf 86' lang='lat' dir='ltr'>manam,</span> <span class='ocrx_word' id='word_1_56' title='bbox 616 735 707 774; x_wconf 79' lang='lat' dir='ltr'>quae</span> <span class='ocrx_word' id='word_1_57' title='bbox 747 720 809 761; x_wconf 63' lang='lat' dir='ltr'>via</span> <span class='ocrx_word' id='word_1_58' title='bbox 847 718 993 758; x_wconf 67' lang='lat' dir='ltr'>Latina</span> <span class='ocrx_word' id='word_1_59' title='bbox 1025 717 1100 767; x_wconf 87' lang='lat' dir='ltr'>est,</span> <span class='ocrx_word' id='word_1_60' title='bbox 1145 729 1342 770; x_wconf 89' lang='lat' dir='ltr'>occupare</span> <span class='ocrx_word' id='word_1_61' title='bbox 1378 715 1531 768; x_wconf 86' lang='lat' dir='ltr'>conati,</span> <span class='ocrx_word' id='word_1_62' title='bbox 1561 714 1707 757; x_wconf 87' lang='lat' dir='ltr'>urbem</span> 
     </span>
     <span class='ocr_line' id='line_1_13' title="bbox 406 773 1707 831; baseline -0.005 -11"><span class='ocrx_word' id='word_1_63' title='bbox 406 794 488 820; x_wconf 81' lang='lat' dir='ltr'>non</span> <span class='ocrx_word' id='word_1_64' title='bbox 517 787 760 819; x_wconf 87' lang='lat' dir='ltr'>tenuerunt:</span> <span class='ocrx_word' id='word_1_65' title='bbox 805 790 921 831; x_wconf 81' lang='lat' dir='ltr'>agros</span> <span class='ocrx_word' id='word_1_66' title='bbox 957 774 1188 829; x_wconf 89' lang='lat' dir='ltr'>depopulati</span> <span class='ocrx_word' id='word_1_67' title='bbox 1222 786 1349 827; x_wconf 86' lang='lat' dir='ltr'>quum</span> <span class='ocrx_word' id='word_1_68' title='bbox 1375 774 1554 827; x_wconf 87' lang='lat' dir='ltr'>praedarn</span> <span class='ocrx_word' id='word_1_69' title='bbox 1583 773 1707 814; x_wconf 85' lang='lat' dir='ltr'>aliam</span> 
     </span>
     <span class='ocr_line' id='line_1_14' title="bbox 407 830 1708 886; baseline -0.007 -8"><span class='ocrx_word' id='word_1_70' title='bbox 407 838 500 878; x_wconf 92' lang='lat' dir='ltr'>inde</span> <span class='ocrx_word' id='word_1_71' title='bbox 521 837 688 876; x_wconf 79' lang='lat' dir='ltr'>mixtam</span> <span class='ocrx_word' id='word_1_72' title='bbox 708 835 921 875; x_wconf 85' lang='lat' dir='ltr'>hominurn</span> <span class='ocrx_word' id='word_1_73' title='bbox 954 844 1073 886; x_wconf 86' lang='lat' dir='ltr'>atque</span> <span class='ocrx_word' id='word_1_74' title='bbox 1096 831 1315 885; x_wconf 87' lang='lat' dir='ltr'>pecudum,</span> <span class='ocrx_word' id='word_1_75' title='bbox 1347 830 1589 884; x_wconf 87' lang='lat' dir='ltr'>colonosque</span> <span class='ocrx_word' id='word_1_76' title='bbox 1611 844 1708 885; x_wconf 86' lang='lat' dir='ltr'>cap-</span> 
     </span>
     <span class='ocr_line' id='line_1_15' title="bbox 407 887 1709 950; baseline -0.006 -14"><span class='ocrx_word' id='word_1_77' title='bbox 407 906 473 936; x_wconf 79' lang='lat' dir='ltr'>tos</span> <span class='ocrx_word' id='word_1_78' title='bbox 492 903 670 950; x_wconf 83' lang='lat' dir='ltr'>agerent,</span> <span class='ocrx_word' id='word_1_79' title='bbox 702 892 743 932; x_wconf 78' lang='lat' dir='ltr'>in</span> <span class='ocrx_word' id='word_1_80' title='bbox 778 891 975 932; x_wconf 61' lang='lat' dir='ltr'>vietorem</span> <span class='ocrx_word' id='word_1_81' title='bbox 996 890 1181 931; x_wconf 89' lang='lat' dir='ltr'>incidunt</span> <span class='ocrx_word' id='word_1_82' title='bbox 1209 888 1430 938; x_wconf 89' lang='lat' dir='ltr'>consulem,</span> <span class='ocrx_word' id='word_1_83' title='bbox 1461 887 1512 929; x_wconf 84' lang='lat' dir='ltr'>ab</span> <span class='ocrx_word' id='word_1_84' title='bbox 1532 888 1709 929; x_wconf 71' lang='lat' dir='ltr'>Luceria</span> 
     </span>
     <span class='ocr_line' id='line_1_16' title="bbox 406 945 1708 1003; baseline -0.006 -10"><span class='ocrx_word' id='word_1_85' title='bbox 406 953 673 994; x_wconf 79' lang='lat' dir='ltr'>redeuntem:</span> <span class='ocrx_word' id='word_1_86' title='bbox 702 964 776 990; x_wconf 90' lang='lat' dir='ltr'>nec</span> <span class='ocrx_word' id='word_1_87' title='bbox 799 950 975 1003; x_wconf 80' lang='lat' dir='ltr'>praedam</span> <span class='ocrx_word' id='word_1_88' title='bbox 1004 946 1134 988; x_wconf 68' lang='lat' dir='ltr'>solum</span> <span class='ocrx_word' id='word_1_89' title='bbox 1162 947 1369 999; x_wconf 87' lang='lat' dir='ltr'>amittunt,</span> <span class='ocrx_word' id='word_1_90' title='bbox 1400 946 1468 987; x_wconf 87' lang='lat' dir='ltr'>sed</span> <span class='ocrx_word' id='word_1_91' title='bbox 1489 945 1559 1001; x_wconf 76' lang='lat' dir='ltr'>ipsi</span> <span class='ocrx_word' id='word_1_92' title='bbox 1580 947 1708 1001; x_wconf 80' lang='lat' dir='ltr'>longo</span> 
     </span>
     <span class='ocr_line' id='line_1_17' title="bbox 405 1003 1710 1064; baseline -0.006 -13"><span class='ocrx_word' id='word_1_93' title='bbox 405 1020 526 1064; x_wconf 86' lang='lat' dir='ltr'>atque</span> <span class='ocrx_word' id='word_1_94' title='bbox 559 1008 754 1062; x_wconf 87' lang='lat' dir='ltr'>impedito</span> <span class='ocrx_word' id='word_1_95' title='bbox 789 1007 948 1061; x_wconf 80' lang='lat' dir='ltr'>agmine</span> <span class='ocrx_word' id='word_1_96' title='bbox 979 1005 1231 1060; x_wconf 76' lang='lat' dir='ltr'>incompositi</span> <span class='ocrx_word' id='word_1_97' title='bbox 1253 1006 1477 1047; x_wconf 81' lang='lat' dir='ltr'>caeduntur.</span> <span class='ocrx_word' id='word_1_98' title='bbox 1538 1003 1710 1053; x_wconf 81' lang='lat' dir='ltr'>Consul,</span> 
     </span>
     <span class='ocr_line' id='line_1_18' title="bbox 404 1061 1710 1117; baseline -0.005 -9"><span class='ocrx_word' id='word_1_99' title='bbox 404 1067 678 1109; x_wconf 66' lang='lat' dir='ltr'>&#39;interamnam</span> <span class='ocrx_word' id='word_1_100' title='bbox 701 1063 836 1104; x_wconf 65' lang='lat' dir='ltr'>edicto</span> <span class='ocrx_word' id='word_1_101' title='bbox 857 1063 1030 1103; x_wconf 84' lang='lat' dir='ltr'>dominis</span> <span class='ocrx_word' id='word_1_102' title='bbox 1052 1064 1103 1102; x_wconf 91' lang='lat' dir='ltr'>ad</span> <span class='ocrx_word' id='word_1_103' title='bbox 1123 1077 1186 1104; x_wconf 85' lang='lat' dir='ltr'>res</span> <span class='ocrx_word' id='word_1_104' title='bbox 1207 1061 1297 1104; x_wconf 85' lang='lat' dir='ltr'>suas</span> <span class='ocrx_word' id='word_1_105' title='bbox 1315 1069 1339 1117; x_wconf 89' lang='lat'>†</span> <span class='ocrx_word' id='word_1_106' title='bbox 1359 1063 1579 1104; x_wconf 88' lang='lat' dir='ltr'>noscendas</span> <span class='ocrx_word' id='word_1_107' title='bbox 1606 1061 1710 1103; x_wconf 78' lang='lat' dir='ltr'>reci·</span> 
     </span>
     <span class='ocr_line' id='line_1_19' title="bbox 405 1119 1711 1180; baseline -0.005 -15"><span class='ocrx_word' id='word_1_108' title='bbox 405 1123 649 1180; x_wconf 81' lang='lat' dir='ltr'>piendasque</span> <span class='ocrx_word' id='word_1_109' title='bbox 696 1121 907 1171; x_wconf 82' lang='lat' dir='ltr'>revocatis,</span> <span class='ocrx_word' id='word_1_110' title='bbox 955 1122 991 1161; x_wconf 74' lang='lat'>8&lt;</span> <span class='ocrx_word' id='word_1_111' title='bbox 1027 1120 1206 1159; x_wconf 86' lang='lat' dir='ltr'>exercitu</span> <span class='ocrx_word' id='word_1_112' title='bbox 1237 1120 1291 1160; x_wconf 87' lang='lat' dir='ltr'>ibi</span> <span class='ocrx_word' id='word_1_113' title='bbox 1330 1120 1492 1173; x_wconf 59' lang='lat' dir='ltr'>renero,</span> <span class='ocrx_word' id='word_1_114' title='bbox 1522 1119 1711 1161; x_wconf 90' lang='lat' dir='ltr'>comitio-</span> 
     </span>
     <span class='ocr_line' id='line_1_20' title="bbox 406 1176 1708 1232; baseline -0.005 -8"><span class='ocrx_word' id='word_1_115' title='bbox 406 1198 498 1224; x_wconf 85' lang='lat' dir='ltr'>rum</span> <span class='ocrx_word' id='word_1_116' title='bbox 543 1181 663 1223; x_wconf 70' lang='lat' dir='ltr'>causa</span> <span class='ocrx_word' id='word_1_117' title='bbox 699 1181 878 1221; x_wconf 86' lang='lat' dir='ltr'>Romam</span> <span class='ocrx_word' id='word_1_118' title='bbox 916 1178 972 1219; x_wconf 88' lang='lat' dir='ltr'>est</span> <span class='ocrx_word' id='word_1_119' title='bbox 1007 1176 1229 1232; x_wconf 71' lang='lat' dir='ltr'>profectus.</span> <span class='ocrx_word' id='word_1_120' title='bbox 1289 1177 1369 1218; x_wconf 86' lang='lat' dir='ltr'>Cui</span> <span class='ocrx_word' id='word_1_121' title='bbox 1407 1179 1456 1218; x_wconf 91' lang='lat' dir='ltr'>de</span> <span class='ocrx_word' id='word_1_122' title='bbox 1497 1177 1708 1232; x_wconf 85' lang='lat' dir='ltr'>triumpho</span> 
     </span>
     <span class='ocr_line' id='line_1_21' title="bbox 405 1234 1708 1296; baseline -0.005 -14"><span class='ocrx_word' id='word_1_123' title='bbox 405 1240 540 1296; x_wconf 85' lang='lat' dir='ltr'>agenti</span> <span class='ocrx_word' id='word_1_124' title='bbox 580 1249 749 1294; x_wconf 84' lang='lat' dir='ltr'>negatus</span> <span class='ocrx_word' id='word_1_125' title='bbox 780 1238 927 1287; x_wconf 86' lang='lat' dir='ltr'>honos,</span> <span class='ocrx_word' id='word_1_126' title='bbox 962 1239 1000 1277; x_wconf 66' lang='grc' dir='ltr'><strong>ἃ</strong></span> <span class='ocrx_word' id='word_1_127' title='bbox 1039 1235 1091 1275; x_wconf 94' lang='lat' dir='ltr'>ob</span> <span class='ocrx_word' id='word_1_128' title='bbox 1127 1234 1261 1274; x_wconf 81' lang='lat' dir='ltr'>amiffa</span> <span class='ocrx_word' id='word_1_129' title='bbox 1287 1244 1348 1274; x_wconf 87' lang='lat' dir='ltr'>tot</span> <span class='ocrx_word' id='word_1_130' title='bbox 1368 1235 1493 1275; x_wconf 84' lang='lat' dir='ltr'>millia</span> <span class='ocrx_word' id='word_1_131' title='bbox 1513 1235 1708 1287; x_wconf 73' lang='lat' dir='ltr'>militum,</span> 
     </span>
    </p>

    <p class='ocr_par' dir='ltr' id='par_1_5' title="bbox 401 1292 1712 2260">
     <span class='ocr_line' id='line_1_22' title="bbox 407 1292 1633 1352; baseline -0.004 -14"><span class='ocrx_word' id='word_1_132' title='bbox 407 1303 448 1342; x_wconf 69' lang='grc' dir='ltr'>δε</span> <span class='ocrx_word' id='word_1_133' title='bbox 471 1302 532 1352; x_wconf 81' lang='grc'>(8)</span> <span class='ocrx_word' id='word_1_134' title='bbox 555 1297 666 1351; x_wconf 74' lang='lat' dir='ltr'>quod</span> <span class='ocrx_word' id='word_1_135' title='bbox 690 1296 868 1350; x_wconf 83' lang='lat' dir='ltr'>captivos</span> <span class='ocrx_word' id='word_1_136' title='bbox 898 1295 977 1334; x_wconf 82' lang='lat' dir='ltr'>fine</span> <span class='ocrx_word' id='word_1_137' title='bbox 994 1293 1182 1348; x_wconf 56' lang='lat' dir='ltr'>motione</span> <span class='ocrx_word' id='word_1_138' title='bbox 1206 1292 1442 1348; x_wconf 86' lang='lat' dir='ltr'>subjugum</span> <span class='ocrx_word' id='word_1_139' title='bbox 1463 1292 1633 1333; x_wconf 86' lang='lat' dir='ltr'>mififfet.</span> 
     </span>
     <span class='ocr_line' id='line_1_23' title="bbox 461 1349 1710 1404; baseline -0.005 -6"><span class='ocrx_word' id='word_1_140' title='bbox 461 1355 686 1398; x_wconf 81' lang='lat' dir='ltr'>XXXVII.</span> <span class='ocrx_word' id='word_1_141' title='bbox 720 1353 870 1394; x_wconf 83' lang='lat' dir='ltr'>Consul</span> <span class='ocrx_word' id='word_1_142' title='bbox 893 1353 990 1392; x_wconf 83' lang='lat' dir='ltr'>alter</span> <span class='ocrx_word' id='word_1_143' title='bbox 1010 1350 1257 1400; x_wconf 89' lang='lat' dir='ltr'>Postumius,</span> <span class='ocrx_word' id='word_1_144' title='bbox 1288 1351 1382 1404; x_wconf 89' lang='lat' dir='ltr'>quia</span> <span class='ocrx_word' id='word_1_145' title='bbox 1397 1350 1438 1390; x_wconf 87' lang='lat' dir='ltr'>in</span> <span class='ocrx_word' id='word_1_146' title='bbox 1458 1349 1710 1392; x_wconf 66' lang='lat' dir='ltr'>Samnitibus</span> 
     </span>
     <span class='ocr_line' id='line_1_24' title="bbox 404 1408 1711 1463; baseline -0.005 -8"><span class='ocrx_word' id='word_1_147' title='bbox 404 1415 570 1456; x_wconf 85' lang='lat' dir='ltr'>materia</span> <span class='ocrx_word' id='word_1_148' title='bbox 596 1409 689 1452; x_wconf 86' lang='lat' dir='ltr'>belli</span> <span class='ocrx_word' id='word_1_149' title='bbox 712 1413 862 1459; x_wconf 86' lang='lat' dir='ltr'>deerat,</span> <span class='ocrx_word' id='word_1_150' title='bbox 894 1411 935 1450; x_wconf 90' lang='lat' dir='ltr'>in</span> <span class='ocrx_word' id='word_1_151' title='bbox 967 1409 1170 1450; x_wconf 83' lang='lat' dir='ltr'>Etruriam</span> <span class='ocrx_word' id='word_1_152' title='bbox 1191 1408 1380 1449; x_wconf 69' lang='lat' dir='ltr'>tradu&amp;o</span> <span class='ocrx_word' id='word_1_153' title='bbox 1401 1408 1597 1457; x_wconf 87' lang='lat' dir='ltr'>exercitu,</span> <span class='ocrx_word' id='word_1_154' title='bbox 1627 1408 1711 1463; x_wconf 83' lang='lat' dir='ltr'>pri·</span> 
     </span>
     <span class='ocr_line' id='line_1_25' title="bbox 404 1465 1712 1527; baseline -0.005 -14"><span class='ocrx_word' id='word_1_155' title='bbox 404 1472 519 1514; x_wconf 63' lang='lat' dir='ltr'>mum</span> <span class='ocrx_word' id='word_1_156' title='bbox 542 1471 830 1527; x_wconf 84' lang='lat' dir='ltr'>pervastaverat</span> <span class='ocrx_word' id='word_1_157' title='bbox 845 1467 1137 1509; x_wconf 76' lang='lat' dir='ltr'>Volsiniensem</span> <span class='ocrx_word' id='word_1_158' title='bbox 1159 1480 1300 1522; x_wconf 83' lang='lat' dir='ltr'>agrum</span> <span class='ocrx_word' id='word_1_159' title='bbox 1319 1482 1328 1507; x_wconf 93' lang='lat'>:</span> <span class='ocrx_word' id='word_1_160' title='bbox 1359 1465 1452 1506; x_wconf 83' lang='lat' dir='ltr'>dein</span> <span class='ocrx_word' id='word_1_161' title='bbox 1468 1480 1563 1507; x_wconf 91' lang='lat' dir='ltr'>cum</span> <span class='ocrx_word' id='word_1_162' title='bbox 1578 1465 1712 1522; x_wconf 84' lang='lat' dir='ltr'>egres-</span> 
     </span>
     <span class='ocr_line' id='line_1_26' title="bbox 405 1524 1710 1579; baseline -0.005 -8"><span class='ocrx_word' id='word_1_163' title='bbox 405 1532 452 1571; x_wconf 68' lang='grc' dir='ltr'>[ιε</span> <span class='ocrx_word' id='word_1_164' title='bbox 485 1532 535 1571; x_wconf 87' lang='lat' dir='ltr'>ad</span> <span class='ocrx_word' id='word_1_165' title='bbox 570 1530 744 1570; x_wconf 75' lang='lat' dir='ltr'>tuendos</span> <span class='ocrx_word' id='word_1_166' title='bbox 776 1527 877 1568; x_wconf 89' lang='lat' dir='ltr'>fines</span> <span class='ocrx_word' id='word_1_167' title='bbox 908 1526 1017 1566; x_wconf 88' lang='lat' dir='ltr'>haud</span> <span class='ocrx_word' id='word_1_168' title='bbox 1039 1527 1180 1579; x_wconf 87' lang='lat' dir='ltr'>procul</span> <span class='ocrx_word' id='word_1_169' title='bbox 1201 1525 1407 1566; x_wconf 79' lang='lat' dir='ltr'>moenibus</span> <span class='ocrx_word' id='word_1_170' title='bbox 1427 1524 1605 1579; x_wconf 88' lang='lat' dir='ltr'>ipsorum</span> <span class='ocrx_word' id='word_1_171' title='bbox 1637 1525 1710 1565; x_wconf 84' lang='lat' dir='ltr'>de-</span> 
     </span>
     <span class='ocr_line' id='line_1_27' title="bbox 404 1582 1708 1645; baseline -0.005 -16"><span class='ocrx_word' id='word_1_172' title='bbox 404 1598 571 1645; x_wconf 81' lang='lat' dir='ltr'>pugnat.</span> <span class='ocrx_word' id='word_1_173' title='bbox 606 1589 687 1627; x_wconf 84' lang='lat' dir='ltr'>duo</span> <span class='ocrx_word' id='word_1_174' title='bbox 720 1586 844 1625; x_wconf 88' lang='lat' dir='ltr'>millia</span> <span class='ocrx_word' id='word_1_175' title='bbox 877 1584 1102 1639; x_wconf 52' lang='lat' dir='ltr'>octingenti</span> <span class='ocrx_word' id='word_1_176' title='bbox 1124 1582 1386 1623; x_wconf 86' lang='lat' dir='ltr'>Etruscorum</span> <span class='ocrx_word' id='word_1_177' title='bbox 1406 1583 1708 1623; x_wconf 74' lang='lat' dir='ltr'>caefit-ceteros</span> 
     </span>
     <span class='ocr_line' id='line_1_28' title="bbox 404 1641 1708 1703; baseline -0.005 -17"><span class='ocrx_word' id='word_1_178' title='bbox 404 1646 686 1703; x_wconf 73' lang='lat' dir='ltr'>propinquitas</span> <span class='ocrx_word' id='word_1_179' title='bbox 707 1645 818 1684; x_wconf 79' lang='lat' dir='ltr'>urbis</span> <span class='ocrx_word' id='word_1_180' title='bbox 838 1652 966 1683; x_wconf 84' lang='lat' dir='ltr'>tutata</span> <span class='ocrx_word' id='word_1_181' title='bbox 988 1642 1056 1682; x_wconf 90' lang='lat' dir='ltr'>est.</span> <span class='ocrx_word' id='word_1_182' title='bbox 1118 1642 1166 1682; x_wconf 85' lang='lat' dir='ltr'>In</span> <span class='ocrx_word' id='word_1_183' title='bbox 1188 1641 1453 1682; x_wconf 84' lang='lat' dir='ltr'>Rusellanum</span> <span class='ocrx_word' id='word_1_184' title='bbox 1474 1654 1617 1696; x_wconf 86' lang='lat' dir='ltr'>agrum</span> <span class='ocrx_word' id='word_1_185' title='bbox 1637 1653 1708 1679; x_wconf 88' lang='lat' dir='ltr'>ex-</span> 
     </span>
     <span class='ocr_line' id='line_1_29' title="bbox 404 1697 1708 1756; baseline -0.006 -11"><span class='ocrx_word' id='word_1_186' title='bbox 404 1706 556 1745; x_wconf 83' lang='lat' dir='ltr'>ercitus</span> <span class='ocrx_word' id='word_1_187' title='bbox 575 1702 800 1743; x_wconf 58' lang='lat' dir='ltr'>traductus.</span> <span class='ocrx_word' id='word_1_188' title='bbox 829 1701 883 1742; x_wconf 84' lang='lat' dir='ltr'>ibi</span> <span class='ocrx_word' id='word_1_189' title='bbox 920 1715 1002 1741; x_wconf 88' lang='lat' dir='ltr'>non</span> <span class='ocrx_word' id='word_1_190' title='bbox 1030 1700 1114 1756; x_wconf 83' lang='lat' dir='ltr'>agri</span> <span class='ocrx_word' id='word_1_191' title='bbox 1135 1698 1295 1739; x_wconf 64' lang='lat' dir='ltr'>tantum</span> <span class='ocrx_word' id='word_1_192' title='bbox 1316 1698 1473 1749; x_wconf 86' lang='lat' dir='ltr'>vastati,</span> <span class='ocrx_word' id='word_1_193' title='bbox 1504 1698 1570 1738; x_wconf 86' lang='lat' dir='ltr'>sed</span> <span class='ocrx_word' id='word_1_194' title='bbox 1591 1697 1708 1752; x_wconf 84' lang='lat' dir='ltr'>oppi-</span> 
     </span>
     <span class='ocr_line' id='line_1_30' title="bbox 405 1755 1707 1815; baseline -0.006 -12"><span class='ocrx_word' id='word_1_195' title='bbox 405 1764 503 1803; x_wconf 80' lang='lat' dir='ltr'>dum</span> <span class='ocrx_word' id='word_1_196' title='bbox 536 1762 656 1802; x_wconf 88' lang='lat' dir='ltr'>etiam</span> <span class='ocrx_word' id='word_1_197' title='bbox 689 1769 994 1815; x_wconf 84' lang='lat' dir='ltr'>expugnatum:</span> <span class='ocrx_word' id='word_1_198' title='bbox 1025 1767 1140 1812; x_wconf 87' lang='lat' dir='ltr'>capta</span> <span class='ocrx_word' id='word_1_199' title='bbox 1171 1757 1343 1813; x_wconf 77' lang='lat' dir='ltr'>amplius</span> <span class='ocrx_word' id='word_1_200' title='bbox 1374 1758 1456 1797; x_wconf 85' lang='lat' dir='ltr'>duo</span> <span class='ocrx_word' id='word_1_201' title='bbox 1489 1755 1612 1795; x_wconf 89' lang='lat' dir='ltr'>millia</span> <span class='ocrx_word' id='word_1_202' title='bbox 1631 1755 1707 1795; x_wconf 88' lang='lat' dir='ltr'>ho-</span> 
     </span>
     <span class='ocr_line' id='line_1_31' title="bbox 404 1813 1706 1873; baseline -0.005 -13"><span class='ocrx_word' id='word_1_203' title='bbox 404 1822 578 1869; x_wconf 87' lang='lat' dir='ltr'>minum,</span> <span class='ocrx_word' id='word_1_204' title='bbox 611 1819 745 1858; x_wconf 86' lang='lat' dir='ltr'>minus</span> <span class='ocrx_word' id='word_1_205' title='bbox 767 1821 828 1873; x_wconf 79' lang='lat'>(1)</span> <span class='ocrx_word' id='word_1_206' title='bbox 855 1819 936 1857; x_wconf 89' lang='lat' dir='ltr'>duo</span> <span class='ocrx_word' id='word_1_207' title='bbox 972 1816 1096 1856; x_wconf 78' lang='lat' dir='ltr'>millia</span> <span class='ocrx_word' id='word_1_208' title='bbox 1131 1816 1236 1856; x_wconf 79' lang='lat' dir='ltr'>circa</span> <span class='ocrx_word' id='word_1_209' title='bbox 1275 1829 1413 1855; x_wconf 89' lang='lat' dir='ltr'>muros</span> <span class='ocrx_word' id='word_1_210' title='bbox 1448 1813 1559 1854; x_wconf 82' lang='lat' dir='ltr'>caesa.</span> <span class='ocrx_word' id='word_1_211' title='bbox 1619 1813 1706 1854; x_wconf 81' lang='lat' dir='ltr'>Pax</span> 
     </span>
     <span class='ocr_line' id='line_1_32' title="bbox 404 1870 1706 1931; baseline -0.005 -13"><span class='ocrx_word' id='word_1_212' title='bbox 404 1889 539 1918; x_wconf 85' lang='lat' dir='ltr'>tamen</span> <span class='ocrx_word' id='word_1_213' title='bbox 562 1878 704 1918; x_wconf 89' lang='lat' dir='ltr'>clarior</span> <span class='ocrx_word' id='word_1_214' title='bbox 721 1878 945 1931; x_wconf 84' lang='lat' dir='ltr'>majorque,</span> <span class='ocrx_word' id='word_1_215' title='bbox 976 1873 1100 1928; x_wconf 65' lang='lat' dir='ltr'>quam</span> <span class='ocrx_word' id='word_1_216' title='bbox 1116 1873 1267 1914; x_wconf 88' lang='lat' dir='ltr'>bellurn</span> <span class='ocrx_word' id='word_1_217' title='bbox 1289 1873 1330 1912; x_wconf 86' lang='lat' dir='ltr'>in</span> <span class='ocrx_word' id='word_1_218' title='bbox 1352 1870 1512 1912; x_wconf 59' lang='lat' dir='ltr'>Etruria</span> <span class='ocrx_word' id='word_1_219' title='bbox 1528 1885 1576 1911; x_wconf 91' lang='lat' dir='ltr'>eo</span> <span class='ocrx_word' id='word_1_220' title='bbox 1597 1885 1706 1912; x_wconf 87' lang='lat' dir='ltr'>anno</span> 
     </span>
     <span class='ocr_line' id='line_1_33' title="bbox 401 1929 1706 1989; baseline -0.005 -13"><span class='ocrx_word' id='word_1_221' title='bbox 401 1937 550 1986; x_wconf 78' lang='lat' dir='ltr'>fuerat,</span> <span class='ocrx_word' id='word_1_222' title='bbox 578 1945 691 1989; x_wconf 80' lang='lat' dir='ltr'>parta</span> <span class='ocrx_word' id='word_1_223' title='bbox 733 1935 802 1974; x_wconf 86' lang='lat' dir='ltr'>est.</span> <span class='ocrx_word' id='word_1_224' title='bbox 862 1931 965 1973; x_wconf 83' lang='lat' dir='ltr'>Tres</span> <span class='ocrx_word' id='word_1_225' title='bbox 999 1931 1241 1972; x_wconf 85' lang='lat' dir='ltr'>validissimae</span> <span class='ocrx_word' id='word_1_226' title='bbox 1263 1931 1398 1979; x_wconf 78' lang='lat' dir='ltr'>urbes,</span> <span class='ocrx_word' id='word_1_227' title='bbox 1428 1929 1600 1970; x_wconf 82' lang='lat' dir='ltr'>Etruriae</span> <span class='ocrx_word' id='word_1_228' title='bbox 1637 1943 1706 1970; x_wconf 88' lang='lat' dir='ltr'>ca-</span> 
     </span>
     <span class='ocr_line' id='line_1_34' title="bbox 402 1988 1706 2049; baseline -0.004 -16"><span class='ocrx_word' id='word_1_229' title='bbox 402 1995 499 2049; x_wconf 85' lang='lat' dir='ltr'>pita,</span> <span class='ocrx_word' id='word_1_230' title='bbox 544 1992 731 2043; x_wconf 74' lang='lat' dir='ltr'>Volsinii,</span> <span class='ocrx_word' id='word_1_231' title='bbox 775 1991 951 2041; x_wconf 73' lang='lat' dir='ltr'>Perusia,</span> <span class='ocrx_word' id='word_1_232' title='bbox 985 1990 1208 2039; x_wconf 88' lang='lat' dir='ltr'>Arretium,</span> <span class='ocrx_word' id='word_1_233' title='bbox 1250 2002 1391 2043; x_wconf 83' lang='lat' dir='ltr'>pacem</span> <span class='ocrx_word' id='word_1_234' title='bbox 1431 1988 1611 2042; x_wconf 81' lang='lat' dir='ltr'>petiere3</span> <span class='ocrx_word' id='word_1_235' title='bbox 1646 1989 1706 2037; x_wconf 75' lang='grc' dir='ltr'>δε,</span> 
     </span>
     <span class='ocr_line' id='line_1_35' title="bbox 401 2044 1707 2107; baseline -0.007 -14"><span class='ocrx_word' id='word_1_236' title='bbox 401 2056 464 2107; x_wconf 85' lang='lat'>(2)</span> <span class='ocrx_word' id='word_1_237' title='bbox 485 2051 730 2092; x_wconf 86' lang='lat' dir='ltr'>vestimentis</span> <span class='ocrx_word' id='word_1_238' title='bbox 765 2050 940 2089; x_wconf 87' lang='lat' dir='ltr'>militum</span> <span class='ocrx_word' id='word_1_239' title='bbox 976 2047 1260 2101; x_wconf 82' lang='lat' dir='ltr'>frumentoque</span> <span class='ocrx_word' id='word_1_240' title='bbox 1281 2045 1390 2100; x_wconf 66' lang='lat' dir='ltr'>patffi</span> <span class='ocrx_word' id='word_1_241' title='bbox 1411 2059 1505 2086; x_wconf 89' lang='lat' dir='ltr'>cum</span> <span class='ocrx_word' id='word_1_242' title='bbox 1526 2044 1707 2096; x_wconf 81' lang='lat' dir='ltr'>consule,</span> 
     </span>
     <span class='ocr_line' id='line_1_36' title="bbox 402 2102 1703 2158; baseline -0.004 -9"><span class='ocrx_word' id='word_1_243' title='bbox 402 2121 447 2151; x_wconf 87' lang='lat' dir='ltr'>ut</span> <span class='ocrx_word' id='word_1_244' title='bbox 468 2110 573 2149; x_wconf 89' lang='lat' dir='ltr'>mitti</span> <span class='ocrx_word' id='word_1_245' title='bbox 591 2109 769 2148; x_wconf 80' lang='lat' dir='ltr'>Romam</span> <span class='ocrx_word' id='word_1_246' title='bbox 791 2116 967 2146; x_wconf 82' lang='lat' dir='ltr'>oratores</span> <span class='ocrx_word' id='word_1_247' title='bbox 987 2107 1140 2157; x_wconf 87' lang='lat' dir='ltr'>liceret,</span> <span class='ocrx_word' id='word_1_248' title='bbox 1171 2105 1352 2145; x_wconf 85' lang='lat' dir='ltr'>inducias</span> <span class='ocrx_word' id='word_1_249' title='bbox 1374 2104 1415 2142; x_wconf 91' lang='lat' dir='ltr'>in</span> <span class='ocrx_word' id='word_1_250' title='bbox 1437 2102 1703 2158; x_wconf 80' lang='lat' dir='ltr'>quadraginta</span> 
     </span>
     <span class='ocr_line' id='line_1_37' title="bbox 401 2159 1704 2220; baseline -0.007 -11"><span class='ocrx_word' id='word_1_251' title='bbox 401 2182 529 2210; x_wconf 80' lang='lat' dir='ltr'>annos</span> <span class='ocrx_word' id='word_1_252' title='bbox 560 2167 889 2220; x_wconf 73' lang='lat' dir='ltr'>impetraverunt.</span> <span class='ocrx_word' id='word_1_253' title='bbox 921 2163 1076 2204; x_wconf 70' lang='lat' dir='ltr'>mulCta</span> <span class='ocrx_word' id='word_1_254' title='bbox 1107 2162 1279 2218; x_wconf 72' lang='lat' dir='ltr'>praesens</span> <span class='ocrx_word' id='word_1_255' title='bbox 1307 2159 1577 2216; x_wconf 63' lang='lat' dir='ltr'>quingentum</span> <span class='ocrx_word' id='word_1_256' title='bbox 1610 2160 1704 2201; x_wconf 88' lang='lat' dir='ltr'>mil-</span> 
     </span>
     <span class='ocr_line' id='line_1_38' title="bbox 1600 2218 1704 2260; baseline 0.01 -1"><span class='ocrx_word' id='word_1_257' title='bbox 1600 2218 1704 2260; x_wconf 86' lang='lat' dir='ltr'>lium</span> 
     </span>
    </p>
   </div>
   <div class='ocr_carea' id='block_1_5' title="bbox 401 2336 1703 2652">
    <p class='ocr_par' dir='ltr' id='par_1_6' title="bbox 401 2336 1703 2652">
     <span class='ocr_line' id='line_1_39' title="bbox 402 2336 1703 2383; baseline -0.005 -8"><span class='ocrx_word' id='word_1_258' title='bbox 402 2341 549 2383; x_wconf 81' lang='lat' dir='ltr'>equitum</span> <span class='ocrx_word' id='word_1_259' title='bbox 566 2341 752 2382; x_wconf 81' lang='lat' dir='ltr'>imperarat,</span> <span class='ocrx_word' id='word_1_260' title='bbox 774 2337 927 2371; x_wconf 79' lang='lat' dir='ltr'>minitans</span> <span class='ocrx_word' id='word_1_261' title='bbox 948 2337 1158 2380; x_wconf 75' lang='lat' dir='ltr'>fugientibus.</span> <span class='ocrx_word' id='word_1_262' title='bbox 1205 2337 1262 2380; x_wconf 90' lang='lat'>(6)</span> <span class='ocrx_word' id='word_1_263' title='bbox 1285 2336 1446 2379; x_wconf 74' lang='lat' dir='ltr'>liquibus</span> <span class='ocrx_word' id='word_1_264' title='bbox 1462 2337 1578 2369; x_wconf 84' lang='lat' dir='ltr'>datum</span> <span class='ocrx_word' id='word_1_265' title='bbox 1603 2346 1703 2379; x_wconf 76' lang='lat' dir='ltr'>nego·</span> 
     </span>
     <span class='ocr_line' id='line_1_40' title="bbox 403 2383 1703 2427; baseline -0.004 -9"><span class='ocrx_word' id='word_1_266' title='bbox 403 2388 484 2419; x_wconf 84' lang='lat' dir='ltr'>tium</span> <span class='ocrx_word' id='word_1_267' title='bbox 502 2394 570 2417; x_wconf 85' lang='lat' dir='ltr'>erat</span> <span class='ocrx_word' id='word_1_268' title='bbox 584 2395 620 2417; x_wconf 87' lang='lat' dir='ltr'>ut</span> <span class='ocrx_word' id='word_1_269' title='bbox 634 2386 788 2416; x_wconf 77' lang='lat' dir='ltr'>caesorum</span> <span class='ocrx_word' id='word_1_270' title='bbox 805 2395 944 2425; x_wconf 88' lang='lat' dir='ltr'>corpora</span> <span class='ocrx_word' id='word_1_271' title='bbox 960 2392 1183 2415; x_wconf 83' lang='lat' dir='ltr'>numerarent.</span> <span class='ocrx_word' id='word_1_272' title='bbox 1231 2386 1277 2415; x_wconf 85' lang='lat' dir='ltr'>Ita</span> <span class='ocrx_word' id='word_1_273' title='bbox 1294 2394 1368 2415; x_wconf 85' lang='lat' dir='ltr'>mox</span> <span class='ocrx_word' id='word_1_274' title='bbox 1379 2385 1493 2414; x_wconf 80' lang='lat' dir='ltr'>relatus.</span> <span class='ocrx_word' id='word_1_275' title='bbox 1538 2383 1595 2424; x_wconf 91' lang='lat'>(7)</span> <span class='ocrx_word' id='word_1_276' title='bbox 1612 2383 1703 2427; x_wconf 79' lang='lat' dir='ltr'>Qa-</span> 
     </span>
     <span class='ocr_line' id='line_1_41' title="bbox 401 2426 1701 2471; baseline -0.004 -8"><span class='ocrx_word' id='word_1_277' title='bbox 401 2439 478 2464; x_wconf 77' lang='lat' dir='ltr'>tuor</span> <span class='ocrx_word' id='word_1_278' title='bbox 494 2432 619 2463; x_wconf 85' lang='lat' dir='ltr'>diversa</span> <span class='ocrx_word' id='word_1_279' title='bbox 636 2430 758 2471; x_wconf 85' lang='lat' dir='ltr'>oppida</span> <span class='ocrx_word' id='word_1_280' title='bbox 785 2431 830 2460; x_wconf 88' lang='lat' dir='ltr'>ita</span> <span class='ocrx_word' id='word_1_281' title='bbox 853 2429 940 2460; x_wconf 50' lang='lat' dir='ltr'>dieta</span> <span class='ocrx_word' id='word_1_282' title='bbox 957 2437 1115 2460; x_wconf 86' lang='lat' dir='ltr'>memorat</span> <span class='ocrx_word' id='word_1_283' title='bbox 1141 2429 1326 2460; x_wconf 78' lang='lat' dir='ltr'>Cluverius.</span> <span class='ocrx_word' id='word_1_284' title='bbox 1373 2429 1408 2459; x_wconf 93' lang='lat' dir='ltr'>Id</span> <span class='ocrx_word' id='word_1_285' title='bbox 1423 2429 1464 2459; x_wconf 90' lang='lat' dir='ltr'>de</span> <span class='ocrx_word' id='word_1_286' title='bbox 1480 2437 1547 2468; x_wconf 89' lang='lat' dir='ltr'>quo</span> <span class='ocrx_word' id='word_1_287' title='bbox 1563 2426 1617 2459; x_wconf 77' lang='lat' dir='ltr'>hic</span> <span class='ocrx_word' id='word_1_288' title='bbox 1633 2426 1701 2470; x_wconf 82' lang='lat' dir='ltr'>agi·</span> 
     </span>
     <span class='ocr_line' id='line_1_42' title="bbox 403 2471 1701 2514; baseline -0.003 -6"><span class='ocrx_word' id='word_1_289' title='bbox 403 2485 458 2509; x_wconf 82' lang='lat' dir='ltr'>tur</span> <span class='ocrx_word' id='word_1_290' title='bbox 483 2477 516 2507; x_wconf 88' lang='lat' dir='ltr'>in</span> <span class='ocrx_word' id='word_1_291' title='bbox 546 2476 669 2506; x_wconf 76' lang='lat' dir='ltr'>Volscis</span> <span class='ocrx_word' id='word_1_292' title='bbox 696 2475 768 2506; x_wconf 83' lang='lat' dir='ltr'>fuit.</span> <span class='ocrx_word' id='word_1_293' title='bbox 816 2476 866 2505; x_wconf 86' lang='lat' dir='ltr'>De</span> <span class='ocrx_word' id='word_1_294' title='bbox 892 2472 1018 2505; x_wconf 67' lang='lat' dir='ltr'>colonia</span> <span class='ocrx_word' id='word_1_295' title='bbox 1046 2476 1086 2504; x_wconf 77' lang='lat' dir='ltr'>eo</span> <span class='ocrx_word' id='word_1_296' title='bbox 1113 2473 1253 2505; x_wconf 64' lang='lat' dir='ltr'>deducta</span> <span class='ocrx_word' id='word_1_297' title='bbox 1278 2473 1343 2504; x_wconf 83' lang='lat' dir='ltr'>vid.</span> <span class='ocrx_word' id='word_1_298' title='bbox 1362 2473 1459 2514; x_wconf 71' lang='lat' dir='ltr'>supra</span> <span class='ocrx_word' id='word_1_299' title='bbox 1484 2473 1508 2504; x_wconf 86' lang='lat' dir='ltr'>l.</span> <span class='ocrx_word' id='word_1_300' title='bbox 1533 2482 1561 2514; x_wconf 89' lang='lat'>9.</span> <span class='ocrx_word' id='word_1_301' title='bbox 1589 2483 1619 2504; x_wconf 92' lang='lat' dir='ltr'>c.</span> <span class='ocrx_word' id='word_1_302' title='bbox 1647 2471 1701 2504; x_wconf 77' lang='lat'>28·</span> 
     </span>
     <span class='ocr_line' id='line_1_43' title="bbox 401 2517 1701 2563; baseline -0.005 -10"><span class='ocrx_word' id='word_1_303' title='bbox 401 2522 460 2563; x_wconf 86' lang='lat'>(8)</span> <span class='ocrx_word' id='word_1_304' title='bbox 483 2523 608 2562; x_wconf 81' lang='lat' dir='ltr'>Nempe</span> <span class='ocrx_word' id='word_1_305' title='bbox 632 2520 690 2551; x_wconf 90' lang='lat' dir='ltr'>sub</span> <span class='ocrx_word' id='word_1_306' title='bbox 704 2521 815 2562; x_wconf 81' lang='lat' dir='ltr'>jugum</span> <span class='ocrx_word' id='word_1_307' title='bbox 832 2519 912 2550; x_wconf 84' lang='lat' dir='ltr'>miffi</span> <span class='ocrx_word' id='word_1_308' title='bbox 929 2519 1154 2558; x_wconf 77' lang='lat' dir='ltr'>liberabantur</span> <span class='ocrx_word' id='word_1_309' title='bbox 1171 2520 1201 2549; x_wconf 84' lang='lat'>&amp;</span> <span class='ocrx_word' id='word_1_310' title='bbox 1219 2518 1309 2550; x_wconf 84' lang='lat' dir='ltr'>abire</span> <span class='ocrx_word' id='word_1_311' title='bbox 1326 2517 1524 2550; x_wconf 85' lang='lat' dir='ltr'>finebantur.</span> <span class='ocrx_word' id='word_1_312' title='bbox 1571 2518 1701 2558; x_wconf 20' lang='lat' dir='ltr'>ldrergo</span> 
     </span>
     <span class='ocr_line' id='line_1_44' title="bbox 403 2562 1699 2606; baseline -0.004 -8"><span class='ocrx_word' id='word_1_313' title='bbox 403 2566 615 2606; x_wconf 76' lang='lat' dir='ltr'>indignantur</span> <span class='ocrx_word' id='word_1_314' title='bbox 632 2567 754 2602; x_wconf 78' lang='lat' dir='ltr'>Patres,</span> <span class='ocrx_word' id='word_1_315' title='bbox 777 2572 826 2595; x_wconf 88' lang='lat' dir='ltr'>tot</span> <span class='ocrx_word' id='word_1_316' title='bbox 843 2564 994 2605; x_wconf 61' lang='lat' dir='ltr'>captivos</span> <span class='ocrx_word' id='word_1_317' title='bbox 1016 2563 1062 2595; x_wconf 82' lang='lat' dir='ltr'>ita</span> <span class='ocrx_word' id='word_1_318' title='bbox 1089 2563 1233 2595; x_wconf 77' lang='lat' dir='ltr'>remissos</span> <span class='ocrx_word' id='word_1_319' title='bbox 1255 2563 1327 2602; x_wconf 78' lang='lat' dir='ltr'>effe,</span> <span class='ocrx_word' id='word_1_320' title='bbox 1349 2571 1386 2595; x_wconf 92' lang='lat' dir='ltr'>ut</span> <span class='ocrx_word' id='word_1_321' title='bbox 1413 2562 1496 2594; x_wconf 85' lang='lat' dir='ltr'>nihil</span> <span class='ocrx_word' id='word_1_322' title='bbox 1511 2562 1588 2594; x_wconf 86' lang='lat' dir='ltr'>inde</span> <span class='ocrx_word' id='word_1_323' title='bbox 1611 2571 1699 2593; x_wconf 89' lang='lat' dir='ltr'>com-</span> 
     </span>
     <span class='ocr_line' id='line_1_45' title="bbox 402 2608 1038 2652; baseline -0.005 -9"><span class='ocrx_word' id='word_1_324' title='bbox 402 2611 492 2643; x_wconf 86' lang='lat' dir='ltr'>modi</span> <span class='ocrx_word' id='word_1_325' title='bbox 509 2610 688 2652; x_wconf 80' lang='lat' dir='ltr'>respublica</span> <span class='ocrx_word' id='word_1_326' title='bbox 705 2612 852 2641; x_wconf 83' lang='lat' dir='ltr'>Romana</span> <span class='ocrx_word' id='word_1_327' title='bbox 864 2608 1038 2650; x_wconf 77' lang='lat' dir='ltr'>recepisset.</span> 
     </span>
    </p>
   </div>
   <div class='ocr_carea' id='block_1_6' title="bbox 447 2667 1698 2756">
    <p class='ocr_par' dir='ltr' id='par_1_7' title="bbox 447 2667 1698 2756">
     <span class='ocr_line' id='line_1_46' title="bbox 447 2667 1698 2756; baseline -0.008 -49"><span class='ocrx_word' id='word_1_328' title='bbox 447 2675 489 2707; x_wconf 55' lang='lat' dir='ltr'>Co</span> <span class='ocrx_word' id='word_1_329' title='bbox 513 2681 565 2715; x_wconf 68' lang='lat'>37,</span> <span class='ocrx_word' id='word_1_330' title='bbox 586 2673 643 2716; x_wconf 90' lang='lat'>(1)</span> <span class='ocrx_word' id='word_1_331' title='bbox 664 2672 744 2705; x_wconf 80' lang='lat' dir='ltr'>vid.</span> <span class='ocrx_word' id='word_1_332' title='bbox 771 2675 791 2713; x_wconf 89' lang='lat'><em>†</em></span> <span class='ocrx_word' id='word_1_333' title='bbox 817 2682 909 2715; x_wconf 75' lang='lat' dir='ltr'>qnam.</span> <span class='ocrx_word' id='word_1_334' title='bbox 953 2670 1010 2715; x_wconf 86' lang='lat'>(2)</span> <span class='ocrx_word' id='word_1_335' title='bbox 1033 2669 1113 2704; x_wconf 81' lang='lat' dir='ltr'>Vid.</span> <span class='ocrx_word' id='word_1_336' title='bbox 1141 2669 1239 2715; x_wconf 64' lang='lat' dir='ltr'>supra</span> <span class='ocrx_word' id='word_1_337' title='bbox 1263 2678 1332 2704; x_wconf 64' lang='lat' dir='ltr'>not,</span> <span class='ocrx_word' id='word_1_338' title='bbox 1357 2679 1389 2711; x_wconf 90' lang='lat'>5.</span> <span class='ocrx_word' id='word_1_339' title='bbox 1411 2670 1454 2703; x_wconf 80' lang='lat' dir='ltr'>ad</span> <span class='ocrx_word' id='word_1_340' title='bbox 1479 2680 1507 2703; x_wconf 88' lang='lat' dir='ltr'>c.</span> <span class='ocrx_word' id='word_1_341' title='bbox 1535 2678 1591 2756; x_wconf 59' lang='lat'>43(</span> <span class='ocrx_word' id='word_1_342' title='bbox 1610 2667 1698 2754; x_wconf 44' lang='lat' dir='ltr'><strong>)LS‘⁹³</strong></span> 
     </span>
     <span class='ocr_line' id='line_1_47' title="bbox 1586 2721 1696 2753; baseline -0.009 -7"><span class='ocrx_word' id='word_1_343' title='bbox 1586 2722 1603 2753; x_wconf 83' lang='lat'>3</span> <span class='ocrx_word' id='word_1_344' title='bbox 1667 2721 1696 2745; x_wconf 74' lang='lat' dir='ltr'>ie</span> 
     </span>
    </p>
   </div>
  </div>
 </body>
</html>
