1853 3158
216 304 297 355 ’με

904 301 956 345 Τ.
1014 299 1276 346 LIVII'

436 417 582 458 adversi
607 420 641 472 (1
654 421 666 473 )
679 418 867 467 veniffet3
899 433 1004 471 quae,
1023 418 1298 474 conjuratione
1317 418 1561 461 Samnitium
1582 422 1732 474 erecta,

432 477 625 529 quoniam
647 476 765 517 ambo
787 475 968 517 consules
989 478 1196 531 omnisque
1219 478 1407 518 Romana
1439 479 1498 519 vis
1534 480 1667 520 aversa
1687 481 1731 521 in'

429 533 643 574 Samnium
677 534 783 583 effet,
815 534 1122 588 occupationem
1156 537 1295 590 populi
1318 536 1498 576 Romani
1519 552 1592 591 pro
1613 552 1731 579 occa-

429 592 536 632 fione
576 592 792 632 rebellandi
831 591 1036 633 habuiffet.·
1063 640 1065 643 Α
1095 593 1337 649 Legationes
1372 594 1586 645 sociorum,
1618 610 1640 636 a
1662 596 1729 637 M.

428 651 558 690 Atilio
580 660 749 704 praetore
785 651 826 691 in
846 650 1025 691 senatum
1057 651 1317 704 introductae,
1347 652 1632 706 querebantur,
1664 654 1729 694 uri

427 710 471 748 ἃ
503 708 643 748 vastari
677 723 792 764 agros
820 723 842 749 a
871 708 1052 750 finitimis
1091 709 1283 758 Etruscis,
1314 709 1426 763 quod
1458 710 1673 752 desciscere
1703 725 1729 752 a.

424 767 576 819 populo
611 766 800 807 Romano
830 767 1009 807 nollent:
1040 766 1420 821 obtestabanturque
1453 769 1593 810 Patres
1626 783 1726 810 con-

423 822 605 878 scriptos,
638 835 681 865 ut
703 825 740 864 se
761 839 782 864 a
801 825 840 864 vi
861 835 979 878 atque
1001 825 1147 880 injuria
1162 825 1444 865 communium
1459 826 1637 867 hostium
1659 837 1725 867 tu-

422 890 615 922 tarentur.
677 882 931 948 Responsum
966 883 1123 937 legatis,
1163 898 1259 923 curae
1279 884 1433 937 senatui
1443 884 1646 940 futurum,
1679 900 1724 924 ne

407 940 627 995 ficiosfidei
640 942 719 995 suae
732 942 951 994 poeniteret.-
984 941 1228 996 Etruscorum
1241 941 1448 994 propediem
1469 942 1616 982 eandem
1629 943 1723 998 fhr-

417 1005 565 1049 tunam,
597 1002 707 1052 'quam
741 998 978 1047 Samnitium,
995 999 1097 1055 fhre.
1156 996 1331 1054 Segnius
1352 1009 1506 1052 tamen,
1538 1002 1648 1054 quod
1669 1001 1722 1041 ad

415 1054 621 1095 Etruriam
658 1055 864 1104 attinebat,
896 1056 986 1096 affra
1017 1070 1080 1097 res
1115 1057 1223 1106 effet,
1254 1057 1296 1097 ni
1331 1057 1504 1099 Faliscos
1541 1072 1723 1112 quoque,

416 1113 487 1165 qui
508 1127 578 1166 per
599 1115 748 1153 multos
781 1127 906 1153 annos
932 1113 973 1152 in
1009 1111 1170 1155 amicita
1202 1114 1379 1166 fuerant,
1411 1117 1577 1156 allatum
1599 1115 1720 1165 foret,

413 1180 525 1209 arma
557 1170 732 1210 Etruscis
747 1169 933 1226 junxisse.
992 1171 1131 1226 Hujus
1155 1173 1433 1227 propinquitas
1449 1174 1589 1228 populi
1611 1174 1720 1214 acuit

411 1241 556 1268 curam
578 1228 779 1279 Patribus,
811 1237 855 1268 ut
890 1227 1051 1268 feciales
1084 1229 1302 1270 mittendos
1323 1232 1373 1271 ad
1398 1246 1461 1272 res
1482 1232 1720 1286 repetendas

412 1285 634 1326 censerent.
662 1286 808 1340 quibus
837 1300 919 1326 non
954 1286 1135 1336 redditis,
1179 1301 1228 1326 ex
1269 1287 1509 1328 aufioritate
1548 1291 1716 1329 Patrum

409 1344 516 1399 jussu
537 1345 676 1399 populi
706 1344 857 1384 bellum
893 1344 1054 1385 Faliscis
1085 1344 1288 1385 industum
1318 1345 1399 1386 est:
1426 1345 1596 1401 J‘uflique
1618 1362 1718 1388 con-

413 1402 516 1442 sules
538 1402 683 1451 sortiri,
716 1413 805 1442 uter
840 1416 889 1441 ex
921 1402 1088 1442 Samnio
1117 1403 1160 1441 in
1195 1403 1399 1443 Etruriam
1421 1418 1515 1444 cum
1537 1405 1717 1445 exercitu

410 1461 606 1501 transiret.
661 1461 755 1514 Jam
789 1459 988 1501 Carvilius
1011 1461 1228 1511 Volanam‚
1261 1464 1300 1502 8<
1334 1461 1639 1512 Palumbinum,
1672 1465 1716 1505 δε

409 1517 716 1559 Herculaneum
750 1532 799 1559 ex
841 1517 1091 1559 Samnitibus
1133 1529 1318 1574 ceperat:
1362 1520 1564 1560 Volanam
1608 1521 1715 1561 intra

407 1590 557 1630 paucos
579 1578 678 1628 dies,
709 1575 998 1617 Palumbinum
1018 1578 1176 1628 eodem,
1208 1592 1289 1630 quo
1311 1578 1360 1618 ad
1381 1591 1520 1618 muros
1542 1578 1712 1623 acceflit.

407 1635 476 1674 Ad
494 1636 799 1676 Herculaneum
820 1634 881 1675 bis
901 1635 1022 1675 etiam
1045 1635 1163 1689 {ignis
1183 1635 1336 1676 collatis
1358 1635 1524 1690 ancipiti
1552 1636 1714 1690 proeli0‚

408 1694 450 1732 &
487 1708 581 1734 cum
617 1694 768 1749 majore
797 1691 879 1742 sua,
925 1692 1048 1746 quam
1080 1693 1273 1742 hostium,
1299 1693 1459 1749 jafi‘mra
1493 1694 1712 1734 dimicavit.

407 1749 556 1791 Castris
589 1752 732 1791 deinde
754 1751 903 1804 positis,
936 1750 1141 1791 moenibus
1169 1750 1325 1791 hostem
1352 1752 1522 1791 inclufit.
1554 1766 1714 1806 oppug-

407 1818 545 1848 natum
569 1810 763 1863 oppidum
786 1819 1044 1863 captumque.
1104 1806 1152 1848 In
1173 1808 1236 1849 his
1257 1808 1385 1849 tribus
1407 1809 1572 1850 urbibus
1595 1820 1710 1863 capta

406 1876 475 1905 aut
495 1867 592 1908 caesa
615 1869 664 1907 ad
685 1869 825 1907 decem
857 1868 982 1906 millia
1002 1867 1242 1907 hominum.
1271 1867 1325 1906 ita
1348 1876 1392 1907 ut
1415 1869 1477 1931 (2.)
1498 1881 1620 1921 parvo
1642 1868 1712 1907 ad-

404 1926 572 1965 modum
594 1927 727 1979 plures
749 1935 999 1978 caperentur.
1061 1924 1331 1965 Sortientibus
1352 1924 1577 1978 provincias
1612 1939 1710 1965 con-

404 1981 569 2031 sulibus,
602 1984 760 2023 Etruria
795 1982 971 2024 Carvilio
990 1983 1125 2023 evenit
1151 1980 1374 2022 secundum
1402 1992 1494 2022 vota
1515 1983 1708 2032 militum,

402 2040 474 2093 qui
503 2041 586 2081 vim
620 2041 782 2096 frigoris
812 2042 897 2095 J'am
925 2041 967 2080 in
1002 2040 1169 2081 Samnio
1199 2053 1282 2078 non
1300 2039 1570 2093 patiebantur.
1634 2042 1711 2082 Pa-

402 2100 506 2151 pirio
527 2101 576 2139 ad
598 2100 806 2153 Saepinum
828 2099 957 2153 major
972 2099 1030 2139 vis
1051 2098 1227 2137 hostium
1248 2097 1402 2137 restitit.
1422 2097 1523 2151 saepe
1541 2098 1582 2137 in
1605 2099 1706 2148 acie,

402 2156 504 2209 saepe
539 2158 579 2196 in
601 2160 663 2210 (3)
685 2157 860 2210 agmine,
892 2157 993 2209 saepe
1030 2155 1135 2195 circa
1174 2155 1299 2208 ipsam
1336 2155 1476 2194 urbem
1511 2154 1703 2197 adversus

383 2215 634 2268 eruptiones
653 2215 828 2255 hostium
850 2223 1101 2269 pugnatum:
1132 2226 1263 2266 neque
1285 2212 1454 2266 obfidio‚
1487 2217 1547 2268 (4)
1570 2228 1704 2267 neque

1552 2271 1704 2312 bellum

448 2390 485 2420 C.
502 2399 552 2428 45.
576 2389 631 2430 (1)
655 2387 728 2419 Vid.
755 2387 853 2430 supra
878 2396 944 2420 not.
969 2398 995 2419 1.
1018 2387 1059 2419 ad
1076 2399 1101 2419 c.
1121 2397 1170 2419 12.
1193 2387 1213 2419 1.
1225 2397 1254 2430 9.
1300 2388 1348 2420 Sic
1375 2387 1472 2420 etiam
1498 2387 1585 2419 infra
1608 2388 1628 2419 1.
1652 2398 1703 2427 24.

402 2444 429 2465 c.
458 2444 510 2472 40.
524 2436 556 2477 Ji
580 2436 685 2475 quaudo
703 2435 811 2476 smilis
830 2436 955 2474 firtuna
982 2435 1103 2476 veng‘ffet.
1147 2433 1204 2474 (2)
1227 2436 1328 2464 Parvo
1349 2436 1458 2475 plures,
1493 2440 1529 2464 ut
1560 2437 1704 2475 aliquanta

398 2481 504 2521 plures.
549 2479 699 2509 Similiter
721 2487 816 2520 parvo
836 2480 895 2521 1⁶⁰st
911 2478 989 2509 dixit
1008 2478 1118 2509 Plin.l.
1133 2479 1181 2508 16.
1205 2489 1231 2509 c.
1247 2486 1404 2520 25.parvo
1419 2479 1518 2522 ἅψαιτ’
1540 2479 1559 2508 l.
1570 2489 1599 2517 5.
1613 2490 1638 2510 c.
1652 2489 1701 2509 11.

405 2525 460 2564 (3)
477 2525 552 2555 Non
569 2523 735 2565 explicatis
749 2523 928 2559 ordinibus,
941 2522 1153 2563 distinctaque
1163 2522 1240 2554 acie.
1286 2524 1347 2554 Sed
1361 2523 1472 2554 melius
1486 2523 1602 2554 abesset
1619 2534 1702 2565 pra:-

404 2569 528 2610 politio.
541 2569 627 2600 infra
638 2569 658 2599 l.
677 2578 730 2600 21.
748 2579 772 2599 c.
784 2577 836 2606 57.
853 2573 940 2610 magis
953 2571 1077 2610 agmina,
1092 2568 1172 2609 quaim
1187 2570 1269 2605 acics,
1283 2571 1311 2598 in
1329 2568 1380 2598 vic?
1395 2576 1595 2599 concurrerunt.
1611 2568 1631 2599 l.
1649 2577 1701 2608 29.

404 2624 429 2644 c.
445 2615 499 2652 36.
527 2616 678 2655 agminibus
703 2617 803 2655 magis,
824 2613 905 2654 qucim
935 2617 1004 2651 acie,
1030 2621 1183 2655 pugnatum
1215 2614 1257 2655 {st-
1281 2614 1368 2652 l.33.
1384 2624 1409 2643 c.
1423 2622 1452 2653 9.
1477 2614 1623 2651 Phalanx,
1644 2625 1702 2653 quae

402 2666 529 2696 venerat,
549 2672 646 2700 agmen
671 2662 770 2700 magis,
791 2659 871 2699 qrAEm
887 2662 969 2693 acies,
992 2661 1135 2700 aptiorque
1151 2660 1256 2693 itineri,
1280 2659 1360 2699 qucim
1385 2666 1493 2700 pugnae.
1539 2659 1594 2698 (4)
1618 2660 1703 2688 Gro-

403 2703 520 2735 novius
536 2714 574 2734 ex
590 2713 656 2734 uno
679 2703 788 2734 codice
809 2702 954 2734 laudavit
967 2715 1047 2744 neque
1074 2703 1235 2745 olgsidio,fi>d
1247 2705 1345 2732 bellum
1361 2716 1394 2733 ex
1410 2715 1481 2743 aequo
1501 2711 1563 2733 erat
1574 2717 1583 2735 .·
1611 2702 1701 2742 quod

407 2748 438 2779 δι
455 2748 524 2781 aliis
548 2748 624 2781 viris
647 2748 752 2782 doctis
777 2747 857 2780 mire
876 2748 990 2791 placet:
1038 2747 1128 2780 Mihi
1144 2747 1312 2790 vulgatum
1329 2747 1462 2779 omnino
1479 2747 1590 2779 sanum
1609 2746 1701 2776 vide-

1635 2799 1702 2823 tur.
