1853 3158
336 268 622 313 LIBER
683 267 737 308 V.
800 267 988 308 CAP.
1048 264 1251 306 XXVIII.

1588 268 1609 306 ku

1619 266 1671 307 x:

150 386 296 440 pitium
312 387 478 440 legatos,
509 396 602 423 cum
624 381 805 436 praefidio
827 381 948 421 etiam
965 380 1128 420 navium
1150 377 1335 432 Delphos
1357 390 1448 430 pro-⁷

151 442 324 492 secutus,
356 444 532 482 Romam
555 441 647 479 inde
669 439 831 492 sospites
852 438 1036 477 restituit.
1098 436 1332 489 Hospitium
1353 446 1448 474 cum

151 513 200 538 eo
223 498 558 539 senatusconsulto
575 496 631 535 est
653 495 828 546 factum,
861 497 921 548 (6)
954 496 1140 547 donaque
1163 491 1322 546 publice
1345 492 1448 530 data.
1470 505 1579 535 Bellum
1593 514 1651 532 cum

151 556 308 596 Eodem
338 569 443 595 anno
476 555 517 592 in
541 554 688 606 AEquis
720 552 827 592 varie
864 551 1086 590 bellatum:
1117 549 1218 589 adeo
1240 559 1284 588 ut
1316 551 1377 602 (7)
1410 547 1451 585 in
1470 550 1589 591 AEquie.

153 613 308 653 incerto
328 612 449 651 fuerit
473 614 513 651 &
536 612 642 664 apud
665 609 768 662 ipsos
790 608 989 647 exercitus
1007 610 1044 647 &
1070 607 1234 657 Romae,
1258 610 1316 659 (8)
1340 603 1446 644 vicis-

153 669 255 720 sent,
286 669 435 709 νὶἃίῐιε
463 668 597 707 essent.
659 667 927 719 Imperatores
964 664 1143 703 Romani
1180 664 1292 702 fuere
1314 676 1362 701 ex
1384 661 1456 700 tri-

155 726 275 767 bunis
297 727 473 765 militum
502 725 551 765 C.
585 724 795 774 AEmilius‚
826 723 895 775 Sp.
927 721 1173 760 Postumius.
1205 717 1346 759 Primo
1369 731 1456 757 rem

155 783 428 824 communiter
449 783 672 837 gesserunt:
704 780 798 820 fufis
821 780 913 818 inde
948 778 1033 818 acie
1063 777 1262 826 hostibus,
1295 775 1458 815 AEmili-

156 855 227 880 um
259 840 440 894 praefidio
481 839 755 892 Verruginem
796 837 977 876 obtinere
1006 835 1170 888 placuit,
1203 833 1458 874 Postumium

158 897 260 938 fines
281 897 445 937 vastare.
506 896 566 936 Ibi
600 910 712 946 eum,
744 893 1007 946 incomposito
1040 892 1199 946 agmine
1221 888 1462 945 negligenti-

160 953 209 995 us
231 954 279 994 ab
301 969 343 994 re
362 954 464 994 bene
486 952 595 1007 gesta
615 961 799 1001 euntem,
831 950 960 990 adorti
991 949 1133 1001 AEqui‚
1166 959 1317 987 terrore
1336 947 1461 1000 injec-

158 1021 217 1061 to,
240 1013 280 1050 in
302 1011 508 1064 proximos
529 1010 762 1062 compulere
785 1008 965 1047 tumulos
985 1023 994 1046 ε
1016 1019 1220 1060 pavorque
1243 1006 1335 1044 inde
1356 1004 1463 1042 Ver-

157 1069 346 1123 ruginem
374 1068 496 1108 etiam
525 1068 574 1106 ad
607 1070 667 1120 (9)
699 1065 926 1119 praesidium
966 1065 1137 1103 alterum
1174 1062 1231 1102 est
1271 1062 1460 1115 perlatus,

158 1124 407 1174 Postumius,
440 1124 519 1164 suis
541 1124 583 1163 in
605 1133 740 1163 tutum
762 1122 952 1175 receptis,
975 1135 1103 1174 quum
1125 1120 1319 1160 concione
1342 1119 1465 1157 advo-

160 1183 249 1232 cata
270 1192 464 1223 terrorem
485 1182 710 1235 increparet
731 1194 777 1220 ac
799 1179 964 1234 fugam3
983 1179 1091 1234 fufhs
1111 1178 1172 1232 effe
1200 1178 1244 1216 ab
1276 1174 1465 1230 igna-vgffi,

162 1256 218 1280 mo
256 1249 292 1279 et
317 1238 552 1296 fitgacg'fflmo
572 1239 661 1294 hqste
674 1260 687 1283 ‚-
727 1238 954 1278 conclamat
996 1234 1202 1274 universus
1244 1232 1464 1279 exercitus,

162 1295 310 1337 merito
347 1297 385 1337 se
427 1311 472 1336 ea
513 1297 667 1344 audire,
702 1298 742 1336 δε
765 1294 882 1334 fateri
911 1293 1119 1332 admissum
1143 1291 1368 1345 flagitium:
1400 1290 1465 1328 sed

164 1355 326 1394 eosdem
358 1357 450 1408 (10)
481 1353 737 1393 correffluros
769 1352 862 1400 effe,
893 1364 1024 1403 neque
1047 1350 1285 1388 diuturnum
1309 1348 1347 1386 id
1369 1361 1467 1401 gau-

165 1412 279 1451 dium
299 1411 482 1450 hostibus
505 1410 605 1450 fore.
665 1408 896 1455 PoscenteS,
919 1417 963 1446 ut
980 1406 1191 1447 confestim
1209 1406 1301 1444 inde
1320 1406 1368 1444 ad
1386 1403 1468 1443 casa

166 1478 227 1507 tra
246 1467 424 1508 hostium
445 1469 625 1514 duceret,
658 1467 716 1520 (in
739 1464 958 1518 conspe8m
990 1474 1102 1504 erant
1124 1463 1247 1517 posita
1269 1463 1309 1500 in
1330 1463 1469 1515 plano)

166 1525 268 1564 nihil
290 1539 424 1579 poenae
454 1523 704 1571 recusabant,
736 1522 778 1561 ni
799 1537 845 1568 ea
868 1531 958 1560 ante
981 1521 1145 1561 no&em
1168 1520 1467 1573 expugnass‘enn

167 1582 429 1622 Collaudatos
446 1595 616 1634 corpora
637 1593 796 1630 curare,
819 1579 1055 1632 paratosque
1077 1578 1151 1617 ess'e
1175 1577 1316 1630 quarta
1336 1576 1471 1630 vigilia

164 1639 295 1694 jubet.
331 1642 372 1680 &
399 1638 549 1688 hostes,
583 1641 619 1691 (1
635 1640 672 1691 1)
704 1636 949 1676 no&urnam
970 1636 1110 1689 fugam
1134 1650 1181 1673 ex
1204 1634 1362 1673 tumulo
1384 1634 1472 1673 Ro-

169 1710 384 1735 manorum
417 1704 461 1734 ut
483 1695 532 1735 ab
554 1695 600 1734 ea
622 1695 699 1743 via,
731 1708 821 1747 quae
838 1692 992 1733 ferebat
1013 1693 1304 1746 Verruginem,
1336 1691 1473 1729 excla-

168 1755 325 1803 derent‚
358 1752 471 1792 fuere
506 1751 638 1791 obvii:
670 1750 944 1805 proeliumque
981 1759 1072 1789 ante
1107 1751 1239 1788 lucem
1273 1748 1355 1802 (sed
1379 1749 1472 1787 luna

169 1824 322 1864 pernox
344 1813 444 1864 erat)
477 1809 730 1849 commissum
757 1807 838 1847 est:
873 1809 911 1847 &
946 1808 1055 1846 haud
1097 1806 1289 1846 incertius
1327 1806 1473 1846 diurno

164 1868 316 1921 ’proelio
337 1867 428 1907 fuit.
453 1870 544 1921 (12)
565 1867 645 1906 Sed
662 1867 813 1906 clamor
828 1865 1104 1919 Verruginem
1130 1865 1322 1917 perlatus,
1345 1876 1472 1915 quum

172 1926 297 1965 castra
319 1926 508 1965 Romana
545 1925 754 1964 crederent
784 1923 1025 1977 oppugnari,
1059 1931 1217 1960 tantum
1246 1920 1384 1974 injecit
1407 1935 1476 1973 pa-

172 1983 291 2031 voris,
324 1992 384 2032 ut,
415 1981 688 2034 nequicquam
710 1980 908 2019 retinente
938 1990 1057 2033 atque
1079 1978 1311 2026 obsecrante
1342 1977 1475 2016 AEmi-

172 2040 243 2093 lio,
287 2039 515 2080 Tusculum
561 2038 683 2093 palati
724 2037 925 2092 fugerent.
1006 2037 1105 2076 Inde
1146 2035 1253 2075 fama
1295 2035 1472 2074 Romam

1322 2093 1474 2148 perlata

176 2211 311 2245 tentiam
326 2212 522 2244 viderelicet
536 2212 630 2253 supra
649 2212 668 2242 l.
688 2221 716 2242 1.
735 2222 760 2242 c.
779 2220 830 2243 21.
853 2210 910 2252 (6)
934 2211 1013 2254 Qae
1032 2209 1134 2241 Graeci
1162 2211 1235 2247 ’ξένια
1250 2215 1379 2239 vocant.
1424 2209 1473 2240 De

175 2268 256 2288 voce
273 2259 381 2299 public&
410 2258 475 2288 vid.
499 2257 596 2299 supra
613 2264 680 2287 not.
698 2267 726 2293 4.
746 2257 786 2286 ad
804 2267 833 2286 c.
861 2266 910 2294 13.
938 2256 957 2286 l.
982 2267 1014 2292 4.
1062 2255 1118 2294 (7)
1143 2255 1192 2284 Sic
1211 2253 1295 2283 infra
1315 2253 1332 2283 l.
1359 2253 1387 2284 8.
1403 2264 1432 2284 c.
1447 2252 1474 2283 6.

177 2305 204 2331 in
221 2304 321 2331 incerto
344 2304 467 2332 relifflum
484 2303 540 2344 sit.
587 2301 659 2331 Sall.
682 2300 715 2331 in
740 2300 837 2332 Catil.
863 2311 892 2331 c.
916 2311 968 2337 41.
1014 2301 1175 2341 Allobroges
1191 2301 1238 2328 diu
1263 2301 1291 2328 in
1308 2301 1407 2328 incerto
1424 2299 1475 2327 ha-

176 2348 268 2376 buere.
314 2345 401 2376 Huic
419 2346 589 2386 respondet
608 2347 631 2375 ἒν
648 2348 746 2388 ἀποξω
764 2347 883 2384 {lxm-ro.
899 2345 1050 2387 Thucyd.
1070 2344 1089 2373 l.
1116 2353 1142 2373 1.
1162 2354 1188 2373 c.
1214 2353 1265 2381 25.
1311 2342 1361 2372 Sic
1377 2341 1474 2373 etiam

178 2394 206 2420 in
223 2392 328 2431 olfiuro
349 2391 397 2431 ff
414 2390 509 2430 snpra
533 2390 566 2420 in
583 2392 709 2430 praefat.
735 2393 762 2419 in
785 2390 862 2420 dubio
884 2390 932 2430 ‹ff›
956 2389 976 2419 l.
995 2398 1022 2420 2.
1047 2400 1076 2419 c.
1096 2397 1125 2426 3.
1150 2387 1169 2417 l.
1188 2397 1216 2426 3.
1241 2398 1266 2417 c.
1293 2397 1346 2427 19.
1372 2390 1399 2417 in
1418 2388 1475 2426 fa-

176 2438 234 2471 cili,
256 2438 284 2464 in
308 2436 412 2475 dffcili
427 2435 474 2475 ff
502 2434 525 2464 l.
552 2444 578 2472 3.
603 2445 628 2464 c.
647 2433 664 2464 8
681 2435 711 2463 &
726 2434 777 2472 65.
800 2436 827 2463 in
850 2436 955 2474 integro
980 2434 1027 2476 ‘ff'
1043 2433 1063 2463 l.
1089 2442 1121 2470 3.
1146 2443 1171 2463 c.
1198 2441 1247 2462 10.
1270 2434 1298 2462 in
1326 2432 1405 2461 obvio
1428 2431 1478 2473 effi?

177 2478 265 2510 infra
283 2479 302 2508 1.
327 2488 378 2517 37.
402 2489 429 2508 c.
451 2487 500 2516 23.
526 2481 554 2507 in
571 2479 707 2520 aequoeffc
730 2478 753 2508 l.
780 2487 830 2518 39.
854 2488 880 2508 c.
906 2487 960 2516 37.
1007 2478 1062 2517 (8)
1086 2477 1160 2507 Vid.
1176 2484 1248 2507 not.
1272 2475 1300 2506 6.
1324 2476 1363 2506 ad
1382 2487 1407 2506 c.
1424 2484 1478 2513 55.

177 2525 197 2555 l.
222 2534 251 2560 4.
296 2524 352 2563 (9)
376 2523 395 2552 i.
426 2533 451 2552 e.
486 2523 526 2552 ad
555 2523 692 2552 alterum
715 2522 892 2552 exercitum
927 2521 984 2561 qui
1015 2521 1061 2552 ibi
1092 2521 1126 2552 in
1154 2521 1303 2562 praefidio
1330 2528 1412 2550 erat.
1438 2521 1476 2552 E.

177 2568 257 2610 (10)
281 2567 417 2608 Proprie
441 2569 578 2607 corrigere
593 2566 635 2596 est
663 2565 695 2595 in
721 2567 847 2596 rec'tum
873 2565 1050 2597 restituere.
1095 2567 1173 2607 (11)
1198 2567 1243 2595 Ut
1261 2567 1436 2599 Romanos,
1455 2563 1473 2595 fi

178 2623 238 2655 per
254 2613 384 2642 no&em
398 2613 507 2652 fugere
523 2621 561 2641 ex
578 2610 704 2641 tumulo
721 2610 852 2646 vellent,
874 2610 1080 2641 excluderent
1106 2612 1145 2641 ab
1169 2609 1205 2640 ea
1221 2608 1273 2639 via
1291 2620 1362 2649 quae
1380 2610 1477 2640 duce-

178 2658 234 2688 bat
247 2658 287 2687 ad
299 2656 457 2697 oppidum
471 2654 696 2696 Verruginem.
712 2656 788 2694 (12)
804 2654 999 2695 Voculaesed
1011 2654 1059 2685 vis
1070 2655 1138 2686 haec
1155 2654 1214 2685 effe
1229 2654 1358 2684 videtur
1372 2666 1379 2684 ι
1394 2663 1474 2694 proe=

178 2701 257 2742 {ium
273 2701 360 2733 haud
377 2699 476 2744 magis
492 2699 654 2732 incertum
666 2698 729 2730 slve
746 2709 863 2741 anceps
880 2698 952 2737 fuit,
967 2701 1064 2740 quam
1079 2699 1100 2730 fi
1118 2699 1181 2730 sole
1193 2698 1320 2730 lucente
1331 2696 1477 2727 commit-

1332 2749 1473 2773 teretur:
