1853 3158
120 297 175 337 28

121 433 166 464 U.
183 444 208 465 c.
226 442 299 473 371.

119 479 161 507 A.
176 480 210 510 C.
230 479 305 518 381.

117 523 188 552 Ser.
200 525 321 554 Corne-

120 566 166 596 lio
180 569 229 598 111.
249 569 308 600 ἃς.

119 611 176 641 Tr.
193 612 266 644 Mil.

121 1612 299 1650 Oratiosedi-

118 1658 183 1697 tiqsa
198 1658 321 1696 Affanlii.

791 287 843 327 ‘L'
903 286 1159 329 L1V11·

397 402 557 445 XVIII.
593 401 917 442 Recrudescente
949 401 1157 443 Manliana
1178 400 1387 453 seditione,
1415 400 1486 442 sub
1521 403 1631 444 exitu

339 461 433 501 anni
455 459 617 501 comitia
647 458 796 509 habita,
828 460 1030 514 creatique
1059 460 1210 501 tribuni
1231 459 1405 499 militum
1436 459 1635 502 consulari

340 518 532 572 potestate
548 532 597 558 ex
611 517 797 557 Patribus
818 517 904 558 Ser.
919 517 1132 558 Cornelius
1147 516 1435 572 Maluginensis
1451 515 1636 569 tertium,

337 577 384 616 P.
401 576 591 616 Valerius
611 575 769 616 Potitus
792 575 952 624 iterum,
975 576 1036 616 M.
1055 575 1198 615 Furius
1221 575 1416 615 Camillus
1438 576 1516 629 (ι),
1547 575 1635 615 Ser.

337 633 542 687 Sulpicius
564 632 702 673 Rufus
723 633 884 683 iterum,
916 633 964 674 C.
983 634 1168 687 Papirius
1200 633 1371 681 Craffus,
1402 632 1454 672 T.
1476 632 1635 690 Qinc-

338 693 417 731 tius
458 691 725 731 Cincinnatus
760 689 994 731 secundum.
1059 691 1188 746 Cujus
1224 690 1422 744 principio
1457 690 1550 729 anni
1592 692 1635 730 &

336 749 522 790 Patribus
543 751 580 790 &
599 748 704 803 plebi
718 748 1014 803 peropportune
1029 758 1193 787 externa
1210 763 1285 801 pax
1300 749 1391 788 data
1407 763 1416 787 t
1437 750 1498 802 (2)
1512 746 1637 801 plebi,

337 806 449 861 quod
470 821 550 846 non
567 816 730 847 avocata
752 807 911 846 deleem
934 806 1043 860 spem
1061 806 1181 858 cepit,
1213 806 1311 844 dum
1341 811 1365 858 †
1385 815 1468 844 tam
1493 814 1637 859 poten-

336 875 420 905 tem
440 864 605 905 haberet
637 865 800 914 ducem,
832 864 1001 904 foenoris
1034 863 1319 918 expugnandi3
1352 862 1552 911 Patribus,
1583 876 1635 902 ne

337 938 418 976 quo
440 932 606 962 externo
627 931 776 962 terrore
795 931 1056 962 avocarentur
1077 921 1200 960 animi
1222 920 1271 960 ab
1294 920 1476 960 sanandis
1497 921 1637 960 dome-

337 981 444 1022 sticis
466 981 594 1020 malis.
655 980 800 1034 Igitur,
832 994 959 1033 quum
981 993 1070 1033 pars
1094 989 1262 1032 utraque
1285 978 1414 1017 acrior
1430 978 1636 1031 aliquanto

336 1048 474 1078 coorta
490 1039 599 1087 esset,
632 1037 673 1076 in
694 1037 967 1090 propinquum
988 1045 1190 1077 certamen
1216 1037 1351 1075 aderat
1368 1038 1427 1090 (3)
1453 1039 1493 1077 δε
1512 1036 1638 1075 Man-

336 1096 430 1145 lius,
460 1093 650 1134 advocata
671 1095 840 1133 domum
872 1094 1002 1147 plebe,
1034 1109 1128 1134 cum
1155 1093 1403 1148 principibus
1433 1093 1638 1132 novanda-

336 1168 429 1193 rum
450 1166 585 1192 rerum
607 1151 781 1190 interdiu
803 1151 1010 1204 noetuque
1033 1152 1192 1191 consilia
1220 1152 1358 1206 agitat,
1390 1150 1545 1204 plenior
1567 1151 1638 1189 ali-

338 1220 489 1264 quanto
511 1209 738 1249 animorum
766 1209 1012 1261 irarumque,
1044 1208 1168 1261 quam
1188 1219 1303 1248 antea
1324 1208 1468 1248 fuerat.
1529 1208 1638 1249 Iram

337 1269 574 1308 accenderat
591 1267 811 1322 ignominia
832 1279 972 1306 recens
993 1266 1033 1304 in
1049 1266 1184 1304 animo
1206 1269 1267 1319 (4)
1287 1267 1335 1304 ad
1349 1266 1638 1305 contumeliam

337 1327 569 1380 inexperto:
599 1325 758 1378 spiritus
779 1323 912 1373 dabat,
944 1324 1056 1378 quod
1077 1337 1150 1363 nec
1167 1323 1283 1363 ausus
1300 1323 1393 1362 effet
1412 1324 1517 1362 idern
1535 1323 1575 1362 in
1599 1324 1637 1362 se

338 1384 527 1433 dietator,
550 1383 659 1437 quod
677 1383 717 1422 in
738 1382 807 1436 Sp.
827 1382 970 1422 Maelio
992 1381 1260 1421 Cincinnatus
1279 1379 1502 1437 QinAEtius
1523 1379 1639 1421 fecis-

339 1442 421 1491 [εἷς
457 1445 494 1482 &
530 1442 784 1482 vinculorum
807 1440 970 1480 suorum
992 1439 1184 1479 invidiam
1206 1452 1288 1478 non
1319 1437 1494 1477 dietator
1515 1438 1638 1478 modo

338 1500 560 1541 abdicando
602 1498 845 1538 &istaturam
886 1497 1063 1552 fugisset,
1095 1497 1161 1537 sed
1196 1511 1246 1536 ne
1282 1496 1439 1535 senatus
1473 1496 1640 1549 quidem

339 1558 529 1598 sustinere
571 1557 769 1612 potuisset.
830 1556 909 1596 His
946 1556 1060 1595 simul
1096 1554 1257 1594 inflatus
1302 1552 1641 1606 exacerbatusque
1665 1596 1667 1598 ,

336 1617 421 1672 jam
463 1630 533 1669 per
564 1616 602 1655 se
624 1613 811 1655 accensos
844 1613 1036 1654 incitabat
1075 1612 1202 1667 plebis
1223 1612 1406 1652 animos:
1440 1611 1642 1666 „Quousque

340 1675 487 1714 tandem
509 1672 723 1727 ignorabitis
745 1674 847 1711 vires
863 1672 1019 1729 vestras,
1049 1686 1142 1724 quas
1168 1679 1307 1713 natura
1330 1685 1373 1708 ne
1402 1670 1536 1709 belluas
1556 1671 1640 1722 qui-

341 1733 420 1772 dem
442 1733 613 1785 ignorare
644 1731 792 1770 voluit?
826 1737 1015 1769 numerate
1036 1729 1187 1783 saltem,
1219 1737 1303 1782 quot
1338 1726 1402 1781 ipſs
1417 1727 1523 1781 fitis,
1555 1735 1639 1780 quot

341 1790 572 1846 adveufizrios
591 1788 765 1837 habeatis,
830 1788 869 1835 Si
872 1787 1019 1842 finguli
1023 1785 1190 1842 singulos
1204 1785 1408 1841 aggrcjffuri
1423 1785 1548 1842 fftis,
1580 1793 1640 1824 ta-

1558 1858 1640 1882 711613

387 1969 423 1998 C.
448 1966 501 1998 18.
525 1966 580 2007 (ι)
604 1965 712 2007 Vulgo
728 1965 884 1995 edebatur
904 1964 1034 1993 Camillus
1051 1961 1181 2004 quintam.
1227 1961 1287 1992 Sed
1313 1959 1436 1991 nullam
1458 1959 1565 1990 iterati
1582 1959 1640 1990 tri-

341 2011 484 2043 bunatus
506 2019 616 2042 notam
633 2011 753 2041 habent
771 2009 894 2049 aliquot
912 2008 1036 2039 codices
1054 2006 1183 2048 scripti3
1209 2007 1239 2036 8<
1256 2005 1411 2045 hicstxtus
1430 2004 1492 2035 fuit
1511 2004 1639 2036 Camilli

341 2057 536 2088 tribunatus.
562 2057 618 2096 (2)
634 2055 1020 2096 Plebiperopportunafizit,
1036 2053 1125 2092 qubd
1138 2053 1195 2082 ἃς.
1218 2051 1272 2091 (3)
1286 2049 1436 2081 {Vlanlius
1447 2060 1577 2090 quoque
1589 2061 1641 2080 ac-

341 2102 489 2144 cingebat
502 2102 530 2132 se
542 2102 582 2131 ad
593 2108 755 2131 certamen
768 2100 855 2140 quod
867 2098 1011 2129 instabat.
1034 2099 1081 2128 Ita
1094 2096 1194 2128 edidit
1208 2094 1505 2126 Drakenborchius.
1530 2098 1642 2126 Antea

341 2157 436 2178 Voces
453 2148 490 2178 {5'
508 2148 642 2176 ,Zlffanlius
660 2156 733 2176 cum
750 2143 955 2184 sequentibus
970 2142 1199 2184 jungebantur,
1225 2140 1284 2177 fic3
1308 2144 1335 2170 in
1348 2143 1534 2182 propinquum
1549 2147 1641 2170 certa-

342 2205 398 2223 men
421 2194 526 2222 aderat.
550 2191 596 2230 (h.
623 2202 648 2221 e.
668 2190 732 2230 jam
753 2189 940 2219 imminebat
969 2188 1148 2228 certamen)
1177 2188 1214 2217 ἐἶ’
1238 2188 1385 2220 Jlffanlius,
1409 2184 1553 2221 advocata‘,
1575 2185 1640 2217 ἃς.

343 2238 404 2268 Sed
420 2235 577 2277 quaeritur
594 2246 635 2266 an
658 2233 766 2265 Latini
795 2234 856 2264 hoc
879 2233 968 2264 sensu
985 2232 1124 2263 dixerint
1141 2232 1225 2273 adff
1242 2234 1270 2261 in
1282 2233 1480 2272 propinquum.
1527 2230 1641 2261 Excufi

343 2290 418 2313 ante
444 2281 567 2311 Aldum
599 2280 718 2310 habent
747 2282 775 2309 in
798 2281 962 2320 propinquo,
985 2285 1017 2308 at
1046 2276 1282 2318 refragantibus
1311 2274 1475 2309 codicibus
1502 2274 1640 2315 scriptis.

344 2326 492 2366 Denique
522 2324 707 2356 Gronovius
725 2323 902 2365 suspicatur
924 2323 1030 2354 locum
1057 2322 1096 2352 fic
1121 2321 1292 2363 legendum
1316 2319 1394 2357 effe3
1417 2327 1507 2350 coorta
1534 2320 1595 2361 effet
1611 2321 1641 2351 ire

336 2375 525 2414 propitrquum
537 2378 682 2406 certamen,
706 2372 855 2405 immam,
875 2367 1012 2397 ‹ld-vocata}
1029 2368 1088 2397 δὶς.
1136 2366 1229 2408 [Haec
1257 2364 1418 2396 Gronovii
1443 2364 1646 2406 conjetstura,

345 2425 512 2456 utcunque
529 2414 696 2446 Crevierio
713 2414 865 2449 arriserit,
887 2412 967 2443 mihi
985 2411 1078 2443 nimis
1101 2412 1205 2442 audax
1228 2410 1365 2441 videtur.
1412 2411 1526 2450 Neque
1542 2409 1642 2451 magis

345 2463 449 2504 placet
467 2459 689 2501 interpundtio
705 2457 1026 2489 Drakenborchiana.
1071 2456 1242 2496 Postquam
1266 2454 1352 2486 enim
1378 2454 1502 2485 dixerat
1527 2453 1641 2484 Livius

344 2516 489 2547 utramque
505 2513 617 2547 partem
642 2508 776 2535 acriorem
799 2511 916 2533 coortam
936 2504 994 2545 effe,
1014 2504 1082 2533 fere
1098 2502 1373 2542 supervacaneum
1389 2499 1501 2541 censeo
1525 2499 1642 2529 addere

346 2554 510 2587 Affanlinnz,
530 2549 660 2581 alterius
689 2548 789 2590 partis
814 2549 940 2585 ducem,
961 2548 1044 2589 uclcffi
1065 2551 1092 2577 in
1112 2549 1293 2588 propinquum
1318 2553 1459 2575 cerlamcn.
1504 2543 1642 2578 Mallem,

346 2597 399 2626 vel
415 2596 518 2637 legere
535 2606 609 2626 cum
625 2593 717 2625 editis
734 2593 874 2634 antiquis
890 2595 918 2622 in
937 2595 1111 2634 propinqum
1139 2591 1191 2622 vel
1208 2589 1365 2621 locutioni
1386 2590 1470 2632 adff
1487 2590 1643 2630 inpropinq

345 2655 424 2682 quum
450 2641 525 2671 inde
541 2640 637 2670 fidem
654 2639 792 2675 firmare,
814 2639 902 2678 quod
925 2638 1061 2668 verbum
1081 2637 1164 2678 adeſj‘e
1185 2636 1266 2676 saepe
1284 2646 1344 2676 pro
1359 2637 1489 2670 accedere,
1509 2634 1643 2662 advenire

347 2687 532 2726 usurpatur,
554 2684 827 2725 quemadmodum
845 2682 905 2713 viri
923 2682 1011 2713 docti
1026 2683 1150 2713 dudum
1165 2686 1372 2711 monuerunt.
1418 2682 1584 2713 Attamen,
1605 2676 1641 2710 in

347 2742 382 2763 re
404 2729 537 2769 incerta,
559 2730 667 2761 locum
691 2728 850 2762 intactum
868 2727 1050 2770 relinquere
1076 2726 1172 2759 satius
1198 2725 1283 2757 duxi.
1306 2723 1355 2767 E]
1400 2724 1454 2766 (4)
1478 2722 1526 2753 Sic
1544 2721 1642 2772 supra

1600 2779 1640 2798 ‘521
