1905 3168
191 849 345 892 Stfffragt‘a.

865 279 916 321 T.
976 278 1231 322 LIVII

410 389 601 436 immunis
634 390 786 431 militia.
847 392 907 432 Ita
939 392 1109 446 pedestri
1138 392 1315 434 exercitu
1346 399 1488 434 ornato
1509 389 1695 434 distribu-

409 459 546 502 toque,
577 449 759 502 equitum
780 463 829 488 ex
850 449 1090 502 primoribus
1123 450 1292 492 civitatis
1312 451 1523 492 duodecim
1546 451 1694 505 scripfit

409 507 621 549 centurias.
682 507 761 547 Sex
784 507 880 546 item
901 507 995 548 alias
1019 508 1234 558 centurias,
1265 511 1303 563 (1
1319 511 1358 563 1)
1389 508 1515 549 tribus
1537 507 1584 549 ab
1607 509 1694 548 Ro-

409 565 520 603 mulo
542 564 747 616 institutis,
763 563 833 605 sub
855 567 892 618 (1
905 567 945 619 2)
966 565 1120 617 iisdem,
1141 565 1285 619 quibus
1302 567 1548 621 inauguratae
1564 575 1695 616 erant,

407 622 639 662 nominibus
670 621 778 662 fecit.
841 623 908 662 Ad
942 637 1068 675 equos
1101 624 1292 664 emendos
1324 625 1426 664 dena
1447 626 1538 678 (13)
1570 623 1695 662 millia

407 679 497 723 aeris
532 693 581 719 ex
618 679 781 733 publico
814 680 929 720 data:
972 680 1028 731 δι,
1060 680 1204 733 quibus
1241 684 1333 735 (14)
1364 695 1491 734 equos
1526 682 1696 730 alerent,

405 736 537 778 viduae
558 737 772 787 attributae,
803 751 892 791 quae
919 737 1011 777 bina
1040 738 1162 777 millia
1184 738 1273 778 aeris
1304 739 1345 778 in
1375 752 1500 778 annos
1522 738 1696 792 singulos

407 795 641 848 penderent.
702 795 803 835 Haec
825 795 960 834 onmia
991 796 1032 834 in
1068 796 1168 834 dites
1190 811 1212 834 a
1233 795 1475 849 pauperibus
1505 796 1695 835 inclinata

406 865 542 892 onera.
601 852 761 892 Deinde
782 852 838 892 est
859 852 988 892 honos
1009 852 1182 901 additus,
1213 867 1295 892 non
1315 853 1424 892 enim
1456 855 1518 906 (ut
1538 851 1586 892 ab
1608 853 1696 892 Ro-

408 911 519 949 mulo
540 911 730 950 traditum
752 910 872 950 ceteri
890 909 1136 949 servaverant
1157 913 1288 964 reges)
1300 909 1448 949 viritim
1463 908 1695 963 suffragium

407 968 546 1011 eadem
567 968 605 1007 vi
625 969 848 1021 eodemque
865 967 955 1022 jure
988 965 1210 1021 promiscue
1244 967 1431 1007 omnibus
1452 967 1591 1006 datum
1612 965 1667 1006 est
1686 980 1699 1006 ε

409 1024 475 1065 sed
496 1026 641 1079 gradus
662 1024 784 1089 factiz
811 1033 855 1064 ut
891 1038 1021 1089 neque
1056 1025 1238 1065 exclusus
1261 1024 1471 1078 quisquam
1507 1023 1697 1078 suffragio

408 1083 626 1133 videretur,
672 1085 712 1123 δε
748 1082 807 1122 vis
840 1083 970 1122 omnis
1003 1097 1124 1136 penes
1156 1083 1351 1137 primores
1384 1082 1553 1123 civitatis
1589 1082 1697 1121 effet.

410 1140 576 1193 Equites
597 1140 704 1179 enim
736 1139 980 1180 vocabantur
1012 1140 1157 1194 primi·
1149 1169 1161 1189 ,
1192 1140 1399 1195 o&ogi11ta
1431 1139 1523 1179 inde
1556 1139 1699 1193 primae

411 1197 533 1237 claflis
555 1197 769 1238 centuriae:
801 1197 854 1237 ibi
876 1198 900 1236 fi
923 1200 1014 1251 (15)
1034 1198 1216 1247 variaret,
1239 1198 1347 1250 quod
1368 1211 1458 1237 raro
1481 1195 1699 1245 incidebat,

412 1264 456 1295 ut
477 1255 659 1295 secundae
679 1255 803 1296 claffis
822 1265 1084 1296 vocarentur:
1115 1269 1188 1296 nec
1209 1255 1293 1295 fere
1314 1268 1495 1309 unquam
1517 1252 1623 1293 infra
1643 1254 1698 1292 ita

1536 1311 1700 1353 descen-

410 1427 583 1462 codicibus.
607 1430 641 1460 E.
685 1429 761 1470 (11)
780 1427 966 1460 Gronovius
978 1427 1106 1470 conjicit
1122 1424 1292 1470 legendum
1304 1427 1374 1465 effe,
1385 1442 1398 1459 e
1409 1429 1494 1459 trIbm
1511 1429 1568 1459 &c.
1603 1425 1701 1458 Certe

410 1473 663 1515 intelligendum.
710 1476 831 1504 Praeter
844 1473 1015 1504 duodecim
1027 1473 1204 1514 superiores
1215 1473 1376 1504 centurias
1388 1473 1544 1513 equitum,
1556 1473 1607 1502 sex
1619 1471 1698 1502 item

411 1518 488 1549 alias
519 1518 646 1549 Servius
678 1518 752 1549 fecit
781 1530 797 1550 e
821 1518 924 1549 tribus
950 1518 990 1549 ab
1024 1517 1165 1548 Romulo
1192 1517 1350 1548 institutis.
1395 1517 1474 1558 (12)
1495 1517 1698 1548 Dicebantur

411 1565 551 1593 Ramnes
567 1562 662 1604 primi
681 1565 713 1593 ἃ
728 1563 868 1600 secundi,
887 1562 1043 1593 Titienses
1060 1562 1156 1603 primi
1181 1562 1212 1593 δε
1229 1561 1369 1599 secundi,
1390 1564 1529 1593 Luceres
1545 1561 1643 1604 primi
1664 1562 1698 1592 δε

412 1607 550 1638 secundi.
597 1609 629 1649 (1
637 1609 672 1647 3)
685 1608 714 1638 h.
726 1619 752 1639 e.
774 1608 862 1638 mille
879 1607 1054 1638 denarifim.
1099 1607 1240 1638 Tantam
1261 1607 1417 1637 summam
1427 1608 1461 1649 s
1460 1609 1549 1649 ngulzs
1565 1608 1699 1648 equitibus

411 1653 520 1684 datam
543 1652 608 1693 (uti
635 1664 744 1683 omnes
771 1652 963 1693 interpretes
979 1651 1112 1690 volunt)
1136 1652 1177 1682 ad
1197 1662 1297 1692 equos
1317 1653 1468 1683 emendos
1484 1651 1562 1682 mihi
1579 1662 1698 1693 parum.

412 1696 565 1727 credibile
589 1697 639 1728 est.
684 1699 742 1728 AEs
776 1698 888 1739 (antea
915 1697 1010 1735 rude)
1034 1695 1157 1737 primus
1184 1696 1318 1738 signavit
1349 1696 1477 1727 Servius
1501 1696 1641 1733 Tullius,
1663 1696 1697 1726 δε

411 1742 490 1772 nota
507 1741 638 1782 quidem
655 1744 806 1784 pecudum,
829 1742 915 1772 unde
941 1742 972 1771 &
993 1744 1107 1783 pecunia
1133 1741 1303 1782 appellata.
1347 1743 1471 1772 Vereor
1496 1740 1602 1772 dicere
1619 1740 1700 1781 quid.

412 1785 491 1817 mihi
518 1786 553 1817 in
569 1794 708 1817 mentem
725 1786 833 1823 venit;
856 1787 994 1827 pecudes
1021 1785 1101 1823 istas,
1124 1796 1263 1826 quarum
1285 1785 1362 1816 nota
1384 1785 1542 1836 signatum
1569 1785 1630 1817 fuit
1647 1797 1700 1823 aes,

414 1838 492 1866 tunc
508 1831 662 1872 temporis
678 1831 748 1862 assis
763 1831 887 1862 libralis
902 1830 1079 1867 constitisse,
1101 1830 1132 1860 δε
1150 1831 1232 1861 dena
1251 1830 1352 1861 millia
1367 1830 1558 1874 aerisfingulis
1570 1834 1699 1861 centuriis

415 1876 491 1906 data
506 1876 547 1906 ad
557 1886 655 1915 equos
672 1877 830 1907 emendos.
877 1876 984 1913 Certe,
1004 1874 1037 1906 ni
1054 1873 1128 1906 satis
1137 1883 1340 1916 compertum
1352 1877 1437 1906 foret
1459 1876 1617 1916 quantulo
1642 1875 1700 1907 ali-

417 1928 497 1960 quot
513 1920 631 1951 abhinc
655 1920 746 1952 annis
773 1931 823 1951 res
851 1931 961 1951 omnes
988 1921 1075 1961 apud
1100 1919 1254 1951 nostrates
1280 1919 1452 1958 venierint,
1474 1920 1529 1951 vix
1544 1919 1701 1952 credibile

416 1964 603 1996 videretur:
627 1967 658 1996 δε
675 1964 763 2006 quod
788 1966 871 1996 dena
895 1964 996 1996 millia
1022 1964 1090 1996 aeris
1111 1967 1218 1995 divitiae
1232 1966 1412 2003 habebantur,
1444 1965 1542 2005 idque
1558 1965 1613 1996 diu
1630 1965 1701 2007 post

417 2009 519 2040 Servii
535 2017 671 2046 aetatem,
695 2009 808 2041 Livius
825 2010 890 2051 ipse
907 2008 1052 2040 affirmat.
1076 2008 1151 2040 Vid.
1165 2009 1251 2040 infra
1264 2010 1284 2040 l.
1301 2021 1330 2047 4.
1347 2020 1374 2041 c.
1391 2019 1443 2048 45.
1477 2012 1582 2041 Porro
1594 2010 1702 2041 obser-

417 2055 559 2085 vandum
575 2055 617 2093 est
629 2056 717 2095 quod
733 2055 818 2085 bello
841 2054 963 2094 Punico
980 2054 1085 2095 primo
1098 2053 1174 2085 affes
1190 2054 1373 2086 sextantarii
1396 2054 1429 2095 [i.
1443 2065 1469 2085 e.
1484 2055 1624 2086 duarum
1640 2065 1701 2085 un-

417 2098 554 2140 ciarum]
578 2099 656 2130 fac‘ti
672 2100 744 2130 sunt
759 2111 766 2136 ;
789 2099 875 2130 bello
893 2099 1017 2130 Punico
1033 2100 1171 2130 secundo
1195 2099 1336 2131 unciales
1361 2099 1510 2140 (denario
1529 2106 1599 2131 tum
1615 2100 1702 2131 sede-

415 2141 610 2175 cimaffibus
635 2145 858 2185 permutato);
881 2143 1040 2185 postremo
1064 2143 1277 2175 semunciales.
1303 2144 1457 2176 ,Calculo
1483 2143 1582 2185 igitur
1605 2144 1699 2179 inito,

417 2196 506 2229 patet
523 2189 606 2219 dena
622 2189 723 2220 millia
738 2188 807 2219 aeti's
823 2189 939 2231 gravis,
950 2189 1004 2219 seu
1015 2188 1127 2220 allium
1143 2188 1316 2226 libranum,
1332 2196 1478 2230 tempore
1490 2188 1568 2220 belli
1585 2188 1700 2220 Punici

416 2232 546 2272 secundi
562 2233 751 2274 aequivalere
763 2233 906 2274 quinque
925 2234 956 2263 &
966 2232 1166 2274 septuaginta
1175 2233 1316 2264 millibus
1332 2233 1520 2271 denarifim3
1546 2235 1578 2264 &
1593 2234 1702 2275 postea

416 2278 548 2318 quidem
565 2287 694 2309 centum
716 2280 747 2308 δε
769 2277 1003 2319 quinquaginta
1014 2276 1165 2308 millibus.
1210 2279 1331 2309 Utrum
1340 2278 1416 2309 hinc
1429 2277 1552 2318 aliquid
1564 2278 1638 2310 fidei
1655 2281 1702 2310 af-

418 2324 521 2354 fertur
538 2323 699 2354 sententia:
717 2334 814 2364 quam
830 2323 863 2353 in
885 2323 1026 2353 medium
1050 2324 1196 2363 proferre
1213 2323 1306 2354 ausus
1319 2324 1398 2361 sum,
1419 2322 1474 2354 alii
1487 2323 1642 2364 judicent.
1665 2325 1702 2354 E.

417 2367 494 2408 (14)
520 2368 705 2399 Gronovius
722 2368 825 2399 censet
842 2368 1012 2410 legendum
1027 2366 1097 2404 effe,
1123 2368 1160 2398 δ’
1173 2366 1230 2407 qui
1245 2382 1319 2409 equos
1331 2370 1437 2399 alerent
1454 2369 1512 2398 &c.
1522 2368 1542 2398 i.
1558 2379 1583 2399 e.
1594 2375 1630 2399 ut
1646 2368 1704 2399 ha·

419 2412 535 2447 berent
557 2413 590 2443 in
619 2413 782 2454 sumptum
800 2424 865 2453 quo
890 2413 1012 2443 alerent
1029 2422 1136 2452 equos.
1183 2414 1250 2443 Nec
1272 2412 1306 2444 id
1322 2412 1504 2454 displiceret
1528 2413 1658 2454 quidem
1679 2413 1702 2444 fi

418 2457 545 2488 codices
560 2457 707 2488 sinerent.
753 2459 878 2488 Tamen
894 2457 990 2488 leffio
1006 2456 1145 2498 vulgaris
1161 2457 1289 2488 defendi
1306 2457 1425 2499 potest:
1454 2459 1493 2490 δ’
1515 2461 1603 2489 vidua:
1618 2461 1705 2489 attri-

418 2503 500 2539 bum,
520 2516 577 2543 quae
587 2505 745 2544 penderent,
766 2505 794 2532 in
799 2504 921 2545 singulos
937 2516 1031 2538 annos,
1054 2503 1118 2531 bina
1133 2504 1223 2532 millia
1247 2506 1309 2533 <eris
1325 2504 1417 2544 quibus
1433 2516 1510 2544 equos
1533 2506 1646 2534 alerent.
1669 2505 1706 2534 E.

422 2547 500 2587 (15)
522 2547 552 2577 Si
567 2547 602 2577 in
629 2547 768 2578 diversas
790 2555 896 2588 partes
912 2547 996 2577 irent
1009 2546 1114 2588 prima
1134 2546 1188 2577 illa
1201 2547 1360 2590 suffragia,
1381 2558 1450 2578 mos
1470 2547 1533 2578 fuit
1552 2550 1705 2588 utfi’cundae

419 2593 506 2633 cltffs
523 2591 674 2622 centuriae
686 2605 802 2622 vocare-1
794 2600 859 2622 rtur.
905 2591 959 2622 Sin
975 2591 1190 2622 consentirent
1202 2591 1267 2629 illa,
1289 2592 1370 2623 nihil
1382 2593 1448 2634 jam
1460 2603 1542 2633 opus
1553 2600 1620 2624 erat
1633 2592 1706 2623 reli-

422 2646 501 2676 quas
514 2636 673 2667 centurias
688 2638 729 2667 ad
745 2636 934 2686 suffragium.
946 2635 1065 2667 vocari
1111 2637 1195 2667 Nam
1211 2637 1375 2678 octoginta
1391 2637 1500 2678 primae
1516 2636 1615 2669 claffis
1632 2648 1705 2669 cen-

422 2681 524 2719 turiae,
555 2692 630 2713 cum
655 2682 835 2714 octodecim
862 2681 1019 2723 equitum,
1049 2681 1224 2714 vincebant
1250 2693 1386 2716 numero
1410 2692 1520 2715 omnes
1546 2682 1708 2724 reliquas;

1645 2727 1709 2760 five
