1853 3158
252 1301 275 1347 †

161 1451 263 1482 Motus
280 1452 306 1480 1⁸11
321 1452 364 1480 al-

157 1499 225 1527 teris
238 1497 341 1539 castris.

844 283 895 327 'L
957 282 1211 328 LIVII

382 402 481 457 {ffent
496 404 516 439 ?
531 411 596 441 aut
613 401 785 456 quia'sthi
801 403 951 453 vellent,
965 405 1029 458 qui
1043 406 1183 444 armati
1198 404 1431 444 Aventinum
1448 404 1642 462 0l⁷std²ffi⁷²t
1654 409 1676 447 ἕ

382 460 535 513 belloque
549 461 674 514 aveiso
684 461 728 499 ab
743 460 892 516 hostibus
905 464 1074 514 patriam
1083 463 1195 517 suam
1209 464 1369 519 cepiffl’nt
1383 466 1403 501 ?
1424 463 1521 503 Non
1534 463 1678 515 defuit,

382 517 482 570 quid
537 517 868 571 responderetur:
924 521 1078 570 deerat,
1134 521 1203 573 qui
1259 523 1371 561 daret
1429 521 1679 575 responsum,

383 578 475 629 (12)
489 576 702 616 nullodum
720 586 829 616 certo
846 578 963 627 duce,
980 592 1054 618 nec
1077 577 1168 618 satis
1182 578 1423 619 audentibus
1437 579 1599 634 singulis
1619 579 1682 619 in-

382 633 499 673 vidiae
517 633 553 673 se
571 634 728 674 offerre.
747 635 786 674 id
809 633 932 675 modo
959 651 979 675 a
1007 636 1268 676 multitudine
1289 638 1587 678 conclamatum
1608 637 1681 686 est,

382 700 424 730 ut
445 692 497 730 L.
524 692 715 732 Valerium
757 693 810 734 {5³
841 693 910 733 Μ.
944 694 1148 733 Horatium
1185 695 1236 734 ad
1255 695 1299 749 se
1329 697 1526 735 mitterent.
1563 695 1622 734 his
1636 696 1682 750 se

379 749 532 789 daturos
552 751 762 805 resporgficm.
824 798 832 808 ·

438 807 508 847 LI.
525 808 705 850 Dimiffis
719 810 874 864 legatis,
892 810 1082 850 admonet
1095 808 1243 849 milites
1257 808 1487 865 Virginius,
1502 812 1540 850 in
1558 826 1597 850 re
1612 826 1682 851 non

382 868 550 907 maximd
563 868 687 920 paullo
707 865 795 907 ant}
815 868 1036 921 trepidatum
1057 867 1119 923 effi’
1142 869 1221 921 (1),
1251 869 1338 921 quia
1342 867 1428 922 stne
1453 871 1568 922 capite
1586 870 1682 908 mul-

380 925 656 981 titudofizerit:
690 925 968 980 resporficmque,
999 940 1212 979 quanquam
1235 939 1303 964 non
1334 926 1531 977 inutiliter,
1548 927 1681 983 fortu-

380 983 429 1021 ito
459 991 582 1021 tamen
603 985 721 1037 magis
738 984 858 1037 consen
875 1000 913 1032 u,
944 983 1056 1037 quam
1078 984 1260 1022 communi
1286 983 1420 1039 coasilio
1451 985 1523 1040 ff.
1586 985 1683 1025 Pla-

379 1055 459 1078 cere
474 1040 589 1079 decem
606 1042 742 1091 creari,
773 1042 997 1095 quisummae
1012 1043 1067 1079 rei
1078 1042 1280 1096 praecjffent,
1312 1042 1538 1096 militarique
1553 1042 1683 1083 honore

379 1098 544 1137 tribunos
565 1099 724 1138 militum
744 1099 934 1152 appellari.
995 1098 1140 1156 Qum
1163 1099 1212 1137 ad
1234 1111 1330 1138 eum
1351 1099 1482 1153 ipsum
1504 1100 1683 1154 primum

382 1155 414 1194 is
435 1154 566 1194 honos
588 1155 828 1205 deferretur,
864 1156 1089 1195 Melioribus
1117 1157 1206 1194 meis
1227 1156 1420 1212 vestrisque
1443 1159 1549 1197 rebus
1569 1160 1682 1214 restr-

381 1220 482 1265 vate,
505 1213 650 1266 inquit,
670 1214 738 1270 ista
756 1214 799 1253 de
819 1229 874 1253 me
888 1213 1050 1268 judicia.
1114 1213 1196 1253 Nec
1219 1213 1311 1253 mihi
1326 1213 1418 1269 filia
1439 1216 1557 1255 inulta
1577 1217 1682 1257 hono-

381 1286 458 1309 rem
480 1272 598 1311 ullum
603 1272 817 1326 jucundum
838 1273 899 1328 ff’
910 1273 1062 1326 patitur
1075 1293 1089 1317 ,-
1124 1286 1187 1310 nec
1207 1273 1246 1310 in
1258 1273 1486 1324 perturbata*
1500 1275 1686 1327 republicd

380 1344 434 1368 eos
456 1330 544 1368 utile
562 1330 609 1386 cst
631 1331 773 1386 prceff‘
805 1331 919 1382 vobis,
951 1331 1016 1384 qui
1034 1330 1201 1382 proximi
1220 1329 1369 1369 invidia>
1383 1330 1478 1385 fint.
1543 1332 1583 1371 Si
1602 1334 1686 1386 quis

381 1388 465 1442 ufits
482 1389 551 1426 mei
565 1388 624 1443 fst,
645 1388 756 1427 nihilo
773 1389 891 1428 minor
902 1403 945 1427 ex
958 1388 1113 1441 privato
1132 1389 1309 1440 capietur.
1371 1388 1431 1428 Ita
1446 1390 1587 1429 decem
1607 1403 1684 1429 nu-

382 1459 495 1485 mero
517 1445 700 1486 tribunos
722 1445 915 1486 militares
938 1454 1086 1485 creant.
1149 1444 1296 1497 Neque
1324 1445 1365 1484 in
1386 1445 1544 1487 Sabinis
1573 1448 1685 1500 quie-

382 1505 439 1543 vit
472 1504 685 1544 exercitus.
721 1503 775 1543 ibi
812 1517 989 1557 quoque,
1022 1502 1190 1542 auctore
1216 1502 1331 1542 Icilio
1351 1504 1686 1558 Numitorioque,

384 1561 540 1601 secessio
563 1561 611 1602 ab
634 1562 871 1602 decemviris
888 1561 996 1601 facta
1010 1560 1082 1609 est,
1113 1574 1194 1600 non
1219 1560 1374 1601 minore
1396 1572 1511 1602 motu
1532 1563 1687 1603 animo-

382 1633 475 1659 rum
492 1619 613 1659 Siccii
628 1620 749 1660 caedis
763 1620 959 1660 memori&
972 1620 1171 1668 revocata,
1186 1617 1309 1671 quhm
1325 1633 1447 1672 quem
1461 1633 1564 1660 nova
1577 1620 1686 1661 fama

384 1679 433 1717 de
448 1677 601 1732 virgine
616 1677 717 1717 adeo
731 1675 842 1718 foede
857 1678 907 1717 ad
919 1677 1129 1717 libidinem
1144 1677 1267 1730 petita
1284 1679 1532 1718 accenderat.
1548 1679 1685 1718 Icilius

384 1736 453 1775 ubi
475 1736 644 1788 audivit,
662 1735 844 1775 tribunos
859 1735 1036 1774 militurn
1058 1735 1104 1790 in,
1124 1735 1330 1774 Aventino
1345 1746 1518 1788 creatos,
1550 1739 1612 1791 (2)
1633 1751 1683 1776 ne

386 1794 645 1834 comitiorum
667 1794 903 1833 militarium
928 1792 1234 1847 praerogativam
1266 1793 1417 1833 urbana
1438 1794 1600 1834 comitia
1622 1795 1685 1834 iis-

386 1853 478 1892 dem
501 1851 671 1892 tribunis
704 1851 831 1906 plebis
853 1851 1036 1892 creandis
1057 1851 1333 1904 sequerentur,
1362 1852 1515 1906 peritus
1548 1866 1684 1892 rerum

1423 1911 1682 1964 popularium

386 2027 404 2056 1.
421 2036 447 2064 7.
464 2037 489 2057 c.
508 2037 557 2066 31.
574 2027 593 2057 l.
605 2035 633 2068 9.
651 2038 675 2057 c.
691 2030 740 2066 36.
787 2025 836 2057 Sic
864 2025 962 2058 etiam
980 2025 1045 2058 Cic.
1062 2027 1103 2057 ad
1119 2029 1190 2057 Att.
1209 2025 1258 2057 16.
1288 2035 1337 2056 11.
1365 2027 1564 2057 Atticae...meis
1591 2029 1685 2057 verb&

374 2074 511 2112 suavium
524 2075 577 2108 des,
593 2072 625 2102 h.
642 2083 669 2102 e.
679 2083 751 2102 meo
763 2072 904 2102 nomine.
952 2072 1031 2112 (12)
1041 2073 1204 2108 Nullodum,
1219 2082 1280 2112 pro
1310 2073 1422 2102 nondum
1449 2074 1500 2102 ullo
1512 2083 1525 2109 ζ
1543 2081 1578 2102 ut
1599 2072 1683 2103 infr&

385 2117 406 2147 l.
429 2126 454 2154 7.
471 2129 495 2148 c.
509 2127 563 2156 33.
576 2117 593 2147 l.
612 2126 662 2157 29.
679 2128 704 2147 c.
720 2127 771 2147 11.
821 2116 871 2147 Sic
886 2116 984 2148 etiam
992 2130 1038 2147 nec
1050 2130 1136 2147 onmes
1153 2120 1224 2153 dum,
1240 2127 1312 2158 pro,
1334 2117 1473 2148 necdum
1492 2127 1612 2154 omnes,
1635 2117 1689 2148 in—

385 2162 436 2192 fra]
447 2174 471 2192 c.
490 2163 541 2193 (20.
559 2163 589 2192 Sc
608 2162 725 2192 similia.
1266 2166 1270 2171 '

433 2226 468 2255 C.
485 2234 535 2263 51.
553 2225 607 2265 (1)
627 2225 782 2266 Trepidam
800 2224 830 2254 Sc
848 2226 996 2267 trepiacztio
1013 2223 1137 2264 aliquid
1154 2222 1356 2265 incompositi
1374 2223 1531 2255 tumultus
1547 2232 1683 2264 notant3

389 2268 451 2300 five
475 2277 576 2305 metu,
600 2269 661 2300 {ive
679 2269 740 2300 alia
757 2268 870 2310 quivis
892 2270 932 2301 de
949 2269 1044 2300 causz'i
1066 2268 1200 2300 oriatur.
1246 2271 1285 2299 Et
1304 2269 1496 2310 plerumque
1512 2269 1583 2301 talis
1600 2270 1681 2301 indi-

386 2323 479 2346 catur
496 2315 664 2351 tumultus,
688 2314 742 2355 qui
767 2314 800 2344 in
813 2314 906 2345 initio
919 2313 1023 2355 proelii
1040 2313 1100 2345 effe
1113 2314 1203 2351 solet,
1224 2322 1397 2354 antequam
1412 2314 1529 2345 milites
1546 2326 1682 2346 concur-

386 2371 456 2391 rere
469 2361 499 2390 Sc
517 2361 557 2390 ad
583 2370 695 2390 manus
708 2360 818 2390 venire
835 2359 999 2400 coeperint.
1015 2366 1051 2389 ut
1068 2358 1165 2399 suprei
1182 2359 1203 2389 l.
1221 2368 1248 2390 2.
1275 2370 1300 2390 c.
1314 2359 1356 2396 46
1371 2360 1402 2389 δε
1419 2369 1471 2400 49.
1489 2359 1575 2390 infra
1597 2360 1616 2391 l.
1631 2369 1682 2399 23.

386 2411 411 2435 ι’.
436 2415 449 2444 7
470 2407 500 2435 Sc
518 2405 566 2435 16.
586 2405 605 2434 1.
625 2413 674 2443 27.
693 2416 717 2435 c.
738 2414 762 2434 1.
792 2405 845 2446 (2)
858 2407 1056 2447 Praerogativsa
1069 2405 1156 2434 trihus
1168 2404 1219 2434 vel
1236 2404 1381 2435 centuria
1392 2413 1471 2442 erat,
1487 2415 1558 2445 quae
1575 2405 1681 2446 prima

385 2458 497 2492 rogata
521 2450 645 2482 ferebat
661 2449 809 2491 suffragia
826 2467 832 2483 ³
851 2451 881 2480 Sc
895 2449 934 2480 de
948 2448 993 2487 eat,
1005 2448 1111 2490 ejusve
1122 2448 1289 2486 sententia,
1301 2449 1517 2491 praerogativa
1541 2449 1681 2481 substan-

384 2495 450 2525 tive
465 2495 593 2526 dicitur.
644 2496 755 2537 Qum
784 2502 890 2525 autern
907 2495 973 2536 ejus
989 2494 1218 2525 auctoritatem
1235 2494 1425 2535 plerumque
1436 2498 1506 2536 jure
1521 2502 1622 2525 vocata
1636 2496 1681 2527 se-

383 2549 574 2580 querentur,
599 2540 672 2570 hinc
687 2540 808 2570 fastum
822 2539 864 2570 est
883 2547 918 2570 ut
930 2542 1126 2581 praerogativa
1143 2547 1286 2581 ponatur
1303 2550 1364 2581 pro
1380 2539 1468 2570 bono
1479 2539 1596 2577 omine,
1612 2540 1679 2582 pig-

383 2595 463 2615 nore
477 2594 574 2626 atque
587 2584 706 2615 indicio
725 2584 769 2615 rei
783 2591 956 2615 eventurae.
1005 2584 1129 2615 Metuit
1146 2584 1244 2626 igitur
1262 2584 1367 2615 Icilius
1382 2594 1423 2615 ne
1434 2584 1524 2625 plebs
1541 2585 1678 2616 comitiis

383 2630 513 2661 tributis
531 2642 627 2661 omen
645 2629 746 2660 futuri
764 2628 948 2660 tribunatus
965 2629 1079 2671 plebis,
1102 2630 1215 2660 datum
1231 2629 1293 2660 illis
1306 2629 1362 2670 qui
1379 2628 1530 2671 suffragio
1545 2629 1677 2661 militari

381 2675 506 2706 tribuni
519 2676 657 2706 militum
677 2675 775 2706 creati
792 2682 894 2711 erant,
918 2683 1024 2706 ratum
1040 2674 1101 2705 effe
1114 2674 1253 2716 juberet,
1275 2674 1466 2714 eosdemque
1482 2674 1553 2705 illos
1575 2674 1680 2705 tribu-

382 2731 438 2751 nos
458 2721 557 2762 plebis
571 2728 701 2752 crearet.
751 2722 893 2760 Operam
909 2718 1018 2760 itaque
1031 2719 1120 2750 dedit
1144 2719 1260 2757 Icilius,
1282 2727 1317 2750 ut
1334 2719 1368 2749 in
1389 2719 1532 2750 exercitu
1555 2719 1588 2750 in
1611 2729 1681 2760 quo

381 2765 538 2799 militabat
557 2766 691 2797 totidem
712 2764 833 2796 tribuni
850 2764 991 2796 militum
1011 2772 1208 2797 crearentur.
1254 2764 1328 2796 Pari
1345 2764 1436 2796 sensu
1458 2774 1521 2796 vox
1531 2773 1680 2807 praerogaa-

1613 2813 1679 2840 tiva
