<?xml version="1.0" encoding="UTF-8"?>
<!DOCTYPE html PUBLIC "-//W3C//DTD XHTML 1.0 Transitional//EN"
    "http://www.w3.org/TR/xhtml1/DTD/xhtml1-transitional.dtd">
<html xmlns="http://www.w3.org/1999/xhtml" xml:lang="en" lang="en">
 <head>
  <title>
</title>
<meta http-equiv="Content-Type" content="text/html;charset=utf-8" />
  <meta name='ocr-system' content='tesseract 3.04.00' />
  <meta name='ocr-capabilities' content='ocr_page ocr_carea ocr_par ocr_line ocrx_word'/>
</head>
<body>
  <div class='ocr_page' id='page_1' title='image "./historiaeromanae01livyuoft_0091.png"; bbox 0 0 1832 3137; ppageno 0'>
   <div class='ocr_carea' id='block_1_1' title="bbox 380 303 1650 361">
    <p class='ocr_par' dir='ltr' id='par_1_1' title="bbox 380 303 1650 361">
     <span class='ocr_line' id='line_1_1' title="bbox 380 303 1650 361; baseline 0 -14"><span class='ocrx_word' id='word_1_1' title='bbox 380 303 661 347; x_wconf 78' lang='lat' dir='ltr'>LIBER</span> <span class='ocrx_word' id='word_1_2' title='bbox 721 305 994 347; x_wconf 81' lang='lat' dir='ltr'><strong>LCAP.</strong></span> <span class='ocrx_word' id='word_1_3' title='bbox 1056 307 1207 347; x_wconf 81' lang='lat' dir='ltr'><strong>XLIV.</strong></span> <span class='ocrx_word' id='word_1_4' title='bbox 1602 312 1650 361; x_wconf 62' lang='grc' dir='ltr'><strong>ες</strong></span> 
     </span>
    </p>
   </div>
   <div class='ocr_carea' id='block_1_2' title="bbox 154 415 1649 1449">
    <p class='ocr_par' dir='ltr' id='par_1_2' title="bbox 154 415 1649 1449">
     <span class='ocr_line' id='line_1_2' title="bbox 155 415 1438 474; baseline 0.002 -16"><span class='ocrx_word' id='word_1_5' title='bbox 155 418 451 468; x_wconf 62' lang='lat' dir='ltr'><strong>d&#39;escenderent3</strong></span> <span class='ocrx_word' id='word_1_6' title='bbox 482 427 526 456; x_wconf 92' lang='lat' dir='ltr'><strong>ut</strong></span> <span class='ocrx_word' id='word_1_7' title='bbox 553 418 602 457; x_wconf 86' lang='lat' dir='ltr'><strong>ad</strong></span> <span class='ocrx_word' id='word_1_8' title='bbox 635 417 796 457; x_wconf 84' lang='lat' dir='ltr'><strong>infimos</strong></span> <span class='ocrx_word' id='word_1_9' title='bbox 818 415 1080 470; x_wconf 77' lang='lat' dir='ltr'><strong>pervenirent.</strong></span> <span class='ocrx_word' id='word_1_10' title='bbox 1142 418 1229 458; x_wconf 88' lang='lat' dir='ltr'><strong>Nec</strong></span> <span class='ocrx_word' id='word_1_11' title='bbox 1252 416 1342 474; x_wconf 71' lang='lat'><em>(16)</em></span> <span class='ocrx_word' id='word_1_12' title='bbox 1363 421 1438 460; x_wconf 56' lang='lat' dir='ltr'><strong>mi..</strong></span> 
     </span>
     <span class='ocr_line' id='line_1_3' title="bbox 156 474 1437 530; baseline 0.001 -14"><span class='ocrx_word' id='word_1_13' title='bbox 156 474 232 516; x_wconf 79' lang='lat' dir='ltr'><strong>rari</strong></span> <span class='ocrx_word' id='word_1_14' title='bbox 253 485 425 529; x_wconf 82' lang='lat' dir='ltr'><strong>oportet,</strong></span> <span class='ocrx_word' id='word_1_15' title='bbox 456 475 564 514; x_wconf 85' lang='lat' dir='ltr'><strong>hunc</strong></span> <span class='ocrx_word' id='word_1_16' title='bbox 585 475 783 526; x_wconf 86' lang='lat' dir='ltr'>ordinem,</span> <span class='ocrx_word' id='word_1_17' title='bbox 815 476 883 528; x_wconf 92' lang='lat' dir='ltr'><strong>qui</strong></span> <span class='ocrx_word' id='word_1_18' title='bbox 914 490 1021 516; x_wconf 88' lang='lat' dir='ltr'><strong>nunc</strong></span> <span class='ocrx_word' id='word_1_19' title='bbox 1050 476 1123 527; x_wconf 87' lang='lat' dir='ltr'><strong>est,</strong></span> <span class='ocrx_word' id='word_1_20' title='bbox 1154 477 1239 529; x_wconf 92' lang='lat' dir='ltr'><strong>post</strong></span> <span class='ocrx_word' id='word_1_21' title='bbox 1261 479 1437 530; x_wconf 78' lang='lat' dir='ltr'><strong>expletas</strong></span> 
     </span>
     <span class='ocr_line' id='line_1_4' title="bbox 155 532 1436 587; baseline 0.001 -14"><span class='ocrx_word' id='word_1_22' title='bbox 155 533 331 586; x_wconf 87' lang='lat' dir='ltr'><strong>quinque</strong></span> <span class='ocrx_word' id='word_1_23' title='bbox 357 535 394 572; x_wconf 88' lang='lat'>&amp;</span> <span class='ocrx_word' id='word_1_24' title='bbox 418 532 578 587; x_wconf 85' lang='lat' dir='ltr'><strong>triginta</strong></span> <span class='ocrx_word' id='word_1_25' title='bbox 599 532 740 581; x_wconf 86' lang='lat' dir='ltr'><strong>tribus,</strong></span> <span class='ocrx_word' id='word_1_26' title='bbox 763 535 853 586; x_wconf 83' lang='lat'>(17)</span> <span class='ocrx_word' id='word_1_27' title='bbox 873 534 1076 586; x_wconf 86' lang='lat' dir='ltr'><strong>duplicato</strong></span> <span class='ocrx_word' id='word_1_28' title='bbox 1097 548 1234 573; x_wconf 87' lang='lat' dir='ltr'><strong>earum</strong></span> <span class='ocrx_word' id='word_1_29' title='bbox 1250 543 1436 585; x_wconf 83' lang='lat' dir='ltr'><strong>numero,</strong></span> 
     </span>
     <span class='ocr_line' id='line_1_5' title="bbox 155 589 1434 645; baseline 0.001 -15"><span class='ocrx_word' id='word_1_30' title='bbox 155 591 346 630; x_wconf 82' lang='lat' dir='ltr'><strong>centuriis</strong></span> <span class='ocrx_word' id='word_1_31' title='bbox 363 591 570 645; x_wconf 86' lang='lat' dir='ltr'><strong>juniorum</strong></span> <span class='ocrx_word' id='word_1_32' title='bbox 604 589 901 643; x_wconf 88' lang='lat' dir='ltr'><strong>seniorumque,</strong></span> <span class='ocrx_word' id='word_1_33' title='bbox 933 592 981 630; x_wconf 92' lang='lat' dir='ltr'><strong>ad</strong></span> <span class='ocrx_word' id='word_1_34' title='bbox 1017 591 1237 631; x_wconf 85' lang='lat' dir='ltr'><strong>institutam</strong></span> <span class='ocrx_word' id='word_1_35' title='bbox 1270 591 1318 631; x_wconf 83' lang='lat' dir='ltr'><strong>ab</strong></span> <span class='ocrx_word' id='word_1_36' title='bbox 1350 593 1434 632; x_wconf 88' lang='lat' dir='ltr'><strong>Ser.</strong></span> 
     </span>
     <span class='ocr_line' id='line_1_6' title="bbox 154 648 1438 700; baseline 0.002 -13"><span class='ocrx_word' id='word_1_37' title='bbox 154 648 291 688; x_wconf 89' lang='lat' dir='ltr'><strong>Tullio</strong></span> <span class='ocrx_word' id='word_1_38' title='bbox 313 648 508 687; x_wconf 87' lang='lat' dir='ltr'><strong>summam</strong></span> <span class='ocrx_word' id='word_1_39' title='bbox 530 661 612 687; x_wconf 92' lang='lat' dir='ltr'><strong>non</strong></span> <span class='ocrx_word' id='word_1_40' title='bbox 645 648 870 687; x_wconf 88' lang='lat' dir='ltr'><strong>convenire.</strong></span> <span class='ocrx_word' id='word_1_41' title='bbox 902 648 1186 700; x_wconf 84' lang='lat' dir='ltr'>quadrifariam</span> <span class='ocrx_word' id='word_1_42' title='bbox 1211 649 1318 688; x_wconf 90' lang='lat' dir='ltr'><strong>enim</strong></span> <span class='ocrx_word' id='word_1_43' title='bbox 1340 649 1438 689; x_wconf 90' lang='lat' dir='ltr'><strong>urbe</strong></span> 
     </span>
     <span class='ocr_line' id='line_1_7' title="bbox 154 704 1440 760; baseline 0.002 -16"><span class='ocrx_word' id='word_1_44' title='bbox 154 705 275 745; x_wconf 64' lang='lat' dir='ltr'><strong>divisa</strong></span> <span class='ocrx_word' id='word_1_45' title='bbox 307 704 535 760; x_wconf 85' lang='lat' dir='ltr'><strong>regionibus</strong></span> <span class='ocrx_word' id='word_1_46' title='bbox 568 704 828 757; x_wconf 88' lang='lat' dir='ltr'><strong>collibusque,</strong></span> <span class='ocrx_word' id='word_1_47' title='bbox 859 719 950 757; x_wconf 81' lang='lat' dir='ltr'><strong>quae</strong></span> <span class='ocrx_word' id='word_1_48' title='bbox 981 704 1260 745; x_wconf 84' lang='lat' dir='ltr'>habitabantur</span> <span class='ocrx_word' id='word_1_49' title='bbox 1292 713 1440 759; x_wconf 73' lang='lat' dir='ltr'><strong>Partes,</strong></span> 
     </span>
     <span class='ocr_line' id='line_1_8' title="bbox 154 762 1441 817; baseline 0.002 -15"><span class='ocrx_word' id='word_1_50' title='bbox 154 763 304 802; x_wconf 83' lang='lat' dir='ltr'>Tribus</span> <span class='ocrx_word' id='word_1_51' title='bbox 325 777 389 803; x_wconf 81' lang='lat' dir='ltr'><strong>eas</strong></span> <span class='ocrx_word' id='word_1_52' title='bbox 411 763 621 816; x_wconf 82' lang='lat' dir='ltr'><strong>appellavit</strong></span> <span class='ocrx_word' id='word_1_53' title='bbox 643 779 654 811; x_wconf 82' lang='lat'><em>3</em></span> <span class='ocrx_word' id='word_1_54' title='bbox 687 772 732 801; x_wconf 92' lang='lat' dir='ltr'><strong>ut</strong></span> <span class='ocrx_word' id='word_1_55' title='bbox 752 776 826 817; x_wconf 85' lang='lat' dir='ltr'><strong>ego</strong></span> <span class='ocrx_word' id='word_1_56' title='bbox 849 762 1033 813; x_wconf 89' lang='lat' dir='ltr'>arbitror,</span> <span class='ocrx_word' id='word_1_57' title='bbox 1065 763 1113 802; x_wconf 87' lang='lat' dir='ltr'><strong>ab</strong></span> <span class='ocrx_word' id='word_1_58' title='bbox 1146 765 1236 816; x_wconf 88' lang='lat'>(18)</span> <span class='ocrx_word' id='word_1_59' title='bbox 1267 763 1441 804; x_wconf 88' lang='lat' dir='ltr'><strong>tributo:</strong></span> 
     </span>
     <span class='ocr_line' id='line_1_9' title="bbox 155 819 1442 875; baseline 0.002 -17"><span class='ocrx_word' id='word_1_60' title='bbox 155 834 249 859; x_wconf 81' lang='lat' dir='ltr'><strong>nam</strong></span> <span class='ocrx_word' id='word_1_61' title='bbox 265 822 352 875; x_wconf 86' lang='lat' dir='ltr'><strong>ejus</strong></span> <span class='ocrx_word' id='word_1_62' title='bbox 366 833 526 874; x_wconf 90' lang='lat' dir='ltr'><strong>quoque</strong></span> <span class='ocrx_word' id='word_1_63' title='bbox 548 820 752 873; x_wconf 84' lang='lat' dir='ltr'><strong>aequaliter</strong></span> <span class='ocrx_word' id='word_1_64' title='bbox 773 834 820 859; x_wconf 87' lang='lat' dir='ltr'><strong>ex</strong></span> <span class='ocrx_word' id='word_1_65' title='bbox 842 820 964 860; x_wconf 90' lang='lat' dir='ltr'><strong>censu</strong></span> <span class='ocrx_word' id='word_1_66' title='bbox 985 819 1217 859; x_wconf 86' lang='lat' dir='ltr'><strong>conferendi</strong></span> <span class='ocrx_word' id='word_1_67' title='bbox 1235 820 1282 859; x_wconf 86' lang='lat' dir='ltr'><strong>ab</strong></span> <span class='ocrx_word' id='word_1_68' title='bbox 1299 822 1442 860; x_wconf 90' lang='lat' dir='ltr'><strong>eodem</strong></span> 
     </span>
     <span class='ocr_line' id='line_1_10' title="bbox 155 877 1443 930; baseline 0.001 -14"><span class='ocrx_word' id='word_1_69' title='bbox 155 878 252 917; x_wconf 84' lang='lat' dir='ltr'><strong>inita</strong></span> <span class='ocrx_word' id='word_1_70' title='bbox 273 879 373 917; x_wconf 90' lang='lat' dir='ltr'><strong>ratio</strong></span> <span class='ocrx_word' id='word_1_71' title='bbox 394 877 464 917; x_wconf 91' lang='lat' dir='ltr'><strong>est.</strong></span> <span class='ocrx_word' id='word_1_72' title='bbox 523 878 669 930; x_wconf 86' lang='lat' dir='ltr'><strong>Neque</strong></span> <span class='ocrx_word' id='word_1_73' title='bbox 701 877 765 917; x_wconf 84' lang='lat' dir='ltr'><strong>hae</strong></span> <span class='ocrx_word' id='word_1_74' title='bbox 792 877 919 917; x_wconf 84' lang='lat' dir='ltr'><strong>tribus</strong></span> <span class='ocrx_word' id='word_1_75' title='bbox 952 878 997 916; x_wconf 93' lang='lat' dir='ltr'><strong>ad</strong></span> <span class='ocrx_word' id='word_1_76' title='bbox 1022 877 1293 917; x_wconf 87' lang='lat' dir='ltr'><strong>centuriarum</strong></span> <span class='ocrx_word' id='word_1_77' title='bbox 1315 878 1443 917; x_wconf 87' lang='lat' dir='ltr'><strong>distri-</strong></span> 
     </span>
     <span class='ocr_line' id='line_1_11' title="bbox 155 934 1174 988; baseline 0 -14"><span class='ocrx_word' id='word_1_78' title='bbox 155 934 363 974; x_wconf 87' lang='lat' dir='ltr'><strong>butionem</strong></span> <span class='ocrx_word' id='word_1_79' title='bbox 380 948 675 987; x_wconf 88' lang='lat' dir='ltr'><strong>numerumque</strong></span> <span class='ocrx_word' id='word_1_80' title='bbox 697 935 913 988; x_wconf 88' lang='lat' dir='ltr'><strong>quicquam</strong></span> <span class='ocrx_word' id='word_1_81' title='bbox 935 936 1174 988; x_wconf 85' lang='lat' dir='ltr'><strong>pertinuere.</strong></span> 
     </span>
     <span class='ocr_line' id='line_1_12' title="bbox 214 992 1444 1047; baseline 0 -15"><span class='ocrx_word' id='word_1_82' title='bbox 214 992 368 1032; x_wconf 85' lang='lat' dir='ltr'>XLIV.</span> <span class='ocrx_word' id='word_1_83' title='bbox 401 993 533 1033; x_wconf 87' lang='lat' dir='ltr'><strong>Censu</strong></span> <span class='ocrx_word' id='word_1_84' title='bbox 555 992 753 1046; x_wconf 57' lang='lat' dir='ltr'><strong>perfeeto,</strong></span> <span class='ocrx_word' id='word_1_85' title='bbox 785 1007 905 1045; x_wconf 90' lang='lat' dir='ltr'><strong>quem</strong></span> <span class='ocrx_word' id='word_1_86' title='bbox 927 1002 1193 1032; x_wconf 82' lang='lat' dir='ltr'><strong>maturaverat</strong></span> <span class='ocrx_word' id='word_1_87' title='bbox 1215 1002 1325 1032; x_wconf 87' lang='lat' dir='ltr'><strong>metu</strong></span> <span class='ocrx_word' id='word_1_88' title='bbox 1346 993 1444 1047; x_wconf 81' lang='lat' dir='ltr'><strong>legis</strong></span> 
     </span>
     <span class='ocr_line' id='line_1_13' title="bbox 157 1050 1444 1104; baseline 0 -15"><span class='ocrx_word' id='word_1_89' title='bbox 157 1051 206 1089; x_wconf 90' lang='lat' dir='ltr'><strong>de</strong></span> <span class='ocrx_word' id='word_1_90' title='bbox 236 1051 297 1104; x_wconf 91' lang='lat'><strong>(1)</strong></span> <span class='ocrx_word' id='word_1_91' title='bbox 318 1050 484 1090; x_wconf 83' lang='lat' dir='ltr'><strong>incenfis</strong></span> <span class='ocrx_word' id='word_1_92' title='bbox 519 1051 610 1089; x_wconf 81' lang='lat' dir='ltr'><strong>latae</strong></span> <span class='ocrx_word' id='word_1_93' title='bbox 642 1063 735 1089; x_wconf 88' lang='lat' dir='ltr'><strong>cum</strong></span> <span class='ocrx_word' id='word_1_94' title='bbox 768 1051 1022 1090; x_wconf 88' lang='lat' dir='ltr'><strong>vinculorum</strong></span> <span class='ocrx_word' id='word_1_95' title='bbox 1058 1051 1176 1090; x_wconf 87' lang='lat' dir='ltr'><strong>minis</strong></span> <span class='ocrx_word' id='word_1_96' title='bbox 1213 1050 1444 1103; x_wconf 88' lang='lat' dir='ltr'><strong>mortisque,</strong></span> 
     </span>
     <span class='ocr_line' id='line_1_14' title="bbox 157 1107 1649 1161; baseline 0 -14"><span class='ocrx_word' id='word_1_97' title='bbox 157 1107 295 1156; x_wconf 87' lang='lat' dir='ltr'><strong>edixit,</strong></span> <span class='ocrx_word' id='word_1_98' title='bbox 327 1118 371 1147; x_wconf 93' lang='lat' dir='ltr'><strong>ut</strong></span> <span class='ocrx_word' id='word_1_99' title='bbox 404 1121 543 1148; x_wconf 81' lang='lat' dir='ltr'><strong>omnes</strong></span> <span class='ocrx_word' id='word_1_100' title='bbox 579 1107 684 1147; x_wconf 84' lang='lat' dir='ltr'><strong>cives</strong></span> <span class='ocrx_word' id='word_1_101' title='bbox 705 1108 900 1158; x_wconf 90' lang='lat' dir='ltr'><strong>Romani,</strong></span> <span class='ocrx_word' id='word_1_102' title='bbox 939 1108 1093 1161; x_wconf 82' lang='lat' dir='ltr'><strong>equites</strong></span> <span class='ocrx_word' id='word_1_103' title='bbox 1129 1107 1372 1161; x_wconf 84' lang='lat' dir='ltr'><strong>peditesque,</strong></span> <span class='ocrx_word' id='word_1_104' title='bbox 1405 1109 1444 1147; x_wconf 87' lang='lat' dir='ltr'><strong>in</strong></span> <span class='ocrx_word' id='word_1_105' title='bbox 1464 1119 1649 1157; x_wconf 43' lang='lat' dir='ltr'><strong>Serviuslusa</strong></span> 
     </span>
     <span class='ocr_line' id='line_1_15' title="bbox 159 1164 1648 1219; baseline 0.001 -15"><span class='ocrx_word' id='word_1_106' title='bbox 159 1164 236 1204; x_wconf 90' lang='lat' dir='ltr'><strong>suis</strong></span> <span class='ocrx_word' id='word_1_107' title='bbox 254 1165 419 1219; x_wconf 88' lang='lat' dir='ltr'><strong>quisque</strong></span> <span class='ocrx_word' id='word_1_108' title='bbox 445 1165 651 1214; x_wconf 82' lang='lat' dir='ltr'><strong>centuriis,</strong></span> <span class='ocrx_word' id='word_1_109' title='bbox 682 1165 723 1204; x_wconf 89' lang='lat' dir='ltr'><strong>in</strong></span> <span class='ocrx_word' id='word_1_110' title='bbox 748 1179 891 1218; x_wconf 89' lang='lat' dir='ltr'><strong>campo</strong></span> <span class='ocrx_word' id='word_1_111' title='bbox 924 1168 986 1219; x_wconf 85' lang='lat'><strong>(2)</strong></span> <span class='ocrx_word' id='word_1_112' title='bbox 1022 1165 1176 1206; x_wconf 83' lang='lat' dir='ltr'><strong>Martio</strong></span> <span class='ocrx_word' id='word_1_113' title='bbox 1198 1166 1327 1218; x_wconf 71' lang='lat' dir='ltr'><strong>prima</strong></span> <span class='ocrx_word' id='word_1_114' title='bbox 1356 1166 1445 1205; x_wconf 87' lang='lat' dir='ltr'><strong>luce</strong></span> <span class='ocrx_word' id='word_1_115' title='bbox 1463 1171 1534 1194; x_wconf 62' lang='lat' dir='ltr'><strong>trum</strong></span> <span class='ocrx_word' id='word_1_116' title='bbox 1551 1167 1648 1195; x_wconf 54' lang='grc' dir='ltr'><strong>ΜΛΝ·</strong></span> 
     </span>
     <span class='ocr_line' id='line_1_16' title="bbox 158 1222 1447 1263; baseline 0 -2"><span class='ocrx_word' id='word_1_117' title='bbox 158 1223 343 1262; x_wconf 79' lang='lat' dir='ltr'><strong>adessent.</strong></span> <span class='ocrx_word' id='word_1_118' title='bbox 404 1222 465 1262; x_wconf 91' lang='lat' dir='ltr'><strong>Ibi</strong></span> <span class='ocrx_word' id='word_1_119' title='bbox 486 1223 728 1262; x_wconf 58' lang='lat' dir='ltr'><strong>instruetum</strong></span> <span class='ocrx_word' id='word_1_120' title='bbox 760 1223 980 1262; x_wconf 85' lang='lat' dir='ltr'><strong>exercitum</strong></span> <span class='ocrx_word' id='word_1_121' title='bbox 1009 1237 1172 1262; x_wconf 90' lang='lat' dir='ltr'><strong>omnem</strong></span> <span class='ocrx_word' id='word_1_122' title='bbox 1205 1223 1447 1263; x_wconf 88' lang='lat' dir='ltr'><strong>suovetauri-</strong></span> 
     </span>
     <span class='ocr_line' id='line_1_17' title="bbox 158 1279 1446 1334; baseline 0.002 -16"><span class='ocrx_word' id='word_1_123' title='bbox 158 1279 262 1319; x_wconf 83' lang='lat' dir='ltr'><strong>libus</strong></span> <span class='ocrx_word' id='word_1_124' title='bbox 284 1283 346 1334; x_wconf 87' lang='lat'><strong>(3)</strong></span> <span class='ocrx_word' id='word_1_125' title='bbox 381 1280 572 1320; x_wconf 86' lang='lat' dir='ltr'><strong>lustravit.</strong></span> <span class='ocrx_word' id='word_1_126' title='bbox 607 1280 727 1333; x_wconf 90' lang='lat' dir='ltr'><strong>idque</strong></span> <span class='ocrx_word' id='word_1_127' title='bbox 759 1281 966 1320; x_wconf 89' lang='lat' dir='ltr'><strong>conditum</strong></span> <span class='ocrx_word' id='word_1_128' title='bbox 989 1281 1157 1320; x_wconf 87' lang='lat' dir='ltr'><strong>lustrum</strong></span> <span class='ocrx_word' id='word_1_129' title='bbox 1188 1282 1446 1334; x_wconf 82' lang='lat' dir='ltr'><strong>appellatum,</strong></span> 
     </span>
     <span class='ocr_line' id='line_1_18' title="bbox 159 1336 1611 1392; baseline -0.001 -16"><span class='ocrx_word' id='word_1_130' title='bbox 159 1337 253 1389; x_wconf 91' lang='lat' dir='ltr'><strong>quia</strong></span> <span class='ocrx_word' id='word_1_131' title='bbox 289 1338 321 1377; x_wconf 86' lang='lat' dir='ltr'><strong>is</strong></span> <span class='ocrx_word' id='word_1_132' title='bbox 353 1337 550 1378; x_wconf 88' lang='lat' dir='ltr'><strong>censendo</strong></span> <span class='ocrx_word' id='word_1_133' title='bbox 584 1337 674 1377; x_wconf 86' lang='lat' dir='ltr'><strong>finis</strong></span> <span class='ocrx_word' id='word_1_134' title='bbox 710 1336 843 1377; x_wconf 61' lang='lat' dir='ltr'><strong>faetus</strong></span> <span class='ocrx_word' id='word_1_135' title='bbox 878 1337 946 1377; x_wconf 90' lang='lat' dir='ltr'><strong>est.</strong></span> <span class='ocrx_word' id='word_1_136' title='bbox 1009 1338 1142 1377; x_wconf 80' lang='lat' dir='ltr'><strong>Millia</strong></span> <span class='ocrx_word' id='word_1_137' title='bbox 1172 1338 1378 1392; x_wconf 60' lang='lat' dir='ltr'><strong>odloginta</strong></span> <span class='ocrx_word' id='word_1_138' title='bbox 1399 1352 1447 1377; x_wconf 91' lang='lat' dir='ltr'><strong>eo</strong></span> <span class='ocrx_word' id='word_1_139' title='bbox 1470 1346 1611 1374; x_wconf 68' lang='lat' dir='ltr'><strong>Numerus</strong></span> 
     </span>
     <span class='ocr_line' id='line_1_19' title="bbox 159 1394 1578 1449; baseline 0 -16"><span class='ocrx_word' id='word_1_140' title='bbox 159 1394 283 1435; x_wconf 86' lang='lat' dir='ltr'><strong>lustro</strong></span> <span class='ocrx_word' id='word_1_141' title='bbox 319 1395 467 1436; x_wconf 91' lang='lat' dir='ltr'><strong>civium</strong></span> <span class='ocrx_word' id='word_1_142' title='bbox 500 1395 615 1435; x_wconf 88' lang='lat' dir='ltr'><strong>censa</strong></span> <span class='ocrx_word' id='word_1_143' title='bbox 657 1395 857 1435; x_wconf 87' lang='lat' dir='ltr'><strong>dicuntur.</strong></span> <span class='ocrx_word' id='word_1_144' title='bbox 920 1395 1073 1449; x_wconf 86' lang='lat' dir='ltr'><strong>Adjicit</strong></span> <span class='ocrx_word' id='word_1_145' title='bbox 1110 1395 1346 1448; x_wconf 86' lang='lat' dir='ltr'><strong>scriptorum</strong></span> <span class='ocrx_word' id='word_1_146' title='bbox 1386 1398 1578 1449; x_wconf 68' lang='lat' dir='ltr'><strong>(4)⁶¹v¹‘⁴&#39;⁷²·</strong></span> 
     </span>
    </p>
   </div>
   <div class='ocr_carea' id='block_1_3' title="bbox 1157 1452 1448 1505">
    <p class='ocr_par' dir='ltr' id='par_1_3' title="bbox 1157 1452 1448 1505">
     <span class='ocr_line' id='line_1_20' title="bbox 1157 1452 1448 1505; baseline 0.007 -14"><span class='ocrx_word' id='word_1_147' title='bbox 1157 1452 1448 1505; x_wconf 79' lang='lat' dir='ltr'><strong>antiquissimus</strong></span> 
     </span>
    </p>
   </div>
   <div class='ocr_carea' id='block_1_4' title="bbox 162 1567 1457 2551">
    <p class='ocr_par' dir='ltr' id='par_1_4' title="bbox 162 1567 1457 2551">
     <span class='ocr_line' id='line_1_21' title="bbox 163 1567 1452 1612; baseline 0 -11"><span class='ocrx_word' id='word_1_148' title='bbox 163 1567 227 1602; x_wconf 65' lang='lat' dir='ltr'><strong>five</strong></span> <span class='ocrx_word' id='word_1_149' title='bbox 255 1567 409 1602; x_wconf 86' lang='lat' dir='ltr'><strong>summam</strong></span> <span class='ocrx_word' id='word_1_150' title='bbox 434 1572 548 1603; x_wconf 84' lang='lat' dir='ltr'><strong>statuas</strong></span> <span class='ocrx_word' id='word_1_151' title='bbox 577 1582 664 1602; x_wconf 77' lang='lat' dir='ltr'><strong>cxci.</strong></span> <span class='ocrx_word' id='word_1_152' title='bbox 688 1572 750 1603; x_wconf 89' lang='lat' dir='ltr'><strong>five</strong></span> <span class='ocrx_word' id='word_1_153' title='bbox 780 1579 898 1603; x_wconf 75' lang='lat' dir='ltr'><strong>exem.</strong></span> <span class='ocrx_word' id='word_1_154' title='bbox 946 1571 1022 1612; x_wconf 91' lang='lat'>(16)</span> <span class='ocrx_word' id='word_1_155' title='bbox 1047 1571 1163 1602; x_wconf 72' lang='lat' dir='ltr'><strong>Causas</strong></span> <span class='ocrx_word' id='word_1_156' title='bbox 1184 1570 1314 1612; x_wconf 83' lang='lat' dir='ltr'><strong>affignat</strong></span> <span class='ocrx_word' id='word_1_157' title='bbox 1338 1570 1452 1602; x_wconf 79' lang='lat' dir='ltr'><strong>Livius</strong></span> 
     </span>
     <span class='ocr_line' id='line_1_22' title="bbox 163 1615 1449 1656; baseline -0.001 -10"><span class='ocrx_word' id='word_1_158' title='bbox 163 1627 221 1646; x_wconf 87' lang='lat' dir='ltr'><strong>cur</strong></span> <span class='ocrx_word' id='word_1_159' title='bbox 237 1616 367 1646; x_wconf 77' lang='lat' dir='ltr'><strong>minime</strong></span> <span class='ocrx_word' id='word_1_160' title='bbox 384 1616 502 1647; x_wconf 89' lang='lat' dir='ltr'><strong>mirum</strong></span> <span class='ocrx_word' id='word_1_161' title='bbox 519 1616 592 1647; x_wconf 84' lang='lat' dir='ltr'><strong>effet</strong></span> <span class='ocrx_word' id='word_1_162' title='bbox 610 1616 829 1647; x_wconf 87' lang='lat' dir='ltr'><strong>centuriarum</strong></span> <span class='ocrx_word' id='word_1_163' title='bbox 854 1615 1112 1656; x_wconf 80' lang='lat' dir='ltr'><strong>descriptionem,</strong></span> <span class='ocrx_word' id='word_1_164' title='bbox 1134 1627 1203 1656; x_wconf 86' lang='lat' dir='ltr'><strong>quae</strong></span> <span class='ocrx_word' id='word_1_165' title='bbox 1225 1616 1281 1646; x_wconf 89' lang='lat' dir='ltr'><strong>suo</strong></span> <span class='ocrx_word' id='word_1_166' title='bbox 1303 1623 1449 1656; x_wconf 83' lang='lat' dir='ltr'><strong>tempore</strong></span> 
     </span>
     <span class='ocr_line' id='line_1_23' title="bbox 162 1660 1450 1702; baseline 0 -12"><span class='ocrx_word' id='word_1_167' title='bbox 162 1660 340 1698; x_wconf 81' lang='lat' dir='ltr'><strong>obtinebat,</strong></span> <span class='ocrx_word' id='word_1_168' title='bbox 361 1671 427 1691; x_wconf 91' lang='lat' dir='ltr'><strong>non</strong></span> <span class='ocrx_word' id='word_1_169' title='bbox 444 1662 604 1701; x_wconf 86' lang='lat' dir='ltr'><strong>quadrare</strong></span> <span class='ocrx_word' id='word_1_170' title='bbox 621 1662 660 1691; x_wconf 87' lang='lat' dir='ltr'><strong>ad</strong></span> <span class='ocrx_word' id='word_1_171' title='bbox 674 1661 834 1691; x_wconf 85' lang='lat' dir='ltr'><strong>centurias</strong></span> <span class='ocrx_word' id='word_1_172' title='bbox 849 1660 1014 1702; x_wconf 88' lang='lat' dir='ltr'><strong>juniorum</strong></span> <span class='ocrx_word' id='word_1_173' title='bbox 1028 1660 1261 1700; x_wconf 86' lang='lat' dir='ltr'><strong>seniorumque,</strong></span> <span class='ocrx_word' id='word_1_174' title='bbox 1277 1660 1450 1690; x_wconf 80' lang='lat' dir='ltr'><strong>secundum</strong></span> 
     </span>
     <span class='ocr_line' id='line_1_24' title="bbox 162 1702 1450 1745; baseline 0 -11"><span class='ocrx_word' id='word_1_175' title='bbox 162 1703 339 1735; x_wconf 74' lang='lat' dir='ltr'><strong>institutam</strong></span> <span class='ocrx_word' id='word_1_176' title='bbox 356 1705 395 1735; x_wconf 90' lang='lat' dir='ltr'><strong>ab</strong></span> <span class='ocrx_word' id='word_1_177' title='bbox 414 1702 523 1736; x_wconf 79' lang='lat' dir='ltr'><strong>Servio</strong></span> <span class='ocrx_word' id='word_1_178' title='bbox 544 1705 656 1736; x_wconf 88' lang='lat' dir='ltr'><strong>Tullio</strong></span> <span class='ocrx_word' id='word_1_179' title='bbox 684 1706 846 1736; x_wconf 85' lang='lat' dir='ltr'><strong>summam.</strong></span> <span class='ocrx_word' id='word_1_180' title='bbox 894 1705 948 1736; x_wconf 91' lang='lat' dir='ltr'><strong>Ille</strong></span> <span class='ocrx_word' id='word_1_181' title='bbox 965 1703 1094 1745; x_wconf 82' lang='lat' dir='ltr'><strong>quidem</strong></span> <span class='ocrx_word' id='word_1_182' title='bbox 1120 1711 1260 1744; x_wconf 87' lang='lat' dir='ltr'><strong>quatuor</strong></span> <span class='ocrx_word' id='word_1_183' title='bbox 1277 1704 1379 1735; x_wconf 79' lang='lat' dir='ltr'><strong>tribus</strong></span> <span class='ocrx_word' id='word_1_184' title='bbox 1396 1715 1450 1735; x_wconf 91' lang='lat' dir='ltr'><strong>ur-</strong></span> 
     </span>
     <span class='ocr_line' id='line_1_25' title="bbox 163 1748 1451 1791; baseline 0.001 -12"><span class='ocrx_word' id='word_1_185' title='bbox 163 1749 261 1779; x_wconf 88' lang='lat' dir='ltr'><strong>banas</strong></span> <span class='ocrx_word' id='word_1_186' title='bbox 272 1749 418 1786; x_wconf 87' lang='lat' dir='ltr'><strong>instituit,</strong></span> <span class='ocrx_word' id='word_1_187' title='bbox 433 1761 450 1780; x_wconf 90' lang='lat' dir='ltr'><strong>a</strong></span> <span class='ocrx_word' id='word_1_188' title='bbox 460 1750 536 1780; x_wconf 84' lang='lat' dir='ltr'><strong>locis</strong></span> <span class='ocrx_word' id='word_1_189' title='bbox 550 1760 617 1790; x_wconf 70' lang='lat' dir='ltr'><strong>quae</strong></span> <span class='ocrx_word' id='word_1_190' title='bbox 630 1749 860 1780; x_wconf 82' lang='lat' dir='ltr'><strong>habitabantur</strong></span> <span class='ocrx_word' id='word_1_191' title='bbox 871 1749 1110 1791; x_wconf 80' lang='lat' dir='ltr'><strong>cognominatas</strong></span> <span class='ocrx_word' id='word_1_192' title='bbox 1123 1750 1177 1789; x_wconf 90' lang='lat' dir='ltr'><strong>(sc.</strong></span> <span class='ocrx_word' id='word_1_193' title='bbox 1191 1748 1378 1786; x_wconf 83' lang='lat' dir='ltr'><strong>Palatinam,</strong></span> <span class='ocrx_word' id='word_1_194' title='bbox 1394 1751 1451 1780; x_wconf 90' lang='lat' dir='ltr'><strong>Su-</strong></span> 
     </span>
     <span class='ocr_line' id='line_1_26' title="bbox 163 1793 1451 1835; baseline 0.001 -12"><span class='ocrx_word' id='word_1_195' title='bbox 163 1793 348 1829; x_wconf 77' lang='lat' dir='ltr'><strong>bur-ranam,</strong></span> <span class='ocrx_word' id='word_1_196' title='bbox 363 1794 534 1832; x_wconf 88' lang='lat' dir='ltr'><strong>Collinam,</strong></span> <span class='ocrx_word' id='word_1_197' title='bbox 544 1796 574 1824; x_wconf 71' lang='grc' dir='ltr'><strong>δι</strong></span> <span class='ocrx_word' id='word_1_198' title='bbox 587 1794 798 1835; x_wconf 87' lang='lat' dir='ltr'><strong>Esquilinam)</strong></span> <span class='ocrx_word' id='word_1_199' title='bbox 810 1807 818 1832; x_wconf 81' lang='lat'>3</span> <span class='ocrx_word' id='word_1_200' title='bbox 832 1796 863 1825; x_wconf 69' lang='lat' dir='ltr'><strong>Sc</strong></span> <span class='ocrx_word' id='word_1_201' title='bbox 876 1795 944 1824; x_wconf 75' lang='lat' dir='ltr'><strong>haec</strong></span> <span class='ocrx_word' id='word_1_202' title='bbox 956 1793 1136 1824; x_wconf 87' lang='lat' dir='ltr'><strong>distributio</strong></span> <span class='ocrx_word' id='word_1_203' title='bbox 1149 1794 1320 1824; x_wconf 66' lang='lat' dir='ltr'><strong>secundnm</strong></span> <span class='ocrx_word' id='word_1_204' title='bbox 1334 1797 1451 1835; x_wconf 64' lang='lat' dir='ltr'><strong>regiones</strong></span> 
     </span>
     <span class='ocr_line' id='line_1_27' title="bbox 164 1838 1451 1880; baseline 0.001 -12"><span class='ocrx_word' id='word_1_205' title='bbox 164 1839 249 1875; x_wconf 63' lang='lat' dir='ltr'><strong>faeta</strong></span> <span class='ocrx_word' id='word_1_206' title='bbox 266 1838 346 1869; x_wconf 83' lang='lat' dir='ltr'><strong>nihil</strong></span> <span class='ocrx_word' id='word_1_207' title='bbox 369 1839 544 1879; x_wconf 86' lang='lat' dir='ltr'><strong>quicquam</strong></span> <span class='ocrx_word' id='word_1_208' title='bbox 561 1840 601 1869; x_wconf 92' lang='lat' dir='ltr'><strong>ad</strong></span> <span class='ocrx_word' id='word_1_209' title='bbox 630 1839 789 1870; x_wconf 82' lang='lat' dir='ltr'><strong>centurias</strong></span> <span class='ocrx_word' id='word_1_210' title='bbox 807 1839 973 1880; x_wconf 84' lang='lat' dir='ltr'><strong>pertinuit.</strong></span> <span class='ocrx_word' id='word_1_211' title='bbox 1020 1838 1129 1869; x_wconf 74' lang='lat' dir='ltr'><strong>Postea</strong></span> <span class='ocrx_word' id='word_1_212' title='bbox 1146 1846 1253 1869; x_wconf 89' lang='lat' dir='ltr'><strong>autem</strong></span> <span class='ocrx_word' id='word_1_213' title='bbox 1277 1838 1379 1868; x_wconf 84' lang='lat' dir='ltr'><strong>tribus</strong></span> <span class='ocrx_word' id='word_1_214' title='bbox 1397 1838 1451 1869; x_wconf 85' lang='lat' dir='ltr'><strong>fie-</strong></span> 
     </span>
     <span class='ocr_line' id='line_1_28' title="bbox 164 1881 1451 1925; baseline -0.001 -12"><span class='ocrx_word' id='word_1_215' title='bbox 164 1882 243 1914; x_wconf 88' lang='lat' dir='ltr'><strong>bant</strong></span> <span class='ocrx_word' id='word_1_216' title='bbox 260 1881 378 1924; x_wconf 73' lang='lat' dir='ltr'><strong>partes,</strong></span> <span class='ocrx_word' id='word_1_217' title='bbox 400 1895 467 1914; x_wconf 85' lang='lat' dir='ltr'><strong>non</strong></span> <span class='ocrx_word' id='word_1_218' title='bbox 481 1884 569 1915; x_wconf 82' lang='lat' dir='ltr'><strong>urbis</strong></span> <span class='ocrx_word' id='word_1_219' title='bbox 593 1892 648 1915; x_wconf 84' lang='lat' dir='ltr'><strong>aut</strong></span> <span class='ocrx_word' id='word_1_220' title='bbox 671 1884 748 1925; x_wconf 82' lang='lat' dir='ltr'><strong>agri,</strong></span> <span class='ocrx_word' id='word_1_221' title='bbox 771 1884 823 1914; x_wconf 82' lang='lat' dir='ltr'><strong>sed</strong></span> <span class='ocrx_word' id='word_1_222' title='bbox 840 1883 1000 1920; x_wconf 75' lang='lat' dir='ltr'><strong>civitati53</strong></span> <span class='ocrx_word' id='word_1_223' title='bbox 1023 1883 1122 1923; x_wconf 86' lang='lat' dir='ltr'><strong>iisque</strong></span> <span class='ocrx_word' id='word_1_224' title='bbox 1140 1882 1291 1913; x_wconf 84' lang='lat' dir='ltr'><strong>centuriae</strong></span> <span class='ocrx_word' id='word_1_225' title='bbox 1309 1882 1451 1913; x_wconf 82' lang='lat' dir='ltr'><strong>include-</strong></span> 
     </span>
     <span class='ocr_line' id='line_1_29' title="bbox 164 1928 1451 1966; baseline -0.001 -8"><span class='ocrx_word' id='word_1_226' title='bbox 164 1928 293 1958; x_wconf 84' lang='lat' dir='ltr'><strong>bantur.</strong></span> <span class='ocrx_word' id='word_1_227' title='bbox 340 1929 446 1966; x_wconf 87' lang='lat' dir='ltr'><strong>Unde,</strong></span> <span class='ocrx_word' id='word_1_228' title='bbox 468 1929 565 1960; x_wconf 68' lang='lat' dir='ltr'><strong>auCto</strong></span> <span class='ocrx_word' id='word_1_229' title='bbox 577 1929 724 1960; x_wconf 89' lang='lat' dir='ltr'><strong>tribuum</strong></span> <span class='ocrx_word' id='word_1_230' title='bbox 741 1939 887 1965; x_wconf 85' lang='lat' dir='ltr'><strong>numero,</strong></span> <span class='ocrx_word' id='word_1_231' title='bbox 911 1928 1000 1959; x_wconf 83' lang='lat' dir='ltr'><strong>simul</strong></span> <span class='ocrx_word' id='word_1_232' title='bbox 1018 1928 1117 1958; x_wconf 75' lang='lat' dir='ltr'><strong>crevit</strong></span> <span class='ocrx_word' id='word_1_233' title='bbox 1130 1929 1160 1957; x_wconf 67' lang='grc' dir='ltr'><strong>ἃ</strong></span> <span class='ocrx_word' id='word_1_234' title='bbox 1174 1939 1324 1958; x_wconf 83' lang='lat' dir='ltr'><strong>uumerus</strong></span> <span class='ocrx_word' id='word_1_235' title='bbox 1341 1935 1451 1957; x_wconf 76' lang='lat' dir='ltr'><strong>centu-</strong></span> 
     </span>
     <span class='ocr_line' id='line_1_30' title="bbox 165 1971 1451 2015; baseline 0.001 -13"><span class='ocrx_word' id='word_1_236' title='bbox 165 1972 295 2003; x_wconf 82' lang='lat' dir='ltr'><strong>riarum.</strong></span> <span class='ocrx_word' id='word_1_237' title='bbox 342 1973 431 2004; x_wconf 89' lang='lat' dir='ltr'><strong>Illam</strong></span> <span class='ocrx_word' id='word_1_238' title='bbox 447 1982 556 2004; x_wconf 88' lang='lat' dir='ltr'><strong>autem</strong></span> <span class='ocrx_word' id='word_1_239' title='bbox 577 1974 789 2005; x_wconf 84' lang='lat' dir='ltr'><strong>mutationem</strong></span> <span class='ocrx_word' id='word_1_240' title='bbox 806 1973 977 2015; x_wconf 79' lang='lat' dir='ltr'><strong>Dionysius</strong></span> <span class='ocrx_word' id='word_1_241' title='bbox 995 1972 1125 2003; x_wconf 86' lang='lat' dir='ltr'><strong>testatur</strong></span> <span class='ocrx_word' id='word_1_242' title='bbox 1136 1971 1289 2013; x_wconf 80' lang='lat' dir='ltr'><strong>ejusmodi</strong></span> <span class='ocrx_word' id='word_1_243' title='bbox 1306 1971 1405 2008; x_wconf 59' lang='lat' dir='ltr'><strong>fuisse,</strong></span> <span class='ocrx_word' id='word_1_244' title='bbox 1416 1980 1451 2003; x_wconf 88' lang='lat' dir='ltr'><strong>ut</strong></span> 
     </span>
     <span class='ocr_line' id='line_1_31' title="bbox 166 2016 1452 2059; baseline -0.001 -12"><span class='ocrx_word' id='word_1_245' title='bbox 166 2028 234 2048; x_wconf 88' lang='lat' dir='ltr'><strong>rem</strong></span> <span class='ocrx_word' id='word_1_246' title='bbox 251 2017 283 2048; x_wconf 89' lang='lat' dir='ltr'><strong>in</strong></span> <span class='ocrx_word' id='word_1_247' title='bbox 300 2018 425 2048; x_wconf 90' lang='lat' dir='ltr'><strong>causam</strong></span> <span class='ocrx_word' id='word_1_248' title='bbox 439 2018 539 2059; x_wconf 87' lang='lat' dir='ltr'><strong>plebis</strong></span> <span class='ocrx_word' id='word_1_249' title='bbox 556 2018 724 2049; x_wconf 84' lang='lat' dir='ltr'><strong>inclinaret</strong></span> <span class='ocrx_word' id='word_1_250' title='bbox 738 2030 746 2055; x_wconf 78' lang='grc' dir='ltr'><strong>ς</strong></span> <span class='ocrx_word' id='word_1_251' title='bbox 770 2017 885 2049; x_wconf 85' lang='lat' dir='ltr'><strong>scilicet</strong></span> <span class='ocrx_word' id='word_1_252' title='bbox 899 2017 1050 2048; x_wconf 80' lang='lat' dir='ltr'><strong>centuriis</strong></span> <span class='ocrx_word' id='word_1_253' title='bbox 1067 2017 1179 2058; x_wconf 85' lang='lat' dir='ltr'><strong>primae</strong></span> <span class='ocrx_word' id='word_1_254' title='bbox 1192 2017 1290 2047; x_wconf 88' lang='lat' dir='ltr'><strong>claffis</strong></span> <span class='ocrx_word' id='word_1_255' title='bbox 1315 2016 1452 2056; x_wconf 78' lang='lat' dir='ltr'><strong>reliquas</strong></span> 
     </span>
     <span class='ocr_line' id='line_1_32' title="bbox 165 2061 1453 2104; baseline -0.001 -12"><span class='ocrx_word' id='word_1_256' title='bbox 165 2072 276 2093; x_wconf 79' lang='lat' dir='ltr'><strong>omnes</strong></span> <span class='ocrx_word' id='word_1_257' title='bbox 289 2074 425 2093; x_wconf 92' lang='lat' dir='ltr'><strong>numero</strong></span> <span class='ocrx_word' id='word_1_258' title='bbox 442 2062 570 2094; x_wconf 85' lang='lat' dir='ltr'><strong>vincere</strong></span> <span class='ocrx_word' id='word_1_259' title='bbox 593 2063 817 2094; x_wconf 82' lang='lat' dir='ltr'><strong>desinentibus.</strong></span> <span class='ocrx_word' id='word_1_260' title='bbox 863 2063 941 2104; x_wconf 91' lang='lat'>(17)</span> <span class='ocrx_word' id='word_1_261' title='bbox 964 2065 1081 2093; x_wconf 74' lang='lat' dir='ltr'><strong>Prreter</strong></span> <span class='ocrx_word' id='word_1_262' title='bbox 1098 2061 1200 2092; x_wconf 82' lang='lat' dir='ltr'><strong>tribus</strong></span> <span class='ocrx_word' id='word_1_263' title='bbox 1216 2061 1365 2097; x_wconf 71' lang='lat' dir='ltr'><strong>urbanas,</strong></span> <span class='ocrx_word' id='word_1_264' title='bbox 1387 2061 1453 2091; x_wconf 77' lang='lat' dir='ltr'><strong>rus-</strong></span> 
     </span>
     <span class='ocr_line' id='line_1_33' title="bbox 166 2105 1454 2143; baseline -0.002 -6"><span class='ocrx_word' id='word_1_265' title='bbox 166 2107 245 2137; x_wconf 71' lang='lat' dir='ltr'><strong>ticas</strong></span> <span class='ocrx_word' id='word_1_266' title='bbox 273 2107 370 2138; x_wconf 88' lang='lat' dir='ltr'><strong>etiam</strong></span> <span class='ocrx_word' id='word_1_267' title='bbox 394 2107 520 2138; x_wconf 77' lang='lat' dir='ltr'><strong>Servius</strong></span> <span class='ocrx_word' id='word_1_268' title='bbox 548 2108 692 2138; x_wconf 88' lang='lat' dir='ltr'><strong>instituit.</strong></span> <span class='ocrx_word' id='word_1_269' title='bbox 738 2109 865 2138; x_wconf 87' lang='lat' dir='ltr'><strong>Harum</strong></span> <span class='ocrx_word' id='word_1_270' title='bbox 889 2118 1040 2138; x_wconf 82' lang='lat' dir='ltr'><strong>numerus</strong></span> <span class='ocrx_word' id='word_1_271' title='bbox 1063 2106 1222 2143; x_wconf 81' lang='lat' dir='ltr'><strong>incertus;</strong></span> <span class='ocrx_word' id='word_1_272' title='bbox 1246 2106 1297 2136; x_wconf 86' lang='lat' dir='ltr'><strong>sed</strong></span> <span class='ocrx_word' id='word_1_273' title='bbox 1325 2105 1454 2136; x_wconf 84' lang='lat' dir='ltr'><strong>videtur</strong></span> 
     </span>
     <span class='ocr_line' id='line_1_34' title="bbox 166 2149 1454 2192; baseline -0.001 -11"><span class='ocrx_word' id='word_1_274' title='bbox 166 2151 256 2182; x_wconf 85' lang='lat' dir='ltr'><strong>fuiffe</strong></span> <span class='ocrx_word' id='word_1_275' title='bbox 273 2152 324 2182; x_wconf 89' lang='lat' dir='ltr'><strong>vel</strong></span> <span class='ocrx_word' id='word_1_276' title='bbox 342 2163 392 2182; x_wconf 83' lang='lat' dir='ltr'><strong>xv.</strong></span> <span class='ocrx_word' id='word_1_277' title='bbox 420 2153 471 2183; x_wconf 84' lang='lat' dir='ltr'><strong>vel</strong></span> <span class='ocrx_word' id='word_1_278' title='bbox 501 2163 566 2183; x_wconf 78' lang='lat' dir='ltr'><strong>xvi.</strong></span> <span class='ocrx_word' id='word_1_279' title='bbox 582 2153 655 2183; x_wconf 83' lang='lat' dir='ltr'><strong>vid:</strong></span> <span class='ocrx_word' id='word_1_280' title='bbox 682 2153 700 2182; x_wconf 92' lang='lat' dir='ltr'><strong>l.</strong></span> <span class='ocrx_word' id='word_1_281' title='bbox 715 2162 743 2183; x_wconf 81' lang='lat'><strong>2.</strong></span> <span class='ocrx_word' id='word_1_282' title='bbox 767 2164 791 2183; x_wconf 92' lang='lat' dir='ltr'><strong>c.</strong></span> <span class='ocrx_word' id='word_1_283' title='bbox 812 2152 860 2183; x_wconf 91' lang='lat'><strong>16.</strong></span> <span class='ocrx_word' id='word_1_284' title='bbox 885 2153 916 2182; x_wconf 86' lang='lat'>&amp;</span> <span class='ocrx_word' id='word_1_285' title='bbox 942 2162 991 2183; x_wconf 88' lang='lat'><strong>21.</strong></span> <span class='ocrx_word' id='word_1_286' title='bbox 1036 2150 1203 2182; x_wconf 83' lang='lat' dir='ltr'><strong>Tribubus</strong></span> <span class='ocrx_word' id='word_1_287' title='bbox 1214 2151 1310 2192; x_wconf 84' lang='lat' dir='ltr'><strong>igitur</strong></span> <span class='ocrx_word' id='word_1_288' title='bbox 1327 2149 1454 2181; x_wconf 84' lang='lat' dir='ltr'><strong>circiter</strong></span> 
     </span>
     <span class='ocr_line' id='line_1_35' title="bbox 166 2192 1456 2237; baseline -0.002 -11"><span class='ocrx_word' id='word_1_289' title='bbox 166 2196 280 2237; x_wconf 75' lang='lat' dir='ltr'><strong>viginti</strong></span> <span class='ocrx_word' id='word_1_290' title='bbox 303 2208 321 2227; x_wconf 88' lang='lat' dir='ltr'><strong>a</strong></span> <span class='ocrx_word' id='word_1_291' title='bbox 340 2197 451 2227; x_wconf 87' lang='lat' dir='ltr'><strong>Servio</strong></span> <span class='ocrx_word' id='word_1_292' title='bbox 475 2192 587 2228; x_wconf 83' lang='lat' dir='ltr'><strong>Tullio</strong></span> <span class='ocrx_word' id='word_1_293' title='bbox 619 2197 722 2234; x_wconf 57' lang='lat' dir='ltr'><strong>saetis,</strong></span> <span class='ocrx_word' id='word_1_294' title='bbox 745 2208 896 2228; x_wconf 78' lang='lat' dir='ltr'><strong>numerus</strong></span> <span class='ocrx_word' id='word_1_295' title='bbox 923 2196 1162 2237; x_wconf 87' lang='lat' dir='ltr'><strong>quodammodo</strong></span> <span class='ocrx_word' id='word_1_296' title='bbox 1190 2195 1371 2236; x_wconf 85' lang='lat' dir='ltr'><strong>duplicatus</strong></span> <span class='ocrx_word' id='word_1_297' title='bbox 1384 2195 1456 2231; x_wconf 82' lang='lat' dir='ltr'><strong>fuit,</strong></span> 
     </span>
     <span class='ocr_line' id='line_1_36' title="bbox 167 2239 1455 2283; baseline -0.001 -13"><span class='ocrx_word' id='word_1_298' title='bbox 167 2252 269 2280; x_wconf 88' lang='lat' dir='ltr'><strong>quum</strong></span> <span class='ocrx_word' id='word_1_299' title='bbox 290 2242 330 2272; x_wconf 89' lang='lat' dir='ltr'><strong>ad</strong></span> <span class='ocrx_word' id='word_1_300' title='bbox 347 2241 535 2282; x_wconf 81' lang='lat' dir='ltr'><strong>quinque&amp;</strong></span> <span class='ocrx_word' id='word_1_301' title='bbox 563 2242 696 2283; x_wconf 83' lang='lat' dir='ltr'><strong>triginta</strong></span> <span class='ocrx_word' id='word_1_302' title='bbox 709 2242 894 2273; x_wconf 83' lang='lat' dir='ltr'><strong>excreverit.</strong></span> <span class='ocrx_word' id='word_1_303' title='bbox 942 2242 1016 2283; x_wconf 85' lang='lat'>(18)</span> <span class='ocrx_word' id='word_1_304' title='bbox 1042 2240 1107 2271; x_wconf 84' lang='lat' dir='ltr'><strong>Alii</strong></span> <span class='ocrx_word' id='word_1_305' title='bbox 1131 2241 1245 2271; x_wconf 88' lang='lat' dir='ltr'><strong>volunt</strong></span> <span class='ocrx_word' id='word_1_306' title='bbox 1273 2242 1358 2270; x_wconf 80' lang='lat' dir='ltr'><strong>trihus</strong></span> <span class='ocrx_word' id='word_1_307' title='bbox 1382 2239 1455 2269; x_wconf 80' lang='lat' dir='ltr'><strong>ideo</strong></span> 
     </span>
     <span class='ocr_line' id='line_1_37' title="bbox 167 2283 1457 2327; baseline -0.002 -12"><span class='ocrx_word' id='word_1_308' title='bbox 167 2285 269 2316; x_wconf 53' lang='lat' dir='ltr'><strong>dietas</strong></span> <span class='ocrx_word' id='word_1_309' title='bbox 295 2286 370 2326; x_wconf 89' lang='lat' dir='ltr'><strong>quia</strong></span> <span class='ocrx_word' id='word_1_310' title='bbox 391 2294 445 2317; x_wconf 78' lang='lat' dir='ltr'><strong>tres</strong></span> <span class='ocrx_word' id='word_1_311' title='bbox 463 2287 570 2327; x_wconf 74' lang='lat' dir='ltr'><strong>primo</strong></span> <span class='ocrx_word' id='word_1_312' title='bbox 586 2289 717 2318; x_wconf 81' lang='lat' dir='ltr'><strong>suerunt</strong></span> <span class='ocrx_word' id='word_1_313' title='bbox 734 2298 752 2317; x_wconf 86' lang='lat' dir='ltr'><strong>a</strong></span> <span class='ocrx_word' id='word_1_314' title='bbox 776 2287 917 2317; x_wconf 89' lang='lat' dir='ltr'><strong>Romulo</strong></span> <span class='ocrx_word' id='word_1_315' title='bbox 938 2285 1099 2323; x_wconf 81' lang='lat' dir='ltr'><strong>institutae,</strong></span> <span class='ocrx_word' id='word_1_316' title='bbox 1121 2287 1271 2321; x_wconf 83' lang='lat' dir='ltr'><strong>Ramnes,</strong></span> <span class='ocrx_word' id='word_1_317' title='bbox 1291 2283 1457 2319; x_wconf 70' lang='lat' dir='ltr'><strong>Titienses,</strong></span> 
     </span>
     <span class='ocr_line' id='line_1_38' title="bbox 169 2329 1455 2374; baseline -0.002 -14"><span class='ocrx_word' id='word_1_318' title='bbox 169 2329 200 2360; x_wconf 59' lang='lat' dir='ltr'><strong>{xc</strong></span> <span class='ocrx_word' id='word_1_319' title='bbox 218 2332 377 2368; x_wconf 87' lang='lat' dir='ltr'><strong>Luceres,</strong></span> <span class='ocrx_word' id='word_1_320' title='bbox 401 2331 448 2362; x_wconf 85' lang='lat' dir='ltr'><strong>uti</strong></span> <span class='ocrx_word' id='word_1_321' title='bbox 465 2339 599 2362; x_wconf 84' lang='lat' dir='ltr'><strong>narrant</strong></span> <span class='ocrx_word' id='word_1_322' title='bbox 624 2331 795 2374; x_wconf 78' lang='lat' dir='ltr'><strong>Dionysius</strong></span> <span class='ocrx_word' id='word_1_323' title='bbox 813 2332 844 2362; x_wconf 65' lang='lat' dir='ltr'><strong>Sc</strong></span> <span class='ocrx_word' id='word_1_324' title='bbox 870 2331 1070 2362; x_wconf 75' lang='lat' dir='ltr'><strong>Plutarchus.</strong></span> <span class='ocrx_word' id='word_1_325' title='bbox 1116 2332 1184 2360; x_wconf 89' lang='lat' dir='ltr'><strong>Has</strong></span> <span class='ocrx_word' id='word_1_326' title='bbox 1209 2337 1315 2360; x_wconf 87' lang='lat' dir='ltr'><strong>autern</strong></span> <span class='ocrx_word' id='word_1_327' title='bbox 1340 2330 1455 2368; x_wconf 63' lang='lat' dir='ltr'><strong>equitavi</strong></span> 
     </span>
     <span class='ocr_line' id='line_1_39' title="bbox 167 2373 1456 2417; baseline -0.001 -14"><span class='ocrx_word' id='word_1_328' title='bbox 167 2388 189 2404; x_wconf 81' lang='lat' dir='ltr'><em>c</em></span> <span class='ocrx_word' id='word_1_329' title='bbox 195 2389 219 2404; x_wconf 70' lang='grc' dir='ltr'><strong>κ.</strong></span> <span class='ocrx_word' id='word_1_330' title='bbox 215 2388 264 2404; x_wconf 85' lang='lat' dir='ltr'><strong>ur</strong></span> <span class='ocrx_word' id='word_1_331' title='bbox 263 2378 301 2404; x_wconf 87' lang='lat' dir='ltr'><strong>·&#39;sa</strong></span> <span class='ocrx_word' id='word_1_332' title='bbox 318 2383 412 2406; x_wconf 84' lang='lat' dir='ltr'><strong>vocat</strong></span> <span class='ocrx_word' id='word_1_333' title='bbox 429 2375 550 2407; x_wconf 83' lang='lat' dir='ltr'><strong>Livius.</strong></span> <span class='ocrx_word' id='word_1_334' title='bbox 596 2378 770 2417; x_wconf 84' lang='lat' dir='ltr'><strong>Utcunque</strong></span> <span class='ocrx_word' id='word_1_335' title='bbox 785 2376 830 2413; x_wconf 81' lang='lat' dir='ltr'><strong>sit,</strong></span> <span class='ocrx_word' id='word_1_336' title='bbox 854 2381 977 2407; x_wconf 83' lang='lat' dir='ltr'><strong>certum</strong></span> <span class='ocrx_word' id='word_1_337' title='bbox 990 2375 1032 2406; x_wconf 79' lang='lat' dir='ltr'><strong>est</strong></span> <span class='ocrx_word' id='word_1_338' title='bbox 1042 2375 1125 2405; x_wconf 89' lang='lat' dir='ltr'><strong>hanc</strong></span> <span class='ocrx_word' id='word_1_339' title='bbox 1147 2373 1403 2405; x_wconf 85' lang='lat' dir='ltr'><strong>distributionem</strong></span> <span class='ocrx_word' id='word_1_340' title='bbox 1415 2373 1456 2403; x_wconf 83' lang='lat' dir='ltr'><strong>ab</strong></span> 
     </span>
     <span class='ocr_line' id='line_1_40' title="bbox 169 2418 1457 2463; baseline -0.002 -13.978"><span class='ocrx_word' id='word_1_341' title='bbox 169 2420 223 2450; x_wconf 81' lang='lat' dir='ltr'><strong>illa</strong></span> <span class='ocrx_word' id='word_1_342' title='bbox 241 2419 394 2450; x_wconf 49' lang='lat' dir='ltr'><strong>Serviani&amp;</strong></span> <span class='ocrx_word' id='word_1_343' title='bbox 418 2431 484 2450; x_wconf 79' lang='lat' dir='ltr'><strong>non</strong></span> <span class='ocrx_word' id='word_1_344' title='bbox 508 2421 634 2452; x_wconf 86' lang='lat' dir='ltr'><strong>tantum</strong></span> <span class='ocrx_word' id='word_1_345' title='bbox 661 2434 782 2457; x_wconf 83' lang='lat' dir='ltr'><strong>numero,</strong></span> <span class='ocrx_word' id='word_1_346' title='bbox 804 2422 856 2452; x_wconf 87' lang='lat' dir='ltr'><strong>sed</strong></span> <span class='ocrx_word' id='word_1_347' title='bbox 885 2422 916 2451; x_wconf 65' lang='grc' dir='ltr'><strong>ὃς</strong></span> <span class='ocrx_word' id='word_1_348' title='bbox 930 2423 1031 2463; x_wconf 78' lang='lat' dir='ltr'><strong>specie,</strong></span> <span class='ocrx_word' id='word_1_349' title='bbox 1053 2419 1210 2450; x_wconf 87' lang='lat' dir='ltr'><strong>diversam</strong></span> <span class='ocrx_word' id='word_1_350' title='bbox 1233 2418 1300 2449; x_wconf 79' lang='lat' dir='ltr'><strong>esse.</strong></span> <span class='ocrx_word' id='word_1_351' title='bbox 1348 2419 1457 2460; x_wconf 82' lang='lat' dir='ltr'><strong>Qare</strong></span> 
     </span>
     <span class='ocr_line' id='line_1_41' title="bbox 170 2461 1457 2506; baseline -0.002 -12"><span class='ocrx_word' id='word_1_352' title='bbox 170 2475 285 2505; x_wconf 88' lang='lat' dir='ltr'><strong>parum</strong></span> <span class='ocrx_word' id='word_1_353' title='bbox 302 2462 450 2495; x_wconf 88' lang='lat' dir='ltr'><strong>accurate</strong></span> <span class='ocrx_word' id='word_1_354' title='bbox 462 2465 617 2503; x_wconf 89' lang='lat' dir='ltr'><strong>scribunt,</strong></span> <span class='ocrx_word' id='word_1_355' title='bbox 632 2476 666 2506; x_wconf 71' lang='lat' dir='ltr'><strong>qi</strong></span> <span class='ocrx_word' id='word_1_356' title='bbox 656 2465 686 2496; x_wconf 85' lang='lat' dir='ltr'><strong>1i</strong></span> <span class='ocrx_word' id='word_1_357' title='bbox 704 2467 821 2497; x_wconf 86' lang='lat' dir='ltr'><strong>docent</strong></span> <span class='ocrx_word' id='word_1_358' title='bbox 839 2474 988 2505; x_wconf 85' lang='lat' dir='ltr'><strong>quartam</strong></span> <span class='ocrx_word' id='word_1_359' title='bbox 1001 2465 1123 2495; x_wconf 87' lang='lat' dir='ltr'><strong>tribum</strong></span> <span class='ocrx_word' id='word_1_360' title='bbox 1139 2464 1297 2495; x_wconf 84' lang='lat' dir='ltr'><strong>urbanam</strong></span> <span class='ocrx_word' id='word_1_361' title='bbox 1312 2474 1330 2493; x_wconf 87' lang='lat' dir='ltr'><strong>a</strong></span> <span class='ocrx_word' id='word_1_362' title='bbox 1346 2461 1457 2493; x_wconf 68' lang='lat' dir='ltr'><strong>Serxio</strong></span> 
     </span>
     <span class='ocr_line' id='line_1_42' title="bbox 171 2506 1029 2551; baseline 0.001 -12"><span class='ocrx_word' id='word_1_363' title='bbox 171 2509 333 2550; x_wconf 87' lang='lat' dir='ltr'><strong>prioribus</strong></span> <span class='ocrx_word' id='word_1_364' title='bbox 347 2506 407 2540; x_wconf 75' lang='lat' dir='ltr'><strong>illis</strong></span> <span class='ocrx_word' id='word_1_365' title='bbox 425 2521 442 2540; x_wconf 85' lang='lat' dir='ltr'><strong>a</strong></span> <span class='ocrx_word' id='word_1_366' title='bbox 455 2511 596 2541; x_wconf 88' lang='lat' dir='ltr'><strong>Romulo</strong></span> <span class='ocrx_word' id='word_1_367' title='bbox 613 2508 706 2541; x_wconf 56' lang='lat' dir='ltr'><strong>saetis</strong></span> <span class='ocrx_word' id='word_1_368' title='bbox 723 2510 782 2542; x_wconf 84' lang='lat' dir='ltr'><strong>csse</strong></span> <span class='ocrx_word' id='word_1_369' title='bbox 799 2511 968 2551; x_wconf 62' lang='lat' dir='ltr'><strong>adjecitam.</strong></span> <span class='ocrx_word' id='word_1_370' title='bbox 995 2512 1029 2540; x_wconf 90' lang='lat' dir='ltr'><strong>E.</strong></span> 
     </span>
    </p>
   </div>
   <div class='ocr_carea' id='block_1_5' title="bbox 170 2568 1466 2747">
    <p class='ocr_par' dir='ltr' id='par_1_5' title="bbox 170 2568 1466 2747">
     <span class='ocr_line' id='line_1_43' title="bbox 217 2568 1464 2614; baseline -0.002 -12"><span class='ocrx_word' id='word_1_371' title='bbox 217 2572 252 2602; x_wconf 92' lang='lat' dir='ltr'><strong>C.</strong></span> <span class='ocrx_word' id='word_1_372' title='bbox 269 2582 319 2608; x_wconf 82' lang='lat'><strong>44.</strong></span> <span class='ocrx_word' id='word_1_373' title='bbox 354 2573 410 2613; x_wconf 90' lang='lat'><strong>(1)</strong></span> <span class='ocrx_word' id='word_1_374' title='bbox 447 2573 509 2603; x_wconf 86' lang='lat' dir='ltr'><strong>Ad</strong></span> <span class='ocrx_word' id='word_1_375' title='bbox 519 2573 747 2603; x_wconf 84' lang='lat' dir='ltr'><strong>maturandum</strong></span> <span class='ocrx_word' id='word_1_376' title='bbox 764 2573 903 2609; x_wconf 88' lang='lat' dir='ltr'><strong>censum,</strong></span> <span class='ocrx_word' id='word_1_377' title='bbox 919 2572 1045 2603; x_wconf 85' lang='lat' dir='ltr'><strong>Servius</strong></span> <span class='ocrx_word' id='word_1_378' title='bbox 1062 2579 1184 2602; x_wconf 86' lang='lat' dir='ltr'><strong>metum</strong></span> <span class='ocrx_word' id='word_1_379' title='bbox 1207 2569 1329 2614; x_wconf 79' lang='lat' dir='ltr'><strong>populo</strong></span> <span class='ocrx_word' id='word_1_380' title='bbox 1345 2568 1464 2610; x_wconf 80' lang='lat' dir='ltr'><strong>injecit,</strong></span> 
     </span>
     <span class='ocr_line' id='line_1_44' title="bbox 170 2613 1466 2658; baseline -0.001 -13"><span class='ocrx_word' id='word_1_381' title='bbox 170 2616 236 2657; x_wconf 77' lang='lat' dir='ltr'><strong>lege</strong></span> <span class='ocrx_word' id='word_1_382' title='bbox 249 2616 311 2648; x_wconf 82' lang='lat' dir='ltr'><strong>lata</strong></span> <span class='ocrx_word' id='word_1_383' title='bbox 324 2616 387 2646; x_wconf 90' lang='lat' dir='ltr'><strong>dc</strong></span> <span class='ocrx_word' id='word_1_384' title='bbox 379 2617 416 2647; x_wconf 81' lang='lat' dir='ltr'><strong>iis</strong></span> <span class='ocrx_word' id='word_1_385' title='bbox 429 2628 485 2658; x_wconf 81' lang='lat' dir='ltr'><strong>qui</strong></span> <span class='ocrx_word' id='word_1_386' title='bbox 498 2618 552 2648; x_wconf 89' lang='lat' dir='ltr'><strong>sua</strong></span> <span class='ocrx_word' id='word_1_387' title='bbox 563 2618 659 2654; x_wconf 89' lang='lat' dir='ltr'><strong>bona,</strong></span> <span class='ocrx_word' id='word_1_388' title='bbox 674 2617 815 2654; x_wconf 85' lang='lat' dir='ltr'><strong>nomina,</strong></span> <span class='ocrx_word' id='word_1_389' title='bbox 830 2625 944 2655; x_wconf 70' lang='lat' dir='ltr'><strong>aetates,</strong></span> <span class='ocrx_word' id='word_1_390' title='bbox 956 2618 1012 2648; x_wconf 66' lang='grc' dir='ltr'><strong>ἃς.</strong></span> <span class='ocrx_word' id='word_1_391' title='bbox 1029 2615 1174 2658; x_wconf 83' lang='lat' dir='ltr'><strong>profiteri</strong></span> <span class='ocrx_word' id='word_1_392' title='bbox 1185 2614 1388 2657; x_wconf 77' lang='lat' dir='ltr'><strong>negligerent</strong></span> <span class='ocrx_word' id='word_1_393' title='bbox 1410 2613 1466 2653; x_wconf 86' lang='lat' dir='ltr'><strong>(z)</strong></span> 
     </span>
     <span class='ocr_line' id='line_1_45' title="bbox 173 2658 1463 2703; baseline -0.002 -14"><span class='ocrx_word' id='word_1_394' title='bbox 173 2661 329 2701; x_wconf 74' lang='lat' dir='ltr'><strong>prolepsis</strong></span> <span class='ocrx_word' id='word_1_395' title='bbox 356 2661 406 2692; x_wconf 87' lang='lat' dir='ltr'><strong>est.</strong></span> <span class='ocrx_word' id='word_1_396' title='bbox 432 2662 496 2693; x_wconf 87' lang='lat' dir='ltr'><strong>vid.</strong></span> <span class='ocrx_word' id='word_1_397' title='bbox 524 2662 545 2692; x_wconf 91' lang='lat' dir='ltr'><strong>l.</strong></span> <span class='ocrx_word' id='word_1_398' title='bbox 575 2672 603 2694; x_wconf 86' lang='lat'><strong>2.</strong></span> <span class='ocrx_word' id='word_1_399' title='bbox 632 2674 657 2693; x_wconf 90' lang='lat' dir='ltr'><strong>c.</strong></span> <span class='ocrx_word' id='word_1_400' title='bbox 682 2672 711 2701; x_wconf 89' lang='grc'><em>5.</em></span> <span class='ocrx_word' id='word_1_401' title='bbox 748 2663 802 2703; x_wconf 78' lang='lat'><strong>(3)</strong></span> <span class='ocrx_word' id='word_1_402' title='bbox 828 2661 1065 2693; x_wconf 65' lang='lat' dir='ltr'><strong>Circumducffis</strong></span> <span class='ocrx_word' id='word_1_403' title='bbox 1088 2669 1137 2692; x_wconf 86' lang='lat' dir='ltr'><strong>ter</strong></span> <span class='ocrx_word' id='word_1_404' title='bbox 1153 2660 1274 2691; x_wconf 87' lang='lat' dir='ltr'><strong>circum</strong></span> <span class='ocrx_word' id='word_1_405' title='bbox 1290 2658 1463 2692; x_wconf 79' lang='lat' dir='ltr'><strong>exercitum</strong></span> 
     </span>
     <span class='ocr_line' id='line_1_46' title="bbox 172 2702 1463 2747; baseline -0.002 -12"><span class='ocrx_word' id='word_1_406' title='bbox 172 2715 276 2741; x_wconf 78' lang='lat' dir='ltr'><strong>v,erre</strong></span> <span class='ocrx_word' id='word_1_407' title='bbox 298 2705 407 2743; x_wconf 86' lang='lat' dir='ltr'><strong>ariete,</strong></span> <span class='ocrx_word' id='word_1_408' title='bbox 431 2708 461 2737; x_wconf 66' lang='lat' dir='ltr'><strong>Se</strong></span> <span class='ocrx_word' id='word_1_409' title='bbox 480 2716 574 2738; x_wconf 89' lang='lat' dir='ltr'><strong>tauro</strong></span> <span class='ocrx_word' id='word_1_410' title='bbox 590 2708 693 2747; x_wconf 85' lang='lat' dir='ltr'><strong>(unde</strong></span> <span class='ocrx_word' id='word_1_411' title='bbox 713 2708 744 2736; x_wconf 65' lang='lat' dir='ltr'><strong>«Sc</strong></span> <span class='ocrx_word' id='word_1_412' title='bbox 771 2718 890 2738; x_wconf 88' lang='lat' dir='ltr'><strong>nomen</strong></span> <span class='ocrx_word' id='word_1_413' title='bbox 906 2708 1120 2746; x_wconf 66' lang='lat' dir='ltr'><strong>dedut‘tum);</strong></span> <span class='ocrx_word' id='word_1_414' title='bbox 1143 2705 1257 2736; x_wconf 86' lang='lat' dir='ltr'><strong>deinde</strong></span> <span class='ocrx_word' id='word_1_415' title='bbox 1287 2702 1388 2734; x_wconf 84' lang='lat' dir='ltr'><strong>Marti</strong></span> <span class='ocrx_word' id='word_1_416' title='bbox 1406 2703 1463 2731; x_wconf 83' lang='lat' dir='ltr'><strong>im-</strong></span> 
     </span>
    </p>
   </div>
   <div class='ocr_carea' id='block_1_6' title="bbox 173 2746 1464 2826">
    <p class='ocr_par' dir='ltr' id='par_1_6' title="bbox 173 2746 1464 2826">
     <span class='ocr_line' id='line_1_47' title="bbox 173 2746 1464 2825; baseline -0.005 -41"><span class='ocrx_word' id='word_1_417' title='bbox 173 2749 307 2818; x_wconf 50' lang='lat' dir='ltr'><strong>&#39;molsfftis-</strong></span> <span class='ocrx_word' id='word_1_418' title='bbox 336 2752 407 2825; x_wconf 74' lang='lat' dir='ltr'><strong>I(4)</strong></span> <span class='ocrx_word' id='word_1_419' title='bbox 431 2751 678 2794; x_wconf 72' lang='lat' dir='ltr'><strong>Antiquiffimus</strong></span> <span class='ocrx_word' id='word_1_420' title='bbox 696 2762 809 2784; x_wconf 85' lang='lat' dir='ltr'><strong>eorum</strong></span> <span class='ocrx_word' id='word_1_421' title='bbox 826 2751 881 2792; x_wconf 86' lang='lat' dir='ltr'><strong>qui</strong></span> <span class='ocrx_word' id='word_1_422' title='bbox 903 2751 935 2782; x_wconf 79' lang='lat' dir='ltr'><strong>hi</strong></span> <span class='ocrx_word' id='word_1_423' title='bbox 940 2751 1065 2784; x_wconf 83' lang='lat' dir='ltr'><strong>storiam</strong></span> <span class='ocrx_word' id='word_1_424' title='bbox 1084 2751 1171 2791; x_wconf 75' lang='lat' dir='ltr'><strong>apud</strong></span> <span class='ocrx_word' id='word_1_425' title='bbox 1188 2751 1349 2780; x_wconf 74' lang='lat' dir='ltr'><strong>Romanos</strong></span> <span class='ocrx_word' id='word_1_426' title='bbox 1367 2746 1464 2821; x_wconf 71' lang='lat' dir='ltr'><strong>scsrip</strong></span> 
     </span>
     <span class='ocr_line' id='line_1_48' title="bbox 251 2798 1432 2826; baseline 0.001 -2"><span class='ocrx_word' id='word_1_427' title='bbox 251 2805 308 2824; x_wconf 77' lang='lat' dir='ltr'><strong>oM.</strong></span> <span class='ocrx_word' id='word_1_428' title='bbox 803 2798 823 2826; x_wconf 68' lang='lat' dir='ltr'>F</span> <span class='ocrx_word' id='word_1_429' title='bbox 1420 2802 1432 2820; x_wconf 88' lang='lat'><em>1</em></span> 
     </span>
    </p>
   </div>
  </div>
 </body>
</html>
