1853 3158
363 260 648 304 LIBER
708 259 761 301 X.
821 261 1005 303 CAP.
1067 262 1245 305 XXVII.
1581 279 1659 321 293

157 386 246 416 tum
268 377 390 418 cladis
410 386 617 430 acceptum
634 391 642 416 :
677 378 714 416 &
733 377 1016 419 circumventis
1037 379 1335 433 pabulatoribus
1353 394 1447 421 cum

156 435 206 489 L.
232 436 392 476 Manlio
411 435 622 487 Torquato
644 435 775 488 legato
797 436 1028 489 Scipionem
1048 447 1335 490 propraetorem
1358 438 1447 477 sub-

158 492 300 532 fidium
336 507 357 532 e
390 491 523 532 castris
559 491 700 540 tuliffe,
746 492 996 546 vi&oresque
1030 495 1229 545 Umbros,
1274 496 1448 535 redinte-

156 560 272 604 grato
306 549 464 604 proelio,
507 548 637 588 vietos
670 548 758 597 effe,
791 551 1046 604 captivosque
1086 552 1142 592 eis
1181 568 1226 593 ac
1268 554 1445 607 praedam

156 608 398 661 ademptam.
457 606 638 646 Similius
677 620 771 646 vero
811 608 884 660 est,
924 623 945 647 a
986 609 1107 649 Gallo
1148 609 1274 658 hoste,
1321 610 1446 664 quam

156 665 333 713 Umbro,
364 678 451 704 eam
472 665 625 703 cladem
647 674 879 717 acceptam;
911 663 1039 718 quod,
1062 681 1187 719 quum
1209 668 1309 721 saepe
1331 667 1445 719 alias,

155 732 244 760 tum
277 736 323 760 eo
359 736 479 770 anno,
512 721 661 761 Gallici
692 720 892 761 tumultfis
915 724 1139 775 praecipuus
1162 734 1289 764 terror
1309 725 1446 765 civita-

155 788 236 817 tem
278 780 419 819 tenuit.
480 779 621 832 Itaque
658 779 925 832 praeterquam
961 779 1072 831 quod
1108 781 1226 821 ambo
1263 782 1445 824 consules

153 836 328 889 profesti
363 839 412 877 ad
447 836 599 876 bellum
631 846 744 876 erant
779 851 873 876 cum
909 846 1082 889 quatuor
1114 839 1355 892 legionibu3‚
1404 844 1445 881 &

154 908 302 948 magno
336 895 517 948 equitatu
553 894 757 942 Romano,
788 894 1084 947 Campanisque
1105 896 1213 934 mille
1244 897 1446 950 equitibus

154 952 336 1001 delcetis,
368 954 417 992 ad
452 953 491 992 id
527 951 678 991 bellum
713 950 847 1000 mistis,
881 954 919 992 &
959 952 1158 991 sociorum
1194 954 1446 1007 nominisque

152 1009 289 1048 Latini
319 1011 470 1064 majore
492 1009 684 1056 exercitu,
713 1011 772 1063 (6)
795 1007 918 1062 quam
950 1010 1157 1059 Romani3
1190 1011 1255 1050 alii
1277 1012 1357 1051 duo
1379 1027 1448 1051 ex-

153 1067 302 1106 ercitus
321 1067 429 1106 haud
450 1067 590 1119 procul
613 1065 709 1105 urbe
731 1067 900 1106 Etruriae
922 1068 1107 1120 oppositi,
1139 1082 1243 1108 unus
1265 1069 1305 1107 in
1327 1070 1449 1108 Falis—

152 1138 219 1173 co,
251 1125 349 1162 alter
370 1124 411 1162 in
434 1123 632 1164 Vaticano
654 1138 762 1178 agro.
795 1125 873 1164 Cn.
896 1125 1060 1166 Fulvius
1083 1128 1125 1166 &
1146 1125 1193 1164 L.
1216 1126 1447 1167 Postumius

150 1181 370 1235 Megellus,
402 1190 666 1234 propraetores
698 1180 833 1232 ambo‘,
866 1181 1002 1222 stativa
1032 1182 1074 1222 in
1106 1182 1161 1223 eis
1181 1184 1279 1224 locis
1300 1183 1446 1225 habere

148 1239 254 1295 jussi.

209 1296 390 1336 XXVII.
423 1295 616 1336 Consules
638 1296 686 1335 ad
707 1295 857 1347 hostes,
884 1297 1115 1352 transgresso
1139 1299 1374 1352 Apennino,
1404 1299 1444 1339 in
1465 1312 1552 1342 Amba
1570 1311 1636 1354 (ῖρβῗ

151 1366 295 1406 agrum
330 1355 391 1407 (t)
430 1354 681 1393 Sentinatem
718 1365 1000 1407 pervenerunt.
1062 1356 1122 1395 Ibi
1159 1366 1333 1409 quatuor
1355 1358 1656 1410 mil-1'‘·²‘1.1{f⁰·5⁴''¹'¹

150 1410 252 1451 lium
285 1411 410 1451 ferme
437 1411 643 1451 intervallo
670 1412 795 1451 castra
816 1413 951 1465 posita.
1013 1413 1122 1452 Inter
1142 1413 1274 1454 hostes
1300 1416 1443 1456 deinde
1462 1410 1556 1433 ‘'⁸³³‘'

150 1469 462 1509 consultationes
496 1469 664 1509 habitae:
697 1480 815 1522 atque
852 1471 904 1509 ita
938 1472 1140 1519 convenit,
1172 1485 1221 1511 ne
1254 1474 1343 1512 unis
1365 1474 1447 1513 cas-—

148 1527 220 1567 tris
255 1527 517 1566 miscerentur
550 1541 706 1577 omnes,
736 1541 835 1566 neve
872 1529 911 1567 in
947 1529 1073 1568 aciem
1094 1529 1377 1570 descenderent
1400 1532 1445 1570 si-

148 1585 247 1625 mul.
308 1584 557 1624 Samnitibus
580 1585 703 1634 Galli,
735 1585 910 1625 Etruscis
926 1586 1075 1626 Umbri
1098 1586 1259 1641 adjeCH.
1282 1589 1365 1628 dies
1386 1589 1447 1628 in-

149 1642 260 1682 dicta
295 1656 465 1696 pugnae:
495 1643 666 1681 Samniti
703 1642 908 1695 Gallisque
943 1644 1122 1698 delegata
1153 1659 1311 1699 pugna:
1342 1647 1446 1686 inter

149 1699 281 1752 ipsum
313 1709 516 1740 certamen
552 1699 706 1739 Etrusci
740 1700 970 1754 Umbrique
998 1701 1089 1756 jussi
1110 1702 1235 1742 castra
1257 1704 1445 1743 Romana

147 1771 395 1812 oppugnare.
459 1757 561 1796 Haec
598 1757 757 1797 consilia
791 1758 1003 1797 turbarunt
1042 1760 1260 1814 transfugae
1293 1761 1443 1801 Clusini

148 1824 245 1866 tres,
277 1816 382 1854 clam
414 1815 533 1855 noete
568 1816 617 1854 ad
651 1815 820 1854 Fabium
856 1816 1058 1856 consulem
1093 1818 1328 1872 transgressi.
1357 1820 1444 1872 qui,

148 1873 265 1913 editis
299 1872 475 1911 hostium
507 1873 691 1920 consiliis,
724 1873 865 1912 dimiffi
901 1888 995 1914 cum
1028 1875 1158 1924 donis,
1191 1886 1235 1914 ut
1261 1875 1443 1927 subinde,

149 1940 194 1969 ut
215 1944 385 1983 quaeque
405 1944 467 1969 res
490 1944 591 1969 nova
613 1932 771 1970 decreta
801 1931 914 1980 esset„
939 1933 1184 1985 exploratam
1204 1933 1440 1986 perferrent.

148 1987 343 2028 Consules
379 1987 535 2037 Fulvio,
568 1998 612 2027 ut
647 2002 695 2026 ex
728 1988 897 2039 Falisco,
928 1989 1151 2040 Postumio,
1183 2001 1227 2030 ut
1257 2005 1305 2030 ex
1327 1993 1443 2033 Vati-

147 2060 250 2086 cano
283 2046 504 2085 exercitum
538 2047 588 2084 ad
615 2044 804 2084 *Clusium
839 2047 1095 2099 admoveant,
1132 2048 1366 2102 summaque
1401 2050 1441 2090 vi

148 2103 250 2143 fines
283 2103 457 2141 hostium
490 2104 798 2156 depopulentur,
850 2104 1038 2144 scribunt.
1099 2106 1238 2160 Hujus
1273 2109 1441 2162 popula-
1457 2129 1650 2170 Buff-ianam

148 2161 268 2200 tionis
291 2159 397 2199 fama
431 2160 617 2200 Etruscos
638 2175 686 2199 ex
718 2176 814 2215 agro
844 2162 1051 2202 Sentinate
1073 2165 1122 2202 ad
1144 2164 1232 2203 suos
1254 2163 1354 2205 fines
1376 2175 1440 2205 tu·
1456 2177 1513 2205 cati·
1527 2175 1626 2213 adsta

147 2219 273 2257 endos
305 2218 441 2257 movit.
504 2218 652 2257 Instare
689 2218 781 2258 inde
817 2219 1012 2269 consules,
1055 2229 1099 2260 ut
1132 2221 1358 2263 absentibus
1391 2224 1439 2264 iis
1456 2223 1565 2251 “stde

145 2284 405 2329 pugnaretur.
438 2289 508 2328 per
539 2275 709 2316 biduum
743 2277 938 2316 lacessiere
959 2279 1103 2330 proelio
1124 2278 1292 2319 hostem.
1315 2280 1440 2321 biduo

146 2333 247 2372 nihil
283 2332 451 2386 dignum
487 2332 600 2372 dicitu
639 2333 791 2374 aetum.
850 2334 975 2375 Pauci
1011 2337 1199 2389 utrinque
1235 2338 1438 2380 cecidere:

144 2461 203 2479 cam
222 2450 269 2487 sui
296 2450 377 2477 moris
393 2450 533 2489 tripudiis.
579 2448 634 2490 (6)
654 2449 794 2481 Videtur
811 2451 942 2491 aliquod
960 2451 1077 2482 vitium
1096 2451 1156 2482 esse
1174 2452 1206 2482 in
1227 2453 1351 2485 duabus
1367 2455 1436 2495 pos-

145 2493 256 2523 tremis
287 2492 431 2524 vocibus.
478 2493 591 2524 Sensus
622 2494 726 2525 clarus
755 2496 807 2533 est,
839 2496 957 2526 Latino
997 2497 1138 2528 exercitu
1172 2498 1306 2538 majore,
1336 2500 1435 2539 quam

146 2545 286 2577 quantus
303 2545 370 2567 erat
388 2539 565 2569 Romanus.

191 2601 227 2630 C.
253 2608 302 2637 27.
328 2600 383 2640 (1)
407 2599 529 2630 Plinius
547 2600 724 2632 Sentinates
740 2601 773 2631 in
791 2602 923 2633 Umbris
939 2602 1041 2643 ponit.
1087 2605 1161 2636 Non
1180 2613 1306 2646 poterat
1324 2614 1443 2637 autem·

145 2655 184 2675 ex
210 2655 286 2685 agro
305 2643 436 2674 Clulino
453 2644 485 2674 in
503 2644 700 2677 Sentinatem
722 2646 837 2683 veniri,
852 2646 908 2676 nisi
925 2648 1075 2688 superato
1092 2650 1277 2692 ApenninO.
1326 2651 1434 2691 ‘Trmfi

139 2690 245 2732 grgffus
263 2688 316 2720 hle
334 2689 422 2722 sensu
440 2688 561 2732 paffivo
580 2691 763 2733 usurpatur.
812 2692 914 2733 Vid.†
930 2700 1064 2735 expertus.

1223 2737 1429 2793 magisque
