<?xml version="1.0" encoding="UTF-8"?>
<!DOCTYPE html PUBLIC "-//W3C//DTD XHTML 1.0 Transitional//EN"
    "http://www.w3.org/TR/xhtml1/DTD/xhtml1-transitional.dtd">
<html xmlns="http://www.w3.org/1999/xhtml" xml:lang="en" lang="en">
 <head>
  <title>
</title>
<meta http-equiv="Content-Type" content="text/html;charset=utf-8" />
  <meta name='ocr-system' content='tesseract 3.04.00' />
  <meta name='ocr-capabilities' content='ocr_page ocr_carea ocr_par ocr_line ocrx_word'/>
</head>
<body>
  <div class='ocr_page' id='page_1' title='image "./historiaeromanae01livyuoft_0752.png"; bbox 0 0 1853 3158; ppageno 0'>
   <div class='ocr_carea' id='block_1_1' title="bbox 141 245 1224 295">
    <p class='ocr_par' dir='ltr' id='par_1_1' title="bbox 141 245 1224 295">
     <span class='ocr_line' id='line_1_1' title="bbox 141 245 1224 295; baseline -0.008 -1"><span class='ocrx_word' id='word_1_1' title='bbox 141 257 220 295; x_wconf 84' lang='lat'>280</span> <span class='ocrx_word' id='word_1_2' title='bbox 817 245 1224 288; x_wconf 57' lang='lat' dir='ltr'><strong>T.LIV11‘</strong></span> 
     </span>
    </p>
   </div>
   <div class='ocr_carea' id='block_1_2' title="bbox 145 357 1686 2379">
    <p class='ocr_par' dir='ltr' id='par_1_2' title="bbox 361 357 1653 595">
     <span class='ocr_line' id='line_1_2' title="bbox 361 357 1653 414; baseline -0.007 -9"><span class='ocrx_word' id='word_1_3' title='bbox 361 368 453 406; x_wconf 80' lang='lat' dir='ltr'>dam</span> <span class='ocrx_word' id='word_1_4' title='bbox 485 364 692 404; x_wconf 80' lang='lat' dir='ltr'>annalibus</span> <span class='ocrx_word' id='word_1_5' title='bbox 724 365 773 403; x_wconf 86' lang='lat' dir='ltr'>ad</span> <span class='ocrx_word' id='word_1_6' title='bbox 799 363 1029 403; x_wconf 83' lang='lat' dir='ltr'>Maximum</span> <span class='ocrx_word' id='word_1_7' title='bbox 1060 361 1242 402; x_wconf 83' lang='lat' dir='ltr'><strong>trahitur.</strong></span> <span class='ocrx_word' id='word_1_8' title='bbox 1301 357 1578 414; x_wconf 85' lang='lat' dir='ltr'>Murgantiam</span> <span class='ocrx_word' id='word_1_9' title='bbox 1599 358 1653 397; x_wconf 85' lang='lat' dir='ltr'>ab</span> 
     </span>
     <span class='ocr_line' id='line_1_3' title="bbox 362 421 1651 474; baseline -0.005 -11"><span class='ocrx_word' id='word_1_10' title='bbox 362 423 510 474; x_wconf 86' lang='lat' dir='ltr'>Decio,</span> <span class='ocrx_word' id='word_1_11' title='bbox 541 439 562 462; x_wconf 83' lang='lat' dir='ltr'>a</span> <span class='ocrx_word' id='word_1_12' title='bbox 598 422 720 462; x_wconf 87' lang='lat' dir='ltr'>Fabio</span> <span class='ocrx_word' id='word_1_13' title='bbox 752 421 1013 462; x_wconf 86' lang='lat' dir='ltr'>Ferentinum</span> <span class='ocrx_word' id='word_1_14' title='bbox 1044 421 1368 471; x_wconf 77' lang='lat' dir='ltr'>Romuleamque</span> <span class='ocrx_word' id='word_1_15' title='bbox 1401 425 1651 471; x_wconf 86' lang='lat' dir='ltr'>oppugnatas</span> 
     </span>
     <span class='ocr_line' id='line_1_4' title="bbox 363 472 1652 532; baseline -0.007 -11"><span class='ocrx_word' id='word_1_16' title='bbox 363 482 549 522; x_wconf 83' lang='lat' dir='ltr'>tradunt:</span> <span class='ocrx_word' id='word_1_17' title='bbox 581 480 686 528; x_wconf 90' lang='lat' dir='ltr'>sunt,</span> <span class='ocrx_word' id='word_1_18' title='bbox 718 480 786 532; x_wconf 89' lang='lat' dir='ltr'>qui</span> <span class='ocrx_word' id='word_1_19' title='bbox 819 493 1015 519; x_wconf 88' lang='lat' dir='ltr'>novorum</span> <span class='ocrx_word' id='word_1_20' title='bbox 1051 477 1260 519; x_wconf 89' lang='lat' dir='ltr'>consulum</span> <span class='ocrx_word' id='word_1_21' title='bbox 1280 475 1382 515; x_wconf 86' lang='lat' dir='ltr'>hanc</span> <span class='ocrx_word' id='word_1_22' title='bbox 1405 475 1572 529; x_wconf 84' lang='lat' dir='ltr'>gloriam</span> <span class='ocrx_word' id='word_1_23' title='bbox 1592 472 1652 512; x_wconf 87' lang='lat' dir='ltr'>fa-</span> 
     </span>
     <span class='ocr_line' id='line_1_5' title="bbox 363 532 1653 595; baseline -0.007 -16"><span class='ocrx_word' id='word_1_24' title='bbox 363 539 484 579; x_wconf 85' lang='lat' dir='ltr'>ciant.</span> <span class='ocrx_word' id='word_1_25' title='bbox 545 538 724 595; x_wconf 82' lang='lat' dir='ltr'>Qidam</span> <span class='ocrx_word' id='word_1_26' title='bbox 745 551 826 577; x_wconf 88' lang='lat' dir='ltr'>non</span> <span class='ocrx_word' id='word_1_27' title='bbox 847 537 1074 588; x_wconf 86' lang='lat' dir='ltr'>amborum,</span> <span class='ocrx_word' id='word_1_28' title='bbox 1104 536 1170 575; x_wconf 84' lang='lat' dir='ltr'>sed</span> <span class='ocrx_word' id='word_1_29' title='bbox 1192 533 1368 584; x_wconf 87' lang='lat' dir='ltr'>alterius,</span> <span class='ocrx_word' id='word_1_30' title='bbox 1397 533 1446 572; x_wconf 91' lang='lat' dir='ltr'>L.</span> <span class='ocrx_word' id='word_1_31' title='bbox 1478 532 1653 571; x_wconf 90' lang='lat' dir='ltr'>Volum-</span> 
     </span>
    </p>

    <p class='ocr_par' dir='ltr' id='par_1_3' title="bbox 145 592 1686 2379">
     <span class='ocr_line' id='line_1_6' title="bbox 364 592 1215 648; baseline -0.005 -13"><span class='ocrx_word' id='word_1_32' title='bbox 364 597 418 636; x_wconf 90' lang='lat' dir='ltr'>nii</span> <span class='ocrx_word' id='word_1_33' title='bbox 439 612 447 635; x_wconf 89' lang='lat'><strong>:</strong></span> <span class='ocrx_word' id='word_1_34' title='bbox 478 597 513 635; x_wconf 89' lang='lat' dir='ltr'>ei</span> <span class='ocrx_word' id='word_1_35' title='bbox 535 595 746 636; x_wconf 84' lang='lat' dir='ltr'>Samnium</span> <span class='ocrx_word' id='word_1_36' title='bbox 769 595 1015 648; x_wconf 85' lang='lat' dir='ltr'>provinciam</span> <span class='ocrx_word' id='word_1_37' title='bbox 1037 592 1215 634; x_wconf 81' lang='lat' dir='ltr'>eveniffe.</span> 
     </span>
     <span class='ocr_line' id='line_1_7' title="bbox 145 646 1652 708; baseline -0.01 -8"><span class='ocrx_word' id='word_1_38' title='bbox 145 670 308 705; x_wconf 57' lang='lat' dir='ltr'>E-,MWE-</span> <span class='ocrx_word' id='word_1_39' title='bbox 422 654 580 694; x_wconf 87' lang='lat' dir='ltr'><strong>XVIII.</strong></span> <span class='ocrx_word' id='word_1_40' title='bbox 613 656 674 708; x_wconf 87' lang='lat'>(1)</span> <span class='ocrx_word' id='word_1_41' title='bbox 704 653 818 692; x_wconf 89' lang='lat' dir='ltr'>Dum</span> <span class='ocrx_word' id='word_1_42' title='bbox 854 667 900 692; x_wconf 82' lang='lat' dir='ltr'>ea</span> <span class='ocrx_word' id='word_1_43' title='bbox 939 654 980 693; x_wconf 89' lang='lat' dir='ltr'>in</span> <span class='ocrx_word' id='word_1_44' title='bbox 1015 652 1193 699; x_wconf 86' lang='lat' dir='ltr'>Samnio,</span> <span class='ocrx_word' id='word_1_45' title='bbox 1226 648 1500 703; x_wconf 85' lang='lat' dir='ltr'>cujuscunque</span> <span class='ocrx_word' id='word_1_46' title='bbox 1522 646 1652 686; x_wconf 66' lang='lat' dir='ltr'>due&#39;tu</span> 
     </span>
     <span class='ocr_line' id='line_1_8' title="bbox 145 704 1658 766; baseline -0.008 -11"><span class='ocrx_word' id='word_1_47' title='bbox 145 718 271 755; x_wconf 59' lang='lat' dir='ltr'>:‚2·5f{1m.</span> <span class='ocrx_word' id='word_1_48' title='bbox 365 712 635 766; x_wconf 86' lang='lat' dir='ltr'>auspicioque,</span> <span class='ocrx_word' id='word_1_49' title='bbox 656 720 918 765; x_wconf 77' lang='lat' dir='ltr'>gererentur3</span> <span class='ocrx_word' id='word_1_50' title='bbox 950 710 1147 749; x_wconf 82' lang='lat' dir='ltr'>Romanis</span> <span class='ocrx_word' id='word_1_51' title='bbox 1169 709 1209 746; x_wconf 87' lang='lat' dir='ltr'>in</span> <span class='ocrx_word' id='word_1_52' title='bbox 1226 706 1385 746; x_wconf 64' lang='lat' dir='ltr'>Etruria</span> <span class='ocrx_word' id='word_1_53' title='bbox 1405 707 1551 746; x_wconf 86' lang='lat' dir='ltr'>iterum</span> <span class='ocrx_word' id='word_1_54' title='bbox 1572 704 1658 744; x_wconf 90' lang='lat' dir='ltr'>bel-</span> 
     </span>
     <span class='ocr_line' id='line_1_9' title="bbox 362 762 1657 825; baseline -0.006 -16"><span class='ocrx_word' id='word_1_55' title='bbox 362 773 450 811; x_wconf 84' lang='lat' dir='ltr'>lum</span> <span class='ocrx_word' id='word_1_56' title='bbox 482 770 622 825; x_wconf 89' lang='lat' dir='ltr'>ingens</span> <span class='ocrx_word' id='word_1_57' title='bbox 654 769 790 809; x_wconf 87' lang='lat' dir='ltr'>multis</span> <span class='ocrx_word' id='word_1_58' title='bbox 825 783 873 808; x_wconf 84' lang='lat' dir='ltr'>ex</span> <span class='ocrx_word' id='word_1_59' title='bbox 905 768 1090 823; x_wconf 84' lang='lat' dir='ltr'>gentibus</span> <span class='ocrx_word' id='word_1_60' title='bbox 1119 765 1330 812; x_wconf 86' lang='lat' dir='ltr'>concitur;</span> <span class='ocrx_word' id='word_1_61' title='bbox 1361 765 1477 819; x_wconf 88' lang='lat' dir='ltr'>cujus</span> <span class='ocrx_word' id='word_1_62' title='bbox 1513 762 1657 802; x_wconf 55' lang='lat' dir='ltr'>audior</span> 
     </span>
     <span class='ocr_line' id='line_1_10' title="bbox 368 817 1658 881; baseline -0.009 -12"><span class='ocrx_word' id='word_1_63' title='bbox 368 828 528 869; x_wconf 85' lang='lat' dir='ltr'>Gellius</span> <span class='ocrx_word' id='word_1_64' title='bbox 564 827 758 881; x_wconf 79' lang='lat' dir='ltr'>Egnatius</span> <span class='ocrx_word' id='word_1_65' title='bbox 791 841 839 866; x_wconf 83' lang='lat' dir='ltr'>ex</span> <span class='ocrx_word' id='word_1_66' title='bbox 868 825 1116 866; x_wconf 84' lang='lat' dir='ltr'>Samnitibus</span> <span class='ocrx_word' id='word_1_67' title='bbox 1144 833 1242 864; x_wconf 85' lang='lat' dir='ltr'>erat.</span> <span class='ocrx_word' id='word_1_68' title='bbox 1301 822 1425 861; x_wconf 89' lang='lat' dir='ltr'>Tusci</span> <span class='ocrx_word' id='word_1_69' title='bbox 1461 817 1543 860; x_wconf 69' lang='lat' dir='ltr'>fere</span> <span class='ocrx_word' id='word_1_70' title='bbox 1570 833 1658 858; x_wconf 90' lang='lat' dir='ltr'>om-</span> 
     </span>
     <span class='ocr_line' id='line_1_11' title="bbox 368 877 1658 939; baseline -0.009 -13"><span class='ocrx_word' id='word_1_71' title='bbox 368 900 439 926; x_wconf 87' lang='lat' dir='ltr'>nes</span> <span class='ocrx_word' id='word_1_72' title='bbox 474 884 744 925; x_wconf 83' lang='lat' dir='ltr'>consciverant</span> <span class='ocrx_word' id='word_1_73' title='bbox 766 887 826 939; x_wconf 87' lang='lat'>(2)</span> <span class='ocrx_word' id='word_1_74' title='bbox 847 884 997 924; x_wconf 89' lang='lat' dir='ltr'>bellum</span> <span class='ocrx_word' id='word_1_75' title='bbox 1017 899 1025 923; x_wconf 75' lang='grc' dir='ltr'>ε</span> <span class='ocrx_word' id='word_1_76' title='bbox 1056 891 1229 922; x_wconf 80' lang='lat' dir='ltr'>traxerat</span> <span class='ocrx_word' id='word_1_77' title='bbox 1250 880 1436 935; x_wconf 85' lang='lat' dir='ltr'>contagio</span> <span class='ocrx_word' id='word_1_78' title='bbox 1453 877 1658 932; x_wconf 86' lang='lat' dir='ltr'>proximos</span> 
     </span>
     <span class='ocr_line' id='line_1_12' title="bbox 368 935 1661 996; baseline -0.009 -12"><span class='ocrx_word' id='word_1_79' title='bbox 368 943 555 984; x_wconf 74' lang='lat' dir='ltr'>Umbriae</span> <span class='ocrx_word' id='word_1_80' title='bbox 587 944 783 996; x_wconf 90' lang='lat' dir='ltr'>populos:</span> <span class='ocrx_word' id='word_1_81' title='bbox 819 944 855 981; x_wconf 87' lang='lat'>&amp;</span> <span class='ocrx_word' id='word_1_82' title='bbox 888 941 1047 985; x_wconf 87' lang='lat' dir='ltr'>Gallica</span> <span class='ocrx_word' id='word_1_83' title='bbox 1077 940 1223 980; x_wconf 84' lang='lat' dir='ltr'>auxilia</span> <span class='ocrx_word' id='word_1_84' title='bbox 1257 938 1440 978; x_wconf 85' lang='lat' dir='ltr'><strong>mercede</strong></span> <span class='ocrx_word' id='word_1_85' title='bbox 1477 935 1661 975; x_wconf 86' lang='lat' dir='ltr'>sollicita-</span> 
     </span>
     <span class='ocr_line' id='line_1_13' title="bbox 368 996 1662 1048; baseline -0.007 -8"><span class='ocrx_word' id='word_1_86' title='bbox 368 1002 526 1041; x_wconf 79' lang='lat' dir='ltr'>bantur.</span> <span class='ocrx_word' id='word_1_87' title='bbox 564 1001 695 1039; x_wconf 84' lang='lat' dir='ltr'>omnis</span> <span class='ocrx_word' id='word_1_88' title='bbox 717 1013 763 1038; x_wconf 82' lang='lat' dir='ltr'>ea</span> <span class='ocrx_word' id='word_1_89' title='bbox 785 999 1004 1048; x_wconf 85' lang='lat' dir='ltr'>multitudo</span> <span class='ocrx_word' id='word_1_90' title='bbox 1026 999 1072 1038; x_wconf 84' lang='lat' dir='ltr'>ad</span> <span class='ocrx_word' id='word_1_91' title='bbox 1095 997 1220 1043; x_wconf 86' lang='lat' dir='ltr'>castra</span> <span class='ocrx_word' id='word_1_92' title='bbox 1241 996 1484 1036; x_wconf 83' lang='lat' dir='ltr'>Samnitium</span> <span class='ocrx_word' id='word_1_93' title='bbox 1517 1006 1662 1033; x_wconf 85' lang='lat' dir='ltr'>conve-</span> 
     </span>
     <span class='ocr_line' id='line_1_14' title="bbox 368 1051 1661 1113; baseline -0.008 -14"><span class='ocrx_word' id='word_1_94' title='bbox 368 1059 515 1099; x_wconf 85' lang='lat' dir='ltr'>niebat.</span> <span class='ocrx_word' id='word_1_95' title='bbox 576 1058 661 1113; x_wconf 84' lang='lat' dir='ltr'>Qi</span> <span class='ocrx_word' id='word_1_96' title='bbox 694 1057 892 1096; x_wconf 89' lang='lat' dir='ltr'>turnultus</span> <span class='ocrx_word' id='word_1_97' title='bbox 927 1069 1070 1108; x_wconf 82' lang='lat' dir='ltr'>repens</span> <span class='ocrx_word' id='word_1_98' title='bbox 1102 1055 1312 1108; x_wconf 86' lang='lat' dir='ltr'>postquam</span> <span class='ocrx_word' id='word_1_99' title='bbox 1333 1055 1510 1093; x_wconf 84' lang='lat' dir='ltr'>Romam</span> <span class='ocrx_word' id='word_1_100' title='bbox 1532 1051 1661 1104; x_wconf 88' lang='lat' dir='ltr'>perla-</span> 
     </span>
     <span class='ocr_line' id='line_1_15' title="bbox 368 1108 1663 1169; baseline -0.007 -13"><span class='ocrx_word' id='word_1_101' title='bbox 368 1127 433 1156; x_wconf 87' lang='lat' dir='ltr'>tus</span> <span class='ocrx_word' id='word_1_102' title='bbox 454 1115 525 1164; x_wconf 83' lang='lat' dir='ltr'>est,</span> <span class='ocrx_word' id='word_1_103' title='bbox 557 1127 684 1168; x_wconf 89' lang='lat' dir='ltr'>quum</span> <span class='ocrx_word' id='word_1_104' title='bbox 711 1116 798 1169; x_wconf 84' lang='lat' dir='ltr'>jam</span> <span class='ocrx_word' id='word_1_105' title='bbox 827 1113 875 1152; x_wconf 93' lang='lat' dir='ltr'>L.</span> <span class='ocrx_word' id='word_1_106' title='bbox 899 1112 1145 1152; x_wconf 87' lang='lat' dir='ltr'>Volumnius</span> <span class='ocrx_word' id='word_1_107' title='bbox 1166 1112 1302 1152; x_wconf 89' lang='lat' dir='ltr'>consul</span> <span class='ocrx_word' id='word_1_108' title='bbox 1323 1125 1416 1151; x_wconf 88' lang='lat' dir='ltr'>cum</span> <span class='ocrx_word' id='word_1_109' title='bbox 1436 1108 1663 1163; x_wconf 81' lang='lat' dir='ltr'>legionibus</span> 
     </span>
     <span class='ocr_line' id='line_1_16' title="bbox 298 1168 1664 1222; baseline -0.005 -10"><span class='ocrx_word' id='word_1_110' title='bbox 298 1206 305 1212; x_wconf 95' lang='lat'><strong>.</strong></span> <span class='ocrx_word' id='word_1_111' title='bbox 369 1172 542 1214; x_wconf 60' lang='lat' dir='ltr'>secunda</span> <span class='ocrx_word' id='word_1_112' title='bbox 572 1186 616 1212; x_wconf 82' lang='lat' dir='ltr'>ac</span> <span class='ocrx_word' id='word_1_113' title='bbox 649 1172 780 1220; x_wconf 57' lang='lat' dir='ltr'>tertia,</span> <span class='ocrx_word' id='word_1_114' title='bbox 811 1170 1090 1222; x_wconf 86' lang='lat' dir='ltr'>sociorumque</span> <span class='ocrx_word' id='word_1_115' title='bbox 1112 1168 1287 1208; x_wconf 88' lang='lat' dir='ltr'>millibus</span> <span class='ocrx_word' id='word_1_116' title='bbox 1313 1168 1543 1221; x_wconf 83' lang='lat' dir='ltr'>quindecim</span> <span class='ocrx_word' id='word_1_117' title='bbox 1571 1181 1664 1220; x_wconf 91' lang='lat' dir='ltr'>pro-</span> 
     </span>
     <span class='ocr_line' id='line_1_17' title="bbox 150 1226 1662 1293; baseline -0.003 -23"><span class='ocrx_word' id='word_1_118' title='bbox 150 1226 352 1293; x_wconf 25' lang='lat' dir='ltr'>ssffisrss‘jffssi·</span> <span class='ocrx_word' id='word_1_119' title='bbox 370 1232 504 1272; x_wconf 63' lang='lat' dir='ltr'>fectus</span> <span class='ocrx_word' id='word_1_120' title='bbox 535 1231 576 1270; x_wconf 89' lang='lat' dir='ltr'>in</span> <span class='ocrx_word' id='word_1_121' title='bbox 607 1229 818 1270; x_wconf 79' lang='lat' dir='ltr'>Samnium</span> <span class='ocrx_word' id='word_1_122' title='bbox 847 1228 956 1278; x_wconf 82' lang='lat' dir='ltr'>esset,</span> <span class='ocrx_word' id='word_1_123' title='bbox 989 1229 1068 1281; x_wconf 92' lang='lat' dir='ltr'>Ap.</span> <span class='ocrx_word' id='word_1_124' title='bbox 1093 1226 1310 1267; x_wconf 85' lang='lat' dir='ltr'>Claudium</span> <span class='ocrx_word' id='word_1_125' title='bbox 1346 1226 1475 1279; x_wconf 89' lang='lat' dir='ltr'>primo</span> <span class='ocrx_word' id='word_1_126' title='bbox 1501 1237 1662 1278; x_wconf 78' lang='lat' dir='ltr'>quoque</span> 
     </span>
     <span class='ocr_line' id='line_1_18' title="bbox 148 1275 1666 1343; baseline -0.007 -12"><span class='ocrx_word' id='word_1_127' title='bbox 148 1287 196 1304; x_wconf 50' lang='lat'>“⁵³</span> <span class='ocrx_word' id='word_1_128' title='bbox 213 1275 334 1315; x_wconf 51' lang='lat' dir='ltr'>Aprum.</span> <span class='ocrx_word' id='word_1_129' title='bbox 371 1300 553 1343; x_wconf 86' lang='lat' dir='ltr'>tempore</span> <span class='ocrx_word' id='word_1_130' title='bbox 573 1288 615 1327; x_wconf 88' lang='lat' dir='ltr'>in</span> <span class='ocrx_word' id='word_1_131' title='bbox 636 1287 839 1328; x_wconf 83' lang='lat' dir='ltr'>Etruriam</span> <span class='ocrx_word' id='word_1_132' title='bbox 866 1288 922 1326; x_wconf 88' lang='lat' dir='ltr'>ire</span> <span class='ocrx_word' id='word_1_133' title='bbox 950 1285 1114 1340; x_wconf 88' lang='lat' dir='ltr'>placuit.</span> <span class='ocrx_word' id='word_1_134' title='bbox 1147 1285 1237 1324; x_wconf 84' lang='lat' dir='ltr'>duae</span> <span class='ocrx_word' id='word_1_135' title='bbox 1260 1283 1457 1323; x_wconf 86' lang='lat' dir='ltr'>Romanae</span> <span class='ocrx_word' id='word_1_136' title='bbox 1488 1282 1666 1336; x_wconf 80' lang='lat' dir='ltr'>legiones</span> 
     </span>
     <span class='ocr_line' id='line_1_19' title="bbox 372 1339 1667 1401; baseline -0.007 -13"><span class='ocrx_word' id='word_1_137' title='bbox 372 1348 531 1396; x_wconf 77' lang='lat' dir='ltr'>secutae,</span> <span class='ocrx_word' id='word_1_138' title='bbox 562 1346 690 1401; x_wconf 85' lang='lat' dir='ltr'>prima</span> <span class='ocrx_word' id='word_1_139' title='bbox 714 1348 754 1386; x_wconf 84' lang='lat'>&amp;</span> <span class='ocrx_word' id='word_1_140' title='bbox 786 1354 941 1399; x_wconf 84' lang='lat' dir='ltr'>quarta,</span> <span class='ocrx_word' id='word_1_141' title='bbox 974 1346 1014 1385; x_wconf 84' lang='lat'>&amp;</span> <span class='ocrx_word' id='word_1_142' title='bbox 1049 1341 1246 1383; x_wconf 88' lang='lat' dir='ltr'>sociorum</span> <span class='ocrx_word' id='word_1_143' title='bbox 1283 1340 1497 1381; x_wconf 88' lang='lat' dir='ltr'>duodecim</span> <span class='ocrx_word' id='word_1_144' title='bbox 1532 1339 1667 1379; x_wconf 85' lang='lat' dir='ltr'>millia.</span> 
     </span>
     <span class='ocr_line' id='line_1_20' title="bbox 372 1397 1666 1458; baseline -0.009 -12"><span class='ocrx_word' id='word_1_145' title='bbox 372 1407 497 1446; x_wconf 87' lang='lat' dir='ltr'>castra</span> <span class='ocrx_word' id='word_1_146' title='bbox 517 1405 625 1445; x_wconf 83' lang='lat' dir='ltr'>haud</span> <span class='ocrx_word' id='word_1_147' title='bbox 642 1405 782 1458; x_wconf 88' lang='lat' dir='ltr'>procul</span> <span class='ocrx_word' id='word_1_148' title='bbox 799 1403 846 1443; x_wconf 86' lang='lat' dir='ltr'>ab</span> <span class='ocrx_word' id='word_1_149' title='bbox 863 1402 974 1442; x_wconf 89' lang='lat' dir='ltr'>hoste</span> <span class='ocrx_word' id='word_1_150' title='bbox 987 1402 1123 1456; x_wconf 75' lang='lat' dir='ltr'>polita.</span> <span class='ocrx_word' id='word_1_151' title='bbox 1183 1397 1377 1440; x_wconf 73' lang='lat' dir='ltr'>Ceterum</span> <span class='ocrx_word' id='word_1_152' title='bbox 1397 1397 1523 1452; x_wconf 86' lang='lat' dir='ltr'>magis</span> <span class='ocrx_word' id='word_1_153' title='bbox 1541 1399 1602 1451; x_wconf 85' lang='lat'>(3)</span> <span class='ocrx_word' id='word_1_154' title='bbox 1618 1410 1666 1436; x_wconf 92' lang='lat' dir='ltr'>eo</span> 
     </span>
     <span class='ocr_line' id='line_1_21' title="bbox 372 1454 1668 1518; baseline -0.008 -15"><span class='ocrx_word' id='word_1_155' title='bbox 372 1463 604 1518; x_wconf 63' lang='lat' dir='ltr'>profectum</span> <span class='ocrx_word' id='word_1_156' title='bbox 641 1462 712 1511; x_wconf 88' lang='lat' dir='ltr'>est,</span> <span class='ocrx_word' id='word_1_157' title='bbox 744 1459 856 1515; x_wconf 73' lang='lat' dir='ltr'>quod</span> <span class='ocrx_word' id='word_1_158' title='bbox 891 1458 1046 1499; x_wconf 72' lang='lat' dir='ltr'>mature</span> <span class='ocrx_word' id='word_1_159' title='bbox 1074 1468 1240 1498; x_wconf 88' lang='lat' dir='ltr'>ventum</span> <span class='ocrx_word' id='word_1_160' title='bbox 1276 1467 1374 1505; x_wconf 87' lang='lat' dir='ltr'>erat,</span> <span class='ocrx_word' id='word_1_161' title='bbox 1406 1465 1450 1495; x_wconf 91' lang='lat' dir='ltr'>ut</span> <span class='ocrx_word' id='word_1_162' title='bbox 1475 1454 1668 1509; x_wconf 87' lang='lat' dir='ltr'>quosdam</span> 
     </span>
     <span class='ocr_line' id='line_1_22' title="bbox 372 1513 1686 1576; baseline -0.009 -14"><span class='ocrx_word' id='word_1_163' title='bbox 372 1522 598 1576; x_wconf 64' lang='lat' dir='ltr'>speEtantes</span> <span class='ocrx_word' id='word_1_164' title='bbox 615 1521 699 1576; x_wconf 85' lang='lat' dir='ltr'>jam</span> <span class='ocrx_word' id='word_1_165' title='bbox 723 1533 832 1559; x_wconf 85' lang='lat' dir='ltr'>arma</span> <span class='ocrx_word' id='word_1_166' title='bbox 853 1518 1024 1558; x_wconf 67' lang='lat' dir='ltr'>Etruriae</span> <span class='ocrx_word' id='word_1_167' title='bbox 1050 1517 1221 1571; x_wconf 88' lang='lat' dir='ltr'>populos</span> <span class='ocrx_word' id='word_1_168' title='bbox 1242 1525 1373 1555; x_wconf 87' lang='lat' dir='ltr'>metus</span> <span class='ocrx_word' id='word_1_169' title='bbox 1395 1513 1573 1553; x_wconf 86' lang='lat' dir='ltr'>Romani</span> <span class='ocrx_word' id='word_1_170' title='bbox 1595 1526 1686 1551; x_wconf 87' lang='lat' dir='ltr'>no-.</span> 
     </span>
     <span class='ocr_line' id='line_1_23' title="bbox 374 1570 1668 1632; baseline -0.008 -13"><span class='ocrx_word' id='word_1_171' title='bbox 374 1580 494 1620; x_wconf 88' lang='lat' dir='ltr'>minis</span> <span class='ocrx_word' id='word_1_172' title='bbox 529 1579 827 1632; x_wconf 87' lang='lat' dir='ltr'>comprimeret,</span> <span class='ocrx_word' id='word_1_173' title='bbox 873 1576 996 1631; x_wconf 70' lang='lat' dir='ltr'>quam</span> <span class='ocrx_word' id='word_1_174' title='bbox 1032 1574 1143 1628; x_wconf 69' lang='lat' dir='ltr'>quod</span> <span class='ocrx_word' id='word_1_175' title='bbox 1180 1574 1307 1614; x_wconf 64' lang='lat' dir='ltr'>ductu</span> <span class='ocrx_word' id='word_1_176' title='bbox 1341 1571 1514 1616; x_wconf 87' lang='lat' dir='ltr'>consulis</span> <span class='ocrx_word' id='word_1_177' title='bbox 1554 1570 1668 1623; x_wconf 88' lang='lat' dir='ltr'>quic-</span> 
     </span>
     <span class='ocr_line' id='line_1_24' title="bbox 156 1629 1668 1695; baseline -0.01 -13"><span class='ocrx_word' id='word_1_178' title='bbox 156 1654 308 1695; x_wconf 53' lang='grc' dir='ltr'>,Νη-φάε-</span> <span class='ocrx_word' id='word_1_179' title='bbox 376 1652 498 1692; x_wconf 87' lang='lat' dir='ltr'>quam</span> <span class='ocrx_word' id='word_1_180' title='bbox 532 1636 588 1676; x_wconf 89' lang='lat' dir='ltr'>ibi</span> <span class='ocrx_word' id='word_1_181' title='bbox 629 1636 718 1676; x_wconf 82' lang='lat' dir='ltr'>satis</span> <span class='ocrx_word' id='word_1_182' title='bbox 749 1635 845 1675; x_wconf 75' lang='lat' dir='ltr'>scite</span> <span class='ocrx_word' id='word_1_183' title='bbox 882 1644 951 1674; x_wconf 85' lang='lat' dir='ltr'>aut</span> <span class='ocrx_word' id='word_1_184' title='bbox 985 1633 1188 1674; x_wconf 76' lang='lat' dir='ltr'>fortunate</span> <span class='ocrx_word' id='word_1_185' title='bbox 1225 1631 1380 1687; x_wconf 86' lang='lat' dir='ltr'>gestum</span> <span class='ocrx_word' id='word_1_186' title='bbox 1416 1631 1472 1670; x_wconf 87' lang='lat' dir='ltr'>fit.</span> <span class='ocrx_word' id='word_1_187' title='bbox 1533 1629 1668 1668; x_wconf 86' lang='lat' dir='ltr'>Multa</span> 
     </span>
     <span class='ocr_line' id='line_1_25' title="bbox 155 1686 1666 1754; baseline -0.011 -13"><span class='ocrx_word' id='word_1_188' title='bbox 155 1699 319 1754; x_wconf 45' lang='lat' dir='ltr'>§zu-*lmsilll&#39;s</span> <span class='ocrx_word' id='word_1_189' title='bbox 376 1696 519 1750; x_wconf 82' lang='lat' dir='ltr'>proelia</span> <span class='ocrx_word' id='word_1_190' title='bbox 541 1695 640 1734; x_wconf 85' lang='lat' dir='ltr'>locis</span> <span class='ocrx_word' id='word_1_191' title='bbox 663 1697 704 1735; x_wconf 84' lang='lat'>&amp;</span> <span class='ocrx_word' id='word_1_192' title='bbox 725 1691 974 1747; x_wconf 82' lang='lat' dir='ltr'>temporibus</span> <span class='ocrx_word' id='word_1_193' title='bbox 1009 1691 1157 1744; x_wconf 87' lang='lat' dir='ltr'>iniquis</span> <span class='ocrx_word' id='word_1_194' title='bbox 1180 1690 1407 1737; x_wconf 81' lang='lat' dir='ltr'>commiffa3</span> <span class='ocrx_word' id='word_1_195' title='bbox 1440 1686 1603 1740; x_wconf 87' lang='lat' dir='ltr'>spesque</span> <span class='ocrx_word' id='word_1_196' title='bbox 1625 1686 1666 1725; x_wconf 86' lang='lat' dir='ltr'>in</span> 
     </span>
     <span class='ocr_line' id='line_1_26' title="bbox 147 1744 1668 1817; baseline -0.003 -30"><span class='ocrx_word' id='word_1_197' title='bbox 147 1744 358 1817; x_wconf 50' lang='lat' dir='ltr'>l&#39;lftsfg‘</span> <span class='ocrx_word' id='word_1_198' title='bbox 378 1755 460 1794; x_wconf 85' lang='lat' dir='ltr'>dies</span> <span class='ocrx_word' id='word_1_199' title='bbox 496 1753 720 1808; x_wconf 81' lang='lat' dir='ltr'>graviorem</span> <span class='ocrx_word' id='word_1_200' title='bbox 755 1751 910 1792; x_wconf 87' lang='lat' dir='ltr'>hostem</span> <span class='ocrx_word' id='word_1_201' title='bbox 943 1749 1127 1789; x_wconf 79' lang='lat' dir='ltr'>faciebat.</span> <span class='ocrx_word' id='word_1_202' title='bbox 1171 1751 1211 1789; x_wconf 68' lang='grc' dir='ltr'>ἃ·</span> <span class='ocrx_word' id='word_1_203' title='bbox 1237 1749 1327 1803; x_wconf 82' lang='lat' dir='ltr'>jam</span> <span class='ocrx_word' id='word_1_204' title='bbox 1349 1744 1472 1800; x_wconf 75' lang='lat' dir='ltr'>prope</span> <span class='ocrx_word' id='word_1_205' title='bbox 1494 1754 1591 1793; x_wconf 87' lang='lat' dir='ltr'>erat,</span> <span class='ocrx_word' id='word_1_206' title='bbox 1624 1754 1668 1782; x_wconf 90' lang='lat' dir='ltr'>ut</span> 
     </span>
     <span class='ocr_line' id='line_1_27' title="bbox 155 1802 1668 1858; baseline -0.009 -4"><span class='ocrx_word' id='word_1_207' title='bbox 155 1803 245 1821; x_wconf 47' lang='grc' dir='ltr'>ἠὼ</span> <span class='ocrx_word' id='word_1_208' title='bbox 264 1802 302 1818; x_wconf 46' lang='lat'>”²</span> <span class='ocrx_word' id='word_1_209' title='bbox 336 1810 342 1817; x_wconf 53' lang='lat'>⁸</span> <span class='ocrx_word' id='word_1_210' title='bbox 377 1827 450 1852; x_wconf 84' lang='lat' dir='ltr'>nec</span> <span class='ocrx_word' id='word_1_211' title='bbox 473 1811 566 1851; x_wconf 89' lang='lat' dir='ltr'>duci</span> <span class='ocrx_word' id='word_1_212' title='bbox 587 1810 749 1858; x_wconf 76' lang='lat' dir='ltr'>milites,</span> <span class='ocrx_word' id='word_1_213' title='bbox 779 1823 852 1849; x_wconf 89' lang='lat' dir='ltr'>nec</span> <span class='ocrx_word' id='word_1_214' title='bbox 875 1808 1069 1848; x_wconf 86' lang='lat' dir='ltr'>militibus</span> <span class='ocrx_word' id='word_1_215' title='bbox 1090 1808 1171 1847; x_wconf 82' lang='lat' dir='ltr'>dux</span> <span class='ocrx_word' id='word_1_216' title='bbox 1189 1805 1279 1846; x_wconf 86' lang='lat' dir='ltr'>satis</span> <span class='ocrx_word' id='word_1_217' title='bbox 1300 1805 1452 1844; x_wconf 86' lang='lat' dir='ltr'>fideret.</span> <span class='ocrx_word' id='word_1_218' title='bbox 1512 1802 1668 1841; x_wconf 85' lang='lat' dir='ltr'>Literas</span> 
     </span>
     <span class='ocr_line' id='line_1_28' title="bbox 378 1860 1671 1923; baseline -0.01 -13"><span class='ocrx_word' id='word_1_219' title='bbox 378 1871 427 1910; x_wconf 87' lang='lat' dir='ltr'>ad</span> <span class='ocrx_word' id='word_1_220' title='bbox 450 1870 644 1923; x_wconf 83' lang='lat' dir='ltr'>collegam</span> <span class='ocrx_word' id='word_1_221' title='bbox 667 1868 938 1908; x_wconf 72' lang='lat' dir='ltr'>arcefl&#39;endum</span> <span class='ocrx_word' id='word_1_222' title='bbox 968 1880 1017 1906; x_wconf 89' lang='lat' dir='ltr'>ex</span> <span class='ocrx_word' id='word_1_223' title='bbox 1043 1864 1209 1906; x_wconf 84' lang='lat' dir='ltr'>Samnio</span> <span class='ocrx_word' id='word_1_224' title='bbox 1232 1864 1374 1912; x_wconf 82' lang='lat' dir='ltr'>missas,</span> <span class='ocrx_word' id='word_1_225' title='bbox 1406 1862 1446 1900; x_wconf 87' lang='lat' dir='ltr'>in</span> <span class='ocrx_word' id='word_1_226' title='bbox 1469 1860 1581 1901; x_wconf 86' lang='lat' dir='ltr'>trinis</span> <span class='ocrx_word' id='word_1_227' title='bbox 1601 1874 1671 1899; x_wconf 87' lang='lat' dir='ltr'>an-</span> 
     </span>
     <span class='ocr_line' id='line_1_29' title="bbox 378 1924 1672 1979; baseline -0.009 -12"><span class='ocrx_word' id='word_1_228' title='bbox 378 1928 534 1967; x_wconf 85' lang='lat' dir='ltr'>nalibus</span> <span class='ocrx_word' id='word_1_229' title='bbox 558 1926 729 1966; x_wconf 87' lang='lat' dir='ltr'>invenio.</span> <span class='ocrx_word' id='word_1_230' title='bbox 763 1926 873 1979; x_wconf 85' lang='lat' dir='ltr'>piget</span> <span class='ocrx_word' id='word_1_231' title='bbox 892 1934 1027 1964; x_wconf 85' lang='lat' dir='ltr'>tamen</span> <span class='ocrx_word' id='word_1_232' title='bbox 1049 1924 1246 1962; x_wconf 88' lang='lat' dir='ltr'>incertum</span> <span class='ocrx_word' id='word_1_233' title='bbox 1264 1924 1325 1975; x_wconf 79' lang='lat'>(4)</span> <span class='ocrx_word' id='word_1_234' title='bbox 1347 1933 1512 1974; x_wconf 87' lang='lat' dir='ltr'>ponere,</span> <span class='ocrx_word' id='word_1_235' title='bbox 1544 1931 1672 1971; x_wconf 85' lang='lat' dir='ltr'>quum</span> 
     </span>
     <span class='ocr_line' id='line_1_30' title="bbox 378 1977 1673 2039; baseline -0.009 -14"><span class='ocrx_word' id='word_1_236' title='bbox 378 2001 426 2026; x_wconf 86' lang='lat' dir='ltr'>ea</span> <span class='ocrx_word' id='word_1_237' title='bbox 448 1985 526 2039; x_wconf 86' lang='lat' dir='ltr'>ipsa</span> <span class='ocrx_word' id='word_1_238' title='bbox 549 1986 653 2024; x_wconf 83' lang='lat' dir='ltr'>inter</span> <span class='ocrx_word' id='word_1_239' title='bbox 672 1983 852 2023; x_wconf 87' lang='lat' dir='ltr'>consules</span> <span class='ocrx_word' id='word_1_240' title='bbox 873 1982 1010 2036; x_wconf 87' lang='lat' dir='ltr'>populi</span> <span class='ocrx_word' id='word_1_241' title='bbox 1029 1980 1219 2028; x_wconf 87' lang='lat' dir='ltr'>Romani,</span> <span class='ocrx_word' id='word_1_242' title='bbox 1247 1980 1332 2034; x_wconf 86' lang='lat' dir='ltr'>jam</span> <span class='ocrx_word' id='word_1_243' title='bbox 1353 1980 1500 2017; x_wconf 88' lang='lat' dir='ltr'>iterum</span> <span class='ocrx_word' id='word_1_244' title='bbox 1529 1977 1673 2015; x_wconf 85' lang='lat' dir='ltr'>eodem</span> 
     </span>
     <span class='ocr_line' id='line_1_31' title="bbox 380 2034 1674 2096; baseline -0.009 -13"><span class='ocrx_word' id='word_1_245' title='bbox 380 2044 532 2084; x_wconf 86' lang='lat' dir='ltr'>honore</span> <span class='ocrx_word' id='word_1_246' title='bbox 565 2042 795 2096; x_wconf 82' lang='lat' dir='ltr'>fungentes,</span> <span class='ocrx_word' id='word_1_247' title='bbox 840 2039 1074 2093; x_wconf 78' lang='lat' dir='ltr'>discrepatio</span> <span class='ocrx_word' id='word_1_248' title='bbox 1110 2037 1255 2079; x_wconf 84' lang='lat' dir='ltr'>fuerit:</span> <span class='ocrx_word' id='word_1_249' title='bbox 1304 2036 1438 2089; x_wconf 87' lang='lat' dir='ltr'>Appio</span> <span class='ocrx_word' id='word_1_250' title='bbox 1475 2034 1674 2073; x_wconf 87' lang='lat' dir='ltr'>abnuente</span> 
     </span>
     <span class='ocr_line' id='line_1_32' title="bbox 381 2092 1675 2149; baseline -0.009 -8"><span class='ocrx_word' id='word_1_251' title='bbox 381 2102 537 2148; x_wconf 77' lang='lat' dir='ltr'>mifl&#39;a83</span> <span class='ocrx_word' id='word_1_252' title='bbox 571 2100 794 2140; x_wconf 85' lang='lat' dir='ltr'>Volumnio</span> <span class='ocrx_word' id='word_1_253' title='bbox 831 2098 1068 2145; x_wconf 82' lang='lat' dir='ltr'>affirmante,</span> <span class='ocrx_word' id='word_1_254' title='bbox 1102 2095 1224 2149; x_wconf 80' lang='lat' dir='ltr'>Appii</span> <span class='ocrx_word' id='word_1_255' title='bbox 1257 2094 1295 2133; x_wconf 92' lang='lat' dir='ltr'>se</span> <span class='ocrx_word' id='word_1_256' title='bbox 1329 2093 1452 2133; x_wconf 80' lang='lat' dir='ltr'>literis</span> <span class='ocrx_word' id='word_1_257' title='bbox 1487 2092 1675 2132; x_wconf 83' lang='lat' dir='ltr'>accitum.</span> 
     </span>
     <span class='ocr_line' id='line_1_33' title="bbox 381 2149 1677 2212; baseline -0.008 -14"><span class='ocrx_word' id='word_1_258' title='bbox 381 2160 473 2212; x_wconf 74' lang='lat' dir='ltr'>jam</span> <span class='ocrx_word' id='word_1_259' title='bbox 495 2157 743 2200; x_wconf 84' lang='lat' dir='ltr'>Volumnius</span> <span class='ocrx_word' id='word_1_260' title='bbox 779 2157 818 2194; x_wconf 88' lang='lat' dir='ltr'>in</span> <span class='ocrx_word' id='word_1_261' title='bbox 852 2155 1017 2195; x_wconf 82' lang='lat' dir='ltr'>Samnio</span> <span class='ocrx_word' id='word_1_262' title='bbox 1037 2153 1111 2192; x_wconf 82' lang='lat' dir='ltr'>tria</span> <span class='ocrx_word' id='word_1_263' title='bbox 1133 2153 1290 2193; x_wconf 83' lang='lat' dir='ltr'>castella</span> <span class='ocrx_word' id='word_1_264' title='bbox 1321 2160 1494 2205; x_wconf 67' lang='lat' dir='ltr'>ceperat,</span> <span class='ocrx_word' id='word_1_265' title='bbox 1525 2149 1566 2188; x_wconf 89' lang='lat' dir='ltr'>in</span> <span class='ocrx_word' id='word_1_266' title='bbox 1587 2149 1677 2202; x_wconf 91' lang='lat' dir='ltr'>qui-</span> 
     </span>
     <span class='ocr_line' id='line_1_34' title="bbox 382 2204 1675 2258; baseline -0.009 -2"><span class='ocrx_word' id='word_1_267' title='bbox 382 2218 458 2257; x_wconf 89' lang='lat' dir='ltr'>bus</span> <span class='ocrx_word' id='word_1_268' title='bbox 494 2217 543 2255; x_wconf 82' lang='lat' dir='ltr'>ad</span> <span class='ocrx_word' id='word_1_269' title='bbox 578 2215 652 2254; x_wconf 88' lang='lat' dir='ltr'>tria</span> <span class='ocrx_word' id='word_1_270' title='bbox 689 2214 812 2254; x_wconf 83' lang='lat' dir='ltr'>millia</span> <span class='ocrx_word' id='word_1_271' title='bbox 844 2212 1020 2253; x_wconf 87' lang='lat' dir='ltr'>hostium</span> <span class='ocrx_word' id='word_1_272' title='bbox 1053 2210 1149 2251; x_wconf 81' lang='lat' dir='ltr'>caesa</span> <span class='ocrx_word' id='word_1_273' title='bbox 1186 2220 1312 2258; x_wconf 84' lang='lat' dir='ltr'>erant,</span> <span class='ocrx_word' id='word_1_274' title='bbox 1345 2209 1558 2249; x_wconf 87' lang='lat' dir='ltr'>dimidium</span> <span class='ocrx_word' id='word_1_275' title='bbox 1590 2204 1675 2246; x_wconf 70' lang='lat' dir='ltr'>fere</span> 
     </span>
     <span class='ocr_line' id='line_1_35' title="bbox 386 2265 1676 2330; baseline -0.008 -16"><span class='ocrx_word' id='word_1_276' title='bbox 386 2276 471 2330; x_wconf 83' lang='lat' dir='ltr'>ejus</span> <span class='ocrx_word' id='word_1_277' title='bbox 496 2276 554 2329; x_wconf 77' lang='lat'>(5)</span> <span class='ocrx_word' id='word_1_278' title='bbox 578 2283 765 2327; x_wconf 79' lang='lat' dir='ltr'>captum:</span> <span class='ocrx_word' id='word_1_279' title='bbox 799 2274 840 2312; x_wconf 83' lang='lat'>&amp;</span> <span class='ocrx_word' id='word_1_280' title='bbox 867 2271 1128 2318; x_wconf 83' lang='lat' dir='ltr'>Lucanorum</span> <span class='ocrx_word' id='word_1_281' title='bbox 1149 2267 1378 2319; x_wconf 82' lang='lat' dir='ltr'>seditiones,</span> <span class='ocrx_word' id='word_1_282' title='bbox 1407 2281 1428 2307; x_wconf 85' lang='lat' dir='ltr'>a</span> <span class='ocrx_word' id='word_1_283' title='bbox 1449 2265 1613 2321; x_wconf 84' lang='lat' dir='ltr'>plebeiis</span> <span class='ocrx_word' id='word_1_284' title='bbox 1639 2266 1676 2304; x_wconf 69' lang='lat' dir='ltr'>Sc</span> 
     </span>
     <span class='ocr_line' id='line_1_36' title="bbox 1464 2323 1676 2379; baseline -0.005 -16"><span class='ocrx_word' id='word_1_285' title='bbox 1464 2323 1676 2379; x_wconf 83' lang='lat' dir='ltr'>egentibus</span> 
     </span>
    </p>
   </div>
   <div class='ocr_carea' id='block_1_3' title="bbox 388 2438 1685 2786">
    <p class='ocr_par' dir='ltr' id='par_1_4' title="bbox 388 2438 1685 2758">
     <span class='ocr_line' id='line_1_37' title="bbox 435 2438 1682 2489; baseline -0.008 -9"><span class='ocrx_word' id='word_1_286' title='bbox 435 2451 470 2480; x_wconf 84' lang='lat' dir='ltr'>C.</span> <span class='ocrx_word' id='word_1_287' title='bbox 490 2449 538 2480; x_wconf 85' lang='lat'>18.</span> <span class='ocrx_word' id='word_1_288' title='bbox 562 2448 617 2489; x_wconf 57' lang='grc' dir='ltr'>(ξ)</span> <span class='ocrx_word' id='word_1_289' title='bbox 639 2447 826 2479; x_wconf 77' lang='lat' dir='ltr'>Verifimilis</span> <span class='ocrx_word' id='word_1_290' title='bbox 842 2446 886 2478; x_wconf 83' lang='lat' dir='ltr'>est</span> <span class='ocrx_word' id='word_1_291' title='bbox 902 2446 1089 2487; x_wconf 61' lang='lat' dir='ltr'>conjectura</span> <span class='ocrx_word' id='word_1_292' title='bbox 1106 2443 1277 2479; x_wconf 79' lang='lat' dir='ltr'>Gronovii,</span> <span class='ocrx_word' id='word_1_293' title='bbox 1302 2442 1357 2484; x_wconf 85' lang='lat' dir='ltr'>qui</span> <span class='ocrx_word' id='word_1_294' title='bbox 1385 2442 1555 2484; x_wconf 78' lang='lat' dir='ltr'>legendum</span> <span class='ocrx_word' id='word_1_295' title='bbox 1581 2438 1682 2471; x_wconf 71' lang='lat' dir='ltr'>existi-</span> 
     </span>
     <span class='ocr_line' id='line_1_38' title="bbox 389 2485 1679 2537; baseline -0.009 -11"><span class='ocrx_word' id='word_1_296' title='bbox 389 2503 454 2526; x_wconf 83' lang='lat' dir='ltr'>mat</span> <span class='ocrx_word' id='word_1_297' title='bbox 474 2497 568 2537; x_wconf 52' lang='lat' dir='ltr'>Quum</span> <span class='ocrx_word' id='word_1_298' title='bbox 579 2501 754 2535; x_wconf 57' lang='lat' dir='ltr'>gerrreuMcr,</span> <span class='ocrx_word' id='word_1_299' title='bbox 776 2493 830 2523; x_wconf 72' lang='lat' dir='ltr'>vel</span> <span class='ocrx_word' id='word_1_300' title='bbox 842 2494 917 2522; x_wconf 78' lang='lat' dir='ltr'>Dum</span> <span class='ocrx_word' id='word_1_301' title='bbox 928 2499 1078 2534; x_wconf 68' lang='lat' dir='ltr'>gertnslur.</span> <span class='ocrx_word' id='word_1_302' title='bbox 1125 2492 1178 2531; x_wconf 79' lang='lat'>(2)</span> <span class='ocrx_word' id='word_1_303' title='bbox 1202 2489 1220 2519; x_wconf 84' lang='lat' dir='ltr'>i.</span> <span class='ocrx_word' id='word_1_304' title='bbox 1237 2501 1262 2520; x_wconf 81' lang='lat' dir='ltr'>c.</span> <span class='ocrx_word' id='word_1_305' title='bbox 1282 2488 1372 2519; x_wconf 83' lang='lat' dir='ltr'>firnul</span> <span class='ocrx_word' id='word_1_306' title='bbox 1389 2498 1499 2518; x_wconf 76' lang='lat' dir='ltr'>onmes</span> <span class='ocrx_word' id='word_1_307' title='bbox 1514 2485 1679 2528; x_wconf 39' lang='lat' dir='ltr'>jusi-eraut.</span> 
     </span>
     <span class='ocr_line' id='line_1_39' title="bbox 388 2530 1681 2585; baseline -0.009 -15"><span class='ocrx_word' id='word_1_308' title='bbox 388 2541 445 2580; x_wconf 75' lang='lat'>(3)</span> <span class='ocrx_word' id='word_1_309' title='bbox 469 2540 503 2569; x_wconf 79' lang='lat' dir='ltr'>h.</span> <span class='ocrx_word' id='word_1_310' title='bbox 517 2551 545 2569; x_wconf 74' lang='lat' dir='ltr'>e.</span> <span class='ocrx_word' id='word_1_311' title='bbox 571 2539 605 2569; x_wconf 86' lang='lat' dir='ltr'>id</span> <span class='ocrx_word' id='word_1_312' title='bbox 625 2539 724 2585; x_wconf 78' lang='lat' dir='ltr'>magis</span> <span class='ocrx_word' id='word_1_313' title='bbox 742 2538 877 2579; x_wconf 81' lang='lat' dir='ltr'>profuit,</span> <span class='ocrx_word' id='word_1_314' title='bbox 899 2537 988 2577; x_wconf 77' lang='lat' dir='ltr'>quod</span> <span class='ocrx_word' id='word_1_315' title='bbox 1006 2536 1050 2566; x_wconf 77' lang='lat' dir='ltr'>ita</span> <span class='ocrx_word' id='word_1_316' title='bbox 1067 2542 1285 2572; x_wconf 75' lang='lat' dir='ltr'>maturaverat</span> <span class='ocrx_word' id='word_1_317' title='bbox 1309 2534 1485 2564; x_wconf 76' lang='lat' dir='ltr'>adventum</span> <span class='ocrx_word' id='word_1_318' title='bbox 1501 2530 1622 2566; x_wconf 85' lang='lat' dir='ltr'>consul,</span> <span class='ocrx_word' id='word_1_319' title='bbox 1645 2537 1681 2560; x_wconf 88' lang='lat' dir='ltr'>ut</span> 
     </span>
     <span class='ocr_line' id='line_1_40' title="bbox 389 2576 1677 2624; baseline -0.008 -10"><span class='ocrx_word' id='word_1_320' title='bbox 389 2597 431 2624; x_wconf 68' lang='lat' dir='ltr'>int</span> <span class='ocrx_word' id='word_1_321' title='bbox 443 2592 493 2614; x_wconf 86' lang='lat' dir='ltr'>tus</span> <span class='ocrx_word' id='word_1_322' title='bbox 511 2585 568 2614; x_wconf 66' lang='grc' dir='ltr'>ὅτε.</span> <span class='ocrx_word' id='word_1_323' title='bbox 586 2584 683 2624; x_wconf 69' lang='lat' dir='ltr'>quarn</span> <span class='ocrx_word' id='word_1_324' title='bbox 700 2584 790 2624; x_wconf 76' lang='lat' dir='ltr'>quod</span> <span class='ocrx_word' id='word_1_325' title='bbox 806 2583 865 2613; x_wconf 66' lang='grc' dir='ltr'>ὅτε.</span> <span class='ocrx_word' id='word_1_326' title='bbox 912 2583 964 2622; x_wconf 86' lang='lat'>(4)</span> <span class='ocrx_word' id='word_1_327' title='bbox 983 2583 1046 2612; x_wconf 82' lang='lat' dir='ltr'>Pro</span> <span class='ocrx_word' id='word_1_328' title='bbox 1060 2588 1149 2611; x_wconf 82' lang='lat' dir='ltr'>certo</span> <span class='ocrx_word' id='word_1_329' title='bbox 1165 2578 1323 2610; x_wconf 79' lang='lat' dir='ltr'>affirmare</span> <span class='ocrx_word' id='word_1_330' title='bbox 1340 2577 1384 2615; x_wconf 91' lang='lat' dir='ltr'>id,</span> <span class='ocrx_word' id='word_1_331' title='bbox 1406 2578 1495 2618; x_wconf 89' lang='lat' dir='ltr'>quod</span> <span class='ocrx_word' id='word_1_332' title='bbox 1515 2576 1677 2606; x_wconf 75' lang='lat' dir='ltr'>incertum</span> 
     </span>
     <span class='ocr_line' id='line_1_41' title="bbox 389 2620 1684 2669; baseline -0.008 -10"><span class='ocrx_word' id='word_1_333' title='bbox 389 2630 441 2659; x_wconf 68' lang='lat' dir='ltr'>(st.</span> <span class='ocrx_word' id='word_1_334' title='bbox 487 2629 590 2669; x_wconf 42' lang='lat' dir='ltr'>Supra</span> <span class='ocrx_word' id='word_1_335' title='bbox 618 2640 643 2659; x_wconf 75' lang='lat' dir='ltr'>c.</span> <span class='ocrx_word' id='word_1_336' title='bbox 670 2638 698 2669; x_wconf 89' lang='lat'>9.</span> <span class='ocrx_word' id='word_1_337' title='bbox 721 2627 801 2658; x_wconf 76' lang='lat' dir='ltr'>dixit</span> <span class='ocrx_word' id='word_1_338' title='bbox 814 2636 869 2669; x_wconf 71' lang='lat' dir='ltr'>pro</span> <span class='ocrx_word' id='word_1_339' title='bbox 891 2634 962 2657; x_wconf 68' lang='lat' dir='ltr'><em>certo</em></span> <span class='ocrx_word' id='word_1_340' title='bbox 985 2634 1092 2669; x_wconf 62' lang='lat' dir='ltr'>ponere.</span> <span class='ocrx_word' id='word_1_341' title='bbox 1120 2625 1173 2656; x_wconf 76' lang='lat' dir='ltr'>sed</span> <span class='ocrx_word' id='word_1_342' title='bbox 1203 2620 1233 2654; x_wconf 62' lang='grc' dir='ltr'>δὲ</span> <span class='ocrx_word' id='word_1_343' title='bbox 1254 2621 1554 2666; x_wconf 72' lang='lat' dir='ltr'>ponereslmpliciter</span> <span class='ocrx_word' id='word_1_344' title='bbox 1571 2620 1684 2650; x_wconf 80' lang='lat' dir='ltr'>codem</span> 
     </span>
     <span class='ocr_line' id='line_1_42' title="bbox 393 2664 1684 2714; baseline -0.009 -10"><span class='ocrx_word' id='word_1_345' title='bbox 393 2673 479 2704; x_wconf 70' lang='lat' dir='ltr'>sensu</span> <span class='ocrx_word' id='word_1_346' title='bbox 494 2673 636 2704; x_wconf 81' lang='lat' dir='ltr'>occurrit</span> <span class='ocrx_word' id='word_1_347' title='bbox 653 2674 740 2714; x_wconf 75' lang='lat' dir='ltr'>apud</span> <span class='ocrx_word' id='word_1_348' title='bbox 756 2672 821 2703; x_wconf 87' lang='lat' dir='ltr'>Cic.</span> <span class='ocrx_word' id='word_1_349' title='bbox 837 2672 870 2702; x_wconf 89' lang='lat' dir='ltr'>in</span> <span class='ocrx_word' id='word_1_350' title='bbox 884 2674 978 2702; x_wconf 85' lang='lat' dir='ltr'>Orat.</span> <span class='ocrx_word' id='word_1_351' title='bbox 995 2682 1025 2702; x_wconf 86' lang='lat' dir='ltr'>n.</span> <span class='ocrx_word' id='word_1_352' title='bbox 1039 2681 1088 2707; x_wconf 61' lang='lat'>142</span> <span class='ocrx_word' id='word_1_353' title='bbox 1135 2671 1244 2712; x_wconf 81' lang='lat' dir='ltr'>Qare</span> <span class='ocrx_word' id='word_1_354' title='bbox 1259 2667 1424 2709; x_wconf 72' lang='lat' dir='ltr'>Crevierio</span> <span class='ocrx_word' id='word_1_355' title='bbox 1441 2667 1546 2698; x_wconf 78' lang='lat' dir='ltr'>minus</span> <span class='ocrx_word' id='word_1_356' title='bbox 1562 2664 1684 2695; x_wconf 88' lang='lat' dir='ltr'>auscul-</span> 
     </span>
     <span class='ocr_line' id='line_1_43' title="bbox 395 2710 1685 2758; baseline -0.005 -9"><span class='ocrx_word' id='word_1_357' title='bbox 395 2719 529 2750; x_wconf 49' lang='lat' dir='ltr'>fandum</span> <span class='ocrx_word' id='word_1_358' title='bbox 558 2718 680 2751; x_wconf 72' lang='lat' dir='ltr'>censto.</span> <span class='ocrx_word' id='word_1_359' title='bbox 717 2717 912 2755; x_wconf 63' lang='lat' dir='ltr'>&lt;onice‘tanti</span> <span class='ocrx_word' id='word_1_360' title='bbox 946 2715 998 2748; x_wconf 80' lang='lat' dir='ltr'>hic</span> <span class='ocrx_word' id='word_1_361' title='bbox 1031 2716 1200 2758; x_wconf 78' lang='lat' dir='ltr'>legendum</span> <span class='ocrx_word' id='word_1_362' title='bbox 1229 2721 1330 2746; x_wconf 71' lang='lat' dir='ltr'>certum</span> <span class='ocrx_word' id='word_1_363' title='bbox 1350 2721 1461 2755; x_wconf 55' lang='lat' dir='ltr'>ponera</span> <span class='ocrx_word' id='word_1_364' title='bbox 1481 2713 1515 2748; x_wconf 84' lang='lat' dir='ltr'>E-</span> <span class='ocrx_word' id='word_1_365' title='bbox 1561 2710 1615 2749; x_wconf 82' lang='grc'>(5)</span> <span class='ocrx_word' id='word_1_366' title='bbox 1639 2710 1685 2738; x_wconf 72' lang='lat' dir='ltr'>St*-</span> 
     </span>
    </p>

    <p class='ocr_par' dir='ltr' id='par_1_5' title="bbox 1548 2764 1682 2786">
     <span class='ocr_line' id='line_1_44' title="bbox 1548 2764 1682 2786; baseline -0.022 -1"><span class='ocrx_word' id='word_1_367' title='bbox 1548 2764 1682 2786; x_wconf 58' lang='lat' dir='ltr'>numeri.</span> 
     </span>
    </p>
   </div>
  </div>
 </body>
</html>
