1853 3158
181 306 258 337 &02

186 542 220 573 T.
235 543 368 572 swanlins

183 591 311 618 dxciclor.

183 634 221 661 U.
239 645 268 663 c.
286 642 362 671 407.

181 681 223 708 A.
242 679 276 709 C.
295 688 367 716 345.

183 724 232 751 M.
244 723 386 759 Valerio,

183 768 232 796 M.
245 767 384 808 Popillio

182 813 234 842 IV.
255 813 337 845 Coss'.

184 1829 278 1855 fioedxs
294 1834 352 1852 cum

184 1869 378 1909 Karthagini·

183 1915 294 1955 ossibus.

186 1960 226 1988 U.
243 1969 268 1987 c.
286 1956 362 1994 408.

186 2006 227 2033 A.
242 2003 280 2033 C.
300 2012 373 2041 344.

185 2049 229 2079 T.
248 2047 387 2081 Manlio,

189 2094 229 2123 C.
249 2091 377 2123 Plautio

192 2137 273 2170 Coffi

856 296 909 341 T,
969 298 1225 345 LIVII

402 425 515 453 mum
551 424 707 464 curare,
738 426 832 454 cum
868 422 1036 468 praetore
1066 417 1200 471 junxit
1234 415 1369 456 castra.
1403 415 1474 467 ibi,
1507 417 1600 471 quia
1632 431 1695 460 res

401 471 504 510 trahi
541 471 706 526 segnitia
744 472 984 512 Graecorum
1021 488 1101 513 non
1138 481 1162 527 †
1197 475 1537 516 committentium
1579 475 1616 514 se
1655 475 1697 515 in

403 530 529 568 aciem
550 529 803 580 videbantur,
827 529 1063 571 dictatorem
1086 532 1341 571 comitiorum
1364 533 1482 572 causa
1501 533 1554 571 T.
1577 533 1698 572 Man-

403 587 504 625 lium
525 587 781 640 Torquatum
804 601 852 626 ex
873 588 1109 628 auctoritate
1132 589 1291 629 senatus
1320 590 1433 629 dixit.
1493 590 1699 638 DiCtator,

404 644 592 699 magistro
614 645 797 698 equitum
828 646 876 685 A.
902 646 1090 686 Cornelio
1112 647 1229 687 Coffo
1262 647 1386 695 dioto,
1418 647 1580 687 comitia
1601 661 1699 686 con-

404 702 545 742 sularia
564 702 719 751 habuit,
751 704 1022 755 aemulumque
1044 704 1197 744 decoris
1219 703 1276 742 sui
1299 704 1499 749 absentem
1527 704 1593 744 M.
1617 705 1702 744 Va-

404 761 550 800 lerium
588 764 649 815 (5)
686 761 863 800 Corvum
888 763 927 814 (†
960 762 1000 801 id
1033 762 1140 800 enim
1177 761 1231 800 illi
1267 761 1410 802 deinde
1447 760 1700 816 cognominis

403 818 501 871 fuit)
522 818 678 857 summo
700 817 835 858 favore
855 819 1009 872 populi,
1042 829 1119 857 tres
1145 822 1184 858 &
1206 819 1347 872 viginti
1382 829 1522 858 natum
1559 833 1700 867 annos,

404 875 608 915 consulem
630 876 891 916 renunciavit.
924 877 1075 929 collega
1097 876 1231 916 Corvo
1266 877 1313 914 de
1341 876 1456 929 plebe
1478 877 1541 916 M.
1565 877 1703 929 Popil-

404 933 482 974 lius
518 934 661 973 Laenas
703 932 894 986 quartum
933 933 1071 973 consul
1108 932 1270 973 futurus
1307 934 1422 974 datus
1457 933 1526 973 est.
1590 935 1701 974 Cum

404 991 563 1031 Graecis
585 1006 606 1030 a
629 991 802 1031 Camillo
834 992 942 1030 nulla
978 990 1248 1030 memorabilis
1279 991 1387 1045 gesta
1421 1005 1506 1032 res:
1537 1004 1610 1030 nec
1644 991 1701 1030 illi

404 1050 526 1097 terra,
547 1062 621 1087 nec
645 1048 857 1087 Romanus
879 1048 977 1086 mari
997 1048 1163 1087 bellator
1184 1057 1281 1087 erat.
1326 1046 1549 1098 Postremo,
1572 1061 1700 1101 quum

403 1105 587 1145 litoribus
621 1112 869 1152 arcerentur,
900 1105 1003 1156 aqua
1035 1106 1155 1144 etiam
1177 1116 1319 1158 praeter
1341 1116 1470 1149 cetera
1493 1105 1703 1150 necess'aria

404 1162 493 1202 usui
515 1160 742 1208 deficiente,
773 1160 931 1202 Italiam
958 1161 1166 1213 reliquere.
1229 1164 1359 1217 Cujus
1380 1164 1518 1217 populi
1540 1177 1599 1212 ea,
1632 1177 1703 1203 cu-

405 1220 546 1273 jusque
581 1218 712 1273 gentis
743 1217 867 1257 claffis
901 1216 1038 1266 fuerit,
1068 1217 1168 1257 nihil
1190 1221 1287 1258 certi
1307 1220 1374 1259 est.
1408 1220 1580 1260 maxime
1602 1220 1705 1260 Sici-

400 1271 468 1317 liae
490 1277 602 1316 fuiffe
624 1285 814 1330 tyrannos
837 1275 1089 1315 crediderim.
1121 1289 1214 1313 nam
1250 1277 1413 1317 ulterior
1447 1278 1625 1328 Graecia,
1657 1276 1704 1317 ea

405 1334 641 1388 tempestate
663 1332 850 1373 intestino
870 1331 963 1376 feffa
984 1332 1103 1381 bello,
1131 1334 1216 1387 jam
1235 1335 1294 1387 (6)
1314 1333 1586 1374 Macedonum
1608 1349 1704 1388 opes

404 1391 606 1432 horrebat.

464 1449 644 1489 XXVII.
676 1447 928 1488 Exercitibus
967 1447 1148 1500 dimiffis,
1180 1462 1306 1501 quum
1344 1452 1384 1489 δε
1419 1448 1517 1490 foris
1552 1463 1627 1502 pax
1661 1451 1702 1490 ὅτ

406 1507 517 1547 dorni
539 1505 756 1547 concordia
774 1506 963 1545 ordinum
985 1505 1115 1544 otium
1137 1507 1243 1554 effet,
1275 1521 1325 1546 ne
1359 1507 1477 1545 nimis
1508 1508 1609 1546 laetae
1641 1520 1704 1546 res

405 1566 543 1613 essent,
574 1563 796 1617 pestilentia
829 1564 1030 1604 civitatem
1062 1564 1200 1603 adorta
1228 1564 1360 1618 coegit
1379 1563 1559 1603 senatum
1581 1563 1707 1617 impe-

405 1636 493 1663 rare
535 1621 777 1662 decemviris*
813 1624 890 1676 (ι),
936 1631 980 1660 ut
1020 1619 1141 1660 libros
1182 1621 1397 1675 Sibyllinos
1439 1621 1704 1674 inspicerent3

406 1693 629 1732 eorumque
665 1679 824 1719 monitu
864 1685 888 1730 †
924 1678 1216 1719 leeristernium
1255 1678 1344 1718 fuit.
1406 1679 1559 1718 Eodem
1601 1693 1706 1726 anno

404 1737 609 1777 Satricum
645 1736 693 1775 ab
735 1735 968 1775 Antiatibus
1008 1736 1166 1775 colonia
1212 1736 1401 1784 (lamera,
1445 1736 1704 1788 restitutaque

406 1795 519 1844 urbs,
551 1796 613 1849 (2)
635 1807 758 1846 quam
778 1793 912 1832 Latini
930 1793 1146 1835 diruerant.
1181 1796 1222 1834 δε
1245 1808 1337 1833 cum
1365 1793 1706 1848 Karthaginiensi-

404 1852 480 1892 bus
496 1851 636 1906 legatis
655 1852 801 1891 Romae
823 1850 958 1890 foedus
978 1849 1124 1899 icium,
1141 1865 1268 1903 quum
1286 1850 1502 1890 amicitiam
1520 1865 1564 1890 ac
1585 1851 1707 1892 socie-

405 1919 530 1950 tatem
571 1917 752 1962 petentes
791 1908 995 1947 venissent.
1056 1908 1170 1947 Idem
1209 1909 1337 1947 otium
1378 1908 1489 1947 domi
1529 1907 1705 1962 forisque

406 1967 549 2007 mansit
588 1966 640 2006 T.
684 1965 842 2005 Manlio
883 1966 1111 2018 Torquato,
1155 1965 1203 2005 C.
1244 1965 1403 2011 Plautio
1449 1966 1705 2007 consulibus:

407 2028 469 2079 (3)
489 2023 801 2064 semunciarium
823 2021 983 2062 tantum
1003 2037 1051 2062 ex
1081 2022 1426 2068 unciariofoenus
1458 2022 1628 2072 fanum,
1664 2027 1702 2064 &

407 2085 470 2136 (4)
509 2083 548 2121 in
585 2081 792 2140 penfiones
826 2095 960 2134 aequas
995 2080 1171 2129 triennii,
1203 2080 1256 2127 ita
1293 2090 1337 2119 ut
1373 2090 1512 2134 quarta
1533 2082 1704 2136 praesens

1595 2140 1705 2191 efl'et,

409 2257 511 2294 cibus,
531 2258 755 2296 marefhperum.
802 2254 911 2285 Volsci
926 2253 1012 2286 enim
1028 2256 1068 2286 ad
1084 2254 1236 2291 inferum,
1258 2254 1360 2299 Apuli
1377 2256 1418 2287 ad
1440 2255 1591 2297 superum
1616 2267 1704 2288 mare

409 2303 492 2332 sunt.
540 2302 596 2340 (5)
618 2300 685 2330 Alii
702 2300 817 2330 volunt
845 2301 1015 2334 Corvinz1m;
1043 2300 1316 2340 quemadmodum
1333 2297 1420 2341 apud
1438 2301 1579 2332 Gellium
1595 2303 1705 2343 appel-

409 2347 494 2377 latus
520 2345 564 2376 est
588 2345 612 2376 1.
630 2355 658 2385 9.
678 2355 703 2375 c.
723 2354 772 2375 11.
796 2344 849 2375 sed
875 2352 989 2375 contra
1017 2344 1112 2375 fidem
1141 2344 1297 2376 codicum.
1344 2347 1383 2376 Et
1414 2354 1448 2376 ut
1477 2348 1577 2383 Albus,
1599 2349 1704 2387 Rufus,

411 2391 652 2432 Craffits‚Luscus‚
661 2391 782 2431 Longus,
794 2388 985 2430 cognomina
995 2389 1134 2430 primum
1148 2389 1280 2420 inventa
1291 2390 1374 2425 sunt,
1386 2390 1455 2431 post
1465 2399 1571 2421 autem
1579 2393 1708 2429 Albinus,

409 2431 538 2478 Rzfinus,
563 2436 712 2477 Craffinus,
734 2436 881 2474 Lzfiinus,
895 2435 1039 2475 Longinus
1055 2434 1221 2466 subsecuta
1237 2435 1328 2465 sunt:
1355 2435 1405 2471 fic,
1421 2435 1476 2476 qui
1494 2436 1617 2476 primus
1634 2447 1706 2477 cog-

409 2491 529 2511 nomen
556 2479 619 2509 hoc
647 2478 734 2516 tulit,
759 2480 877 2516 Corvus,
900 2478 1018 2519 posteri
1037 2480 1155 2509 Corvini
1171 2479 1325 2520 appellati
1342 2480 1423 2510 sunt.
1469 2482 1522 2521 (6)
1547 2482 1618 2512 Hoc
1636 2481 1704 2522 ipso

410 2532 558 2566 tempore
572 2523 743 2565 Philippus
758 2523 938 2554 Alexandri
956 2523 1071 2565 Magni
1087 2531 1180 2565 pater
1197 2524 1378 2566 Olynthum
1395 2525 1606 2566 expugnabat.

429 2593 434 2596 “
456 2588 491 2618 C.
513 2596 567 2626 27.
591 2585 647 2628 (1)
671 2587 761 2629 Qos
777 2586 850 2617 loco
863 2586 1039 2618 duumvirfim
1055 2594 1180 2618 creatos
1193 2587 1253 2618 effe
1269 2587 1365 2628 supra
1379 2587 1489 2618 retulit
1505 2587 1616 2618 Livius
1633 2587 1652 2617 l.
1670 2587 1703 2618 6.

410 2643 436 2662 c.
455 2640 495 2670 37
514 2631 545 2662 ὃς
563 2640 615 2670 43.
660 2631 716 2672 (2)
740 2630 805 2662 vid
821 2631 917 2673 supra
934 2632 952 2661 l.
977 2631 1004 2662 6.
1024 2643 1051 2662 c.
1069 2641 1119 2671 33.
1165 2632 1219 2673 (3)
1244 2634 1288 2662 Ut
1315 2643 1375 2673 pro
1401 2631 1541 2663 centenis
1563 2632 1701 2662 nummis

409 2675 561 2713 dimidius
588 2686 738 2707 nummus
764 2675 797 2706 in
823 2676 961 2718 singulos
988 2687 1088 2707 annos
1115 2678 1320 2717 penderetur.
1336 2676 1400 2707 vid.
1417 2684 1482 2707 not.
1501 2686 1527 2706 1.
1543 2677 1583 2706 ad
1599 2687 1624 2706 c.
1646 2685 1699 2714 17.

410 2717 515 2763 (upra.
560 2720 615 2763 (4)
638 2721 763 2752 Totum
779 2731 819 2753 aes
836 2721 976 2753 alienum
994 2729 1133 2762 quatuor
1151 2721 1355 2763 pensionibus
1371 2721 1448 2753 solvi
1463 2720 1578 2762 jussum
1591 2720 1642 2759 est,
1658 2721 1703 2752 ita

424 2765 429 2773 ‘
473 2767 476 2770 ’
651 2772 654 2773 ’
1665 2773 1700 2799 ut
