1905 3168
203 302 262 341 94

206 715 358 755 ‘Tarquinii

202 761 298 789 hellam
314 761 389 789 moli-

203 811 295 834 untur.

882 288 932 328 T.
992 287 1247 331 LIVII

423 397 598 440 tractum
618 399 750 441 abillo
772 410 914 454 putant
930 417 953 452 ;v
975 401 1165 443 Vindicio
1187 403 1254 456 ipsi
1269 415 1415 443 nomen
1434 402 1558 444 fuiffe.
1619 401 1711 445 Post

423 457 536 496 illum
556 458 822 508 observatum,
854 468 912 507 ut,
944 459 1013 513 qui
1034 459 1087 499 ita
1109 462 1198 514 (10)
1220 460 1372 501 liberati
1389 461 1525 512 effent,
1556 461 1596 500 in
1617 462 1715 502 civi·

423 524 545 554 tatem
568 515 719 569 accepti
741 516 981 556 viderentur.

480 570 555 611 VI.
587 572 682 623 His,
715 573 811 612 sicut
827 573 915 613 atita
936 584 1064 625 erant,
1096 575 1310 624 nunciatis,
1341 575 1714 628 incensusTarqui-

421 629 511 669 nius
533 643 613 669 non
636 630 772 670 dolore
794 628 922 670 solum
939 642 1060 672 tantae
1081 633 1129 672 ad
1151 633 1308 672 irritum
1329 634 1507 674 c'adentis
1529 633 1622 687 spei,
1645 632 1710 673 sed

422 687 542 726 etiam
577 687 670 727 odio
704 687 854 742 iraque,
888 689 1099 743 postquam
1120 691 1212 730 dolo
1234 690 1338 729 viam
1370 689 1574 743 obseptam
1595 690 1714 741 vidit,

420 744 571 784 bellum
593 749 729 798 aperte
749 746 998 786 moliendum
1019 758 1141 796 ratus,
1174 746 1385 787 circumire
1407 747 1569 801 supplex
1591 747 1713 787 Etru-

420 802 489 842 riae
512 802 654 842 urbes·
645 819 657 851 ;
689 817 800 843 orare
821 805 998 843 maxime
1017 805 1211 858 Vejentes
1231 804 1638 858 Tarquiniensesque,
1669 820 1714 843 ne

423 862 481 913 (1)
502 860 546 914 se
565 876 594 899 01
596 869 699 909 tum,
719 862 881 919 cqudem
902 863 1114 927 sanguinis,
1145 870 1246 901 extot
1248 877 1324 900 rem
1354 871 1511 915 egentem
1530 878 1573 902 ex
1610 871 1711 901 tanto

421 916 520 957 mod&
551 933 673 971 regffno
703 934 783 957 cum
815 919 936 958 liberis
955 919 1226 973 adolescentibus
1245 928 1330 958 ante
1349 920 1462 958 oculos
1486 920 1572 974 suos
1585 920 1714 972 perire

403 973 500 1028 stne}
502 984 583 1014 ent.
644 976 748 1015 Alios
761 986 914 1030 peregre
933 978 971 1015 in
992 992 1145 1030 regnum
1162 978 1320 1016 Romam
1340 979 1498 1016 accitos:
1517 978 1561 1032 st
1576 992 1710 1031 regem,

420 1042 608 1087 augentem
629 1033 711 1072 bello
728 1034 938 1074 Romanum
960 1036 1170 1086 imperium,
1199 1050 1222 1074 α
1235 1035 1417 1087 proximis
1424 1035 1608 1088 scelerate?
1629 1049 1712 1074 con-

408 1092 601 1143 juratione
626 1091 783 1145 pulfitm.
821 1107 873 1131 eos
908 1093 1004 1131 inter
1025 1092 1084 1145 se,
1115 1093 1200 1145 quia
1221 1107 1320 1131 nemo
1352 1107 1447 1131 unus
1460 1092 1559 1146 satis
1578 1092 1713 1145 dignus

421 1163 528 1202 regno
548 1148 646 1202 visus
649 1147 722 1202 fit,
743 1157 873 1201 partes
894 1151 998 1203 regni
1018 1150 1170 1205 rapug'ffl’
1185 1172 1198 1195 ,·
1232 1151 1319 1189 bona
1332 1150 1406 1204 sua
1427 1150 1632 1202 diripienda
1644 1160 1711 1202 po·-

411 1206 499 1257 ptclo
533 1206 671 1261 dedffl,
700 1221 744 1244 ne
774 1208 857 1259 quis
890 1217 1015 1259 expers
1031 1207 1181 1260 sceleris
1212 1209 1301 1263 aeffi’t.
1363 1207 1539 1247 Patriam
1557 1208 1601 1261 se
1629 1222 1712 1260 reg-

421 1264 699 1317 numquefiusm
720 1273 889 1316 repetere,
925 1264 1153 1319 &persequi
1169 1266 1331 1318 ingratos
1350 1267 1447 1304 cives
1463 1265 1564 1304 velle.
1616 1264 1711 1303 Fer-

421 1329 502 1358 rent
531 1331 640 1373 opem,
670 1320 923 1375 αίῄιιυανεηΐ;
942 1323 1036 1376 ficas
1056 1338 1194 1375 quoque
1225 1331 1362 1361 veteres
1395 1324 1555 1377 injurias
1591 1322 1710 1361 ultum

418 1393 444 1416 ῃ
448 1386 530 1426 ent
561 1387 661 1416 totzes
694 1380 794 1432 cafizs
827 1380 992 1438 legiones,
1021 1395 1156 1432 agrum
1176 1380 1395 1432 ademptum
1455 1380 1557 1419 Haec
1575 1393 1712 1419 move-

418 1444 513 1474 runt
533 1435 749 1490 Vejentes:
781 1450 825 1475 ac
852 1451 923 1489 pro
953 1435 990 1475 se
1012 1436 1192 1489 quisque,
1226 1437 1417 1476 Romano
1439 1438 1575 1476 saltem
1593 1437 1711 1485 duce,

419 1492 662 1546 ignominias
682 1493 914 1543 demendas,
943 1493 1130 1546 belloque
1155 1494 1288 1533 amiss'a
1321 1495 1553 1547 repetenda,
1583 1494 1712 1534 mina-

419 1551 519 1590 citer
554 1550 748 1590 fremunt.
821 1551 1132 1604 Tarquinienses
1167 1554 1229 1605 (2)
1262 1566 1410 1592 nomen
1442 1566 1487 1592 ac
1524 1551 1711 1606 cognatio

418 1618 564 1647 movet.
598 1608 813 1662 pulchrum
850 1609 1074 1659 videbatur,
1106 1608 1196 1648 suos
1230 1609 1376 1649 Romae
1411 1623 1590 1664 regnare.
1650 1609 1712 1648 Ita

418 1666 500 1705 duo
519 1667 689 1705 duarum
712 1666 932 1706 civitatium
952 1667 1165 1715 exercitus,
1187 1668 1236 1706 ad
1257 1668 1519 1720 repetendum
1539 1681 1711 1721 regnum

416 1723 602 1776 belloque
650 1724 943 1776 persequendos
985 1724 1210 1774 Romanos,
1261 1724 1384 1765 secuti
1423 1725 1708 1777 Tarquinium,

416 1780 634 1833 Postquam
657 1782 697 1819 in
716 1796 856 1836 agrum
878 1782 1114 1821 Romanum
1136 1792 1300 1821 ventum
1324 1782 1393 1830 est,
1425 1781 1584 1821 obviam
1606 1781 1710 1821 hosti

417 1838 598 1878 consules
615 1849 726 1878 eunt.
785 1839 972 1878 Valerius
991 1840 1185 1904 quadrato
1202 1840 1360 1893 agmine
1377 1840 1553 1893 peditem
1575 1840 1711 1879 ducit:

416 1896 565 1935 Brutus
591 1897 639 1935 ad
660 1897 950 1950 explorandum
964 1912 1057 1937 cum
1078 1897 1259 1950 equitatu
1281 1897 1493 1937 antecessit.
1554 1897 1710 1936 Eodem

416 1954 538 1992 modo
573 1955 726 2007 primus
751 1955 809 2008 (3)
837 1968 960 2007 eques
989 1954 1164 1994 hostium
1200 1956 1369 2009 agminis
1404 1954 1709 2008 fuit3p1aeerat

417 2013 554 2051 Aruns
576 2012 842 2064 Tarquinius,
874 2012 980 2052 filius
1002 2012 1130 2067 regis:
1161 2026 1230 2051 rex
1252 2013 1333 2066 ipse
1368 2027 1461 2052 cum
1484 2011 1710 2066 legionibus

415 2068 665 2121 sequebatur.
709 2070 861 2120 Aruns,
902 2069 971 2109 ubi
1004 2084 1053 2109 ex
1088 2069 1297 2110 lictoribus
1331 2071 1470 2124 procul
1504 2069 1708 2109 consulem

414 2127 515 2174 effe3
549 2126 691 2165 deinde
709 2128 794 2180 jam
816 2126 982 2181 propius
1003 2142 1047 2167 ac
1063 2126 1212 2167 certius
1228 2127 1329 2178 facie
1350 2141 1510 2180 quoque
1533 2128 1707 2166 Brutum

415 2184 618 2237 cognovit,
651 2185 922 2224 inflammatus
939 2185 1013 2235 ira,
1046 2186 1112 2224 Ille
1131 2185 1177 2240 est
1195 2186 1273 2233 vir,
1306 2185 1450 2238 inquit,
1482 2186 1545 2237 qui
1565 2200 1626 2223 πω
1645 2200 1709 2223 ex-

414 2250 529 2280 2'977·es
565 2242 702 2294 expulit
724 2244 871 2294 patric'l‘.
934 2243 1024 2296 Ipse,
1055 2258 1113 2291 en,
1145 2243 1216 2291 ille,
1249 2242 1374 2298 nqstris
1394 2242 1579 2282 decoratus
1598 2241 1664 2295 2³13st
1687 2266 1707 2273 -

415 2300 534 2347 nibus,
566 2298 759 2354 magm'fice
792 2300 934 2340 incedit.
997 2300 1071 2339 Dii
1103 2316 1228 2353 regum
1262 2301 1393 2339 ultores
1412 2299 1535 2355 adeste.
1597 2299 1708 2339 Con-

416 2413 538 2445 solenni
554 2425 643 2445 more
661 2415 767 2446 servos
780 2415 1027 2447 manumittendi
1051 2415 1218 2447 consuiant
1250 2416 1370 2447 tirones
1387 2414 1550 2453 Rofinum,
1573 2423 1627 2446 aut
1645 2415 1705 2446 ali-

416 2469 470 2489 urn
487 2459 632 2500 quemvis
644 2461 683 2490 de
696 2460 795 2500 antiq.
812 2462 907 2490 Rom.
922 2461 1119 2502 scriptorem.
1167 2461 1244 2502 (10)
1267 2463 1372 2501 AEque
1385 2460 1454 2491 acii
1473 2460 1539 2500 qui,
1553 2471 1591 2491 ex
1604 2460 1704 2491 Servii

415 2503 570 2540 instituto,
595 2516 646 2544 pet
672 2507 770 2545 cerfian
787 2504 1118 2542 manumittebantur3
1142 2507 1229 2545 quod
1243 2506 1349 2543 fiebat,
1364 2516 1464 2546 quum
1481 2504 1561 2535 servi
1577 2515 1706 2542 nomen,

414 2548 632 2580 consentiente
645 2559 699 2580 aut
714 2550 846 2590 jubente
859 2550 1002 2587 domino,
1024 2550 1056 2580 in
1074 2550 1198 2581 tabulas
1215 2551 1326 2581 censfis
1337 2552 1519 2581 referretur.

461 2612 495 2641 C.
514 2610 541 2641 6.
560 2612 612 2652 (1)
638 2613 686 2641 Ne
701 2620 788 2642 ortum
805 2614 891 2652 exse,
915 2612 953 2642 sc.
969 2623 1007 2642 ex
1029 2612 1177 2644 Etruscis.
1224 2615 1259 2643 Se
1275 2613 1308 2643 in
1325 2613 1397 2644 casu
1414 2612 1500 2643 sexto
1516 2613 1565 2643 est.
1590 2611 1637 2643 Sic
1655 2614 1707 2644 su-

414 2660 474 2696 pra
499 2656 516 2686 1.
542 2665 566 2686 1.
584 2667 609 2686 c.
627 2657 835 2698 32.fili;?0rtus
851 2673 860 2690 ·‚
883 2657 913 2686 Se
930 2656 1007 2687 alibi
1024 2657 1113 2698 faepe.
1161 2659 1214 2698 (2)
1237 2657 1340 2688 Vid.l.
1359 2668 1420 2688 1.c.
1435 2667 1484 2695 34.
1531 2658 1582 2697 (3)
1608 2658 1707 2698 Equi-

414 2704 501 2730 tatus
516 2700 612 2730 ctiam
628 2700 661 2730 in
689 2701 824 2731 hostium
842 2700 966 2742 agmine
994 2701 1134 2742 primum
1151 2702 1258 2735 locum
1274 2701 1386 2735 tenuit-
1432 2703 1522 2744 Eques
1540 2712 1600 2744 pro
1617 2702 1707 2743 equi-

414 2752 483 2776 tatu
496 2745 627 2776 Tacitus
646 2746 786 2787 usurpat.
803 2749 888 2779 Ann.
910 2755 935 2776 1.
950 2745 999 2777 60.

1610 2791 1706 2831 citat
