1853 3158
166 254 216 284 10

850 238 1221 283 T.L1V11

384 358 514 397 nobiles
533 356 690 396 homines
719 359 779 411 (4)
808 358 846 396 in
869 356 1097 413 pffffionem
1125 357 1212 410 agri
1224 354 1363 407 publici
1378 353 1539 409 grcffzri
1552 371 1564 392 :
1596 368 1671 400 nee,

381 414 463 468 affl,
494 423 689 469 antequam
713 416 833 453 onmia
859 416 1077 468 praecipiant
1111 417 1188 468 (5),
1219 412 1300 451 divi
1316 426 1358 450 us
1374 410 1446 466 stt,
1476 411 1588 450 locum
1623 410 1673 449 ibi

373 472 580 528 plebifhre.
643 474 705 526 (6)
726 472 850 512 Haud
871 486 1018 527 magno
1043 486 1161 525 opere
1188 469 1344 524 plebem
1379 477 1599 516 moverant,
1633 469 1670 512 &

379 529 679 582 infrequentem
703 530 743 568 in
774 529 863 569 foro
891 539 1052 583 propter
1085 527 1311 569 aedificandi
1348 540 1504 576 curam,
1539 527 1577 565 &
1607 538 1674 563 eo-

381 588 473 626 dem
498 590 558 641 (7)
574 587 805 627 exhaustam
823 587 1021 641 impenfis,
1039 600 1167 640 eoque
1193 585 1276 640 agri
1299 585 1592 630 immemorem,
1623 582 1673 621 ad

381 659 503 697 quem
519 648 588 699 (8)
610 645 887 686 instruendum
908 645 1011 685 vires
1032 658 1113 684 non
1145 644 1279 683 effent.
1340 643 1387 681 In
1409 641 1567 681 civitate
1590 639 1675 692 ple-

381 703 433 742 na
455 703 712 757 religionum,
742 712 829 743 tum
863 702 984 742 etiam
1017 701 1064 742 ab
1097 701 1247 741 recenti
1270 701 1380 740 clade
1401 696 1673 752 superstitiosis

381 760 643 815 principibus,
675 763 736 816 (9)
759 770 803 805 ut
822 766 846 811 †
866 769 1153 800 renovarentur
1174 757 1361 810 auspicia,
1393 770 1454 801 res
1483 756 1531 794 ad
1554 755 1676 793 inter-

382 832 552 872 regnum
580 819 710 867 rediit.
741 818 956 872 interreges
985 818 1172 869 deinceps
1194 816 1256 854 M.
1279 815 1458 854 Manlius
1481 811 1677 867 Capitoli-

381 890 472 925 nus,
489 876 574 916 Ser.
595 876 798 930 Sulpicius
815 876 1067 922 Camerinus,
1090 874 1136 919 L.
1155 872 1343 912 Valerius
1359 871 1531 914 Potitus.
1593 869 1675 909 Hic

329 966 337 973 .
381 935 545 974 demum
567 934 821 974 tribunorum
854 934 1029 973 militum
1064 930 1260 972 consulari
1286 929 1480 984 potestate
1512 926 1676 977 comitia

340 1012 345 1017 ·
380 991 532 1034 habuit.
594 992 642 1031 L.
680 992 900 1044 Papirium,
933 992 982 1032 C.
1020 989 1273 1037 Cornelium,
1306 988 1355 1027 C.
1389 985 1593 1040 Sergium,
1624 984 1673 1023 L.

382 1049 598 1089 AEmilium
620 1050 783 1098 iterum,
814 1049 862 1088 L.
888 1047 1145 1095 Menenium,
1177 1046 1225 1085 L.
1250 1045 1459 1084 Valerium
1489 1041 1676 1083 Publico-

379 1108 459 1146 lam
482 1105 647 1146 tertium
669 1112 693 1158 †
713 1115 832 1147 creat.
865 1104 907 1143 hi
929 1119 975 1144 ex
1004 1105 1233 1158 interregno
1255 1102 1531 1156 magistratum
1562 1112 1677 1139 occe-

380 1178 484 1218 pere.
548 1164 607 1202 Eo
644 1177 750 1202 anno
785 1163 889 1202 aedes
913 1162 1079 1211 Martis,
1111 1161 1271 1205 Gallico
1301 1159 1406 1199 bello
1426 1169 1535 1209 vota,
1566 1157 1677 1196 dedi-

379 1232 466 1260 cata
482 1220 537 1260 est
559 1236 581 1259 a
601 1220 652 1259 T.
673 1219 872 1277 Qincffio
893 1224 917 1271 †
937 1219 1150 1261 duumviro
1172 1218 1289 1261 sacris
1311 1217 1523 1263 faciundis.
1583 1214 1678 1256 Tri-

377 1278 452 1326 bus
493 1288 664 1339 quatuor
703 1292 751 1318 ex
788 1277 902 1321 novis
932 1275 1085 1317 civibus
1121 1275 1280 1324 addstae,
1324 1277 1413 1328 (10)
1451 1272 1675 1320 Stellatina,

1390 1330 1674 1380 Tromentina,

378 1455 397 1487 l.
418 1464 466 1486 10.
483 1467 508 1487 c.
526 1454 579 1494 46.
598 1455 671 1496 regio
686 1468 717 1485 ea
734 1455 830 1497 itgfista
847 1454 881 1484 ab
895 1453 1066 1484 Samnitibus
1083 1458 1153 1481 erat.
1196 1447 1384 1492 Praepofitio
1397 1447 1477 1489 saepe
1494 1446 1676 1483 omittitur;

377 1508 413 1531 ut
432 1502 518 1542 apud
536 1503 620 1538 Suet.
633 1500 667 1530 in
683 1502 767 1541 Aug.
781 1510 805 1529 c.
824 1499 1042 1541 &periffssas
1054 1498 1163 1540 hostibus
1181 1499 1257 1525 vias.
1304 1495 1357 1535 (4)
1384 1492 1487 1534 Supra
1505 1493 1524 1523 l.
1543 1501 1571 1523 2.
1587 1503 1612 1522 c.
1626 1500 1676 1522 12.

377 1554 406 1574 ut
429 1549 456 1576 in
473 1554 498 1576 te
513 1546 563 1576 Ιπᾶε
582 1544 632 1575 vii
643 1545 844 1587 graffum-mur.
891 1542 996 1573 Etiam
1014 1544 1047 1572 τὸ
1062 1542 1194 1571 adversas
1209 1539 1284 1570 huic
1301 1539 1402 1569 verbo
1413 1537 1567 1579 jungitur.
1592 1538 1677 1567 Suet.

377 1590 411 1620 in
435 1590 535 1633 Calig.
551 1601 577 1621 c.
599 1600 650 1629 34.
673 1590 728 1629 (5)
752 1589 774 1620 i.
801 1600 826 1619 e.
853 1594 1093 1630 praeoccupent.
1140 1585 1196 1626 (6)
1220 1585 1319 1615 Haud
1336 1583 1475 1614 multum
1496 1584 1676 1623 moverant.

378 1635 503 1676 Optimi
530 1635 653 1666 codices
682 1634 874 1674 plerumque
897 1632 1022 1663 divisim
1047 1630 1190 1662 scribunt
1215 1643 1313 1671 magno
1337 1636 1425 1670 opere,
1446 1630 1566 1659 maximo
1591 1634 1679 1668 opsre,

377 1688 453 1710 tanto
470 1688 556 1722 opere,
580 1681 611 1710 δε
628 1678 750 1710 similia.
799 1680 1045 1718 Nonnunquam
1060 1675 1157 1706 etiam
1173 1674 1308 1705 vocibus
1325 1672 1517 1714 quibusdam
1532 1671 1677 1712 interpo-

379 1725 442 1756 sltls
455 1725 653 1766 separantur.
698 1723 747 1753 Sic
765 1737 913 1764 magnoque
928 1731 1005 1764 opere
1020 1722 1068 1751 abs
1084 1728 1110 1750 te
1121 1728 1194 1762 peto,
1211 1719 1275 1750 Cic.
1288 1719 1329 1749 ad
1347 1720 1434 1748 Fam.
1454 1727 1503 1756 13.
1521 1726 1571 1755 34.
1594 1729 1676 1746 max-

379 1774 431 1800 imo
447 1777 472 1799 tc
482 1771 581 1800 orabat
595 1777 684 1810 opere,
704 1769 784 1799 Ter.
798 1770 878 1798 Eun.
897 1777 928 1806 3.
946 1777 974 1803 4.
993 1765 1044 1796 26.
1088 1766 1145 1806 (7)
1168 1766 1202 1794 In
1216 1765 1349 1794 eandem
1363 1773 1441 1797 rem,
1463 1761 1482 1792 i.
1498 1773 1523 1792 e.
1535 1760 1567 1791 in
1578 1759 1675 1791 aedifi-

379 1815 529 1846 candum.
576 1813 663 1844 Editi
689 1813 813 1853 aliquot
842 1812 961 1842 habent
986 1813 1103 1841 eandem.
1149 1810 1236 1851 [Hoc
1253 1807 1333 1839 mihi
1357 1806 1456 1848 magis
1478 1806 1630 1848 placeret,
1652 1805 1673 1835 fi

379 1858 527 1891 codicum
543 1858 739 1900 scriptorum
755 1857 931 1887 auctoritas
948 1856 1126 1886 accederet.
1173 1856 1213 1884 Et
1230 1853 1415 1893 infrequens
1437 1858 1506 1881 erat
1533 1850 1622 1892 plebs
1639 1850 1673 1880 in

381 1906 464 1940 soro,
485 1905 661 1947 eademque
677 1902 829 1940 exhausta.
842 1900 1000 1943 impensis,
1023 1900 1104 1932 adeo
1117 1906 1163 1936 ut,
1185 1898 1237 1929 vel
1259 1897 1315 1938 qui
1338 1895 1584 1932 conveniebant,
1607 1895 1674 1942 agri

369 1948 584 1979 *immemores
599 1947 710 1979 effent.
758 1948 852 1979 Certe
870 1947 931 1976 hoc
948 1946 1046 1976 modo
1071 1954 1135 1975 vox
1160 1946 1239 1980 idem,
1262 1953 1322 1984 pro
1347 1941 1488 1982 insuper,
1510 1935 1675 1981 saepiffime

379 1994 468 2034 apud
491 1993 630 2034 optimos
647 1993 795 2023 auetores
812 1991 996 2032 usurpatur.
1020 1989 1067 2032 E.]
1114 1988 1168 2030 (8)
1190 1990 1226 2018 In
1249 2001 1329 2017 ruere
1352 1999 1460 2027 agrum,
1483 1996 1544 2026 pro
1561 1983 1675 2015 instru-

380 2046 488 2068 menta
504 2049 618 2079 parare
634 2037 760 2077 aliaque
773 2037 812 2066 ad
835 2046 949 2078 agrum
964 2035 1136 2065 colendum
1153 2031 1331 2063 neceffaria.
1377 2030 1425 2061 Sic
1442 2031 1569 2073 isfiruere
1584 2032 1675 2060 hortos

382 2083 451 2113 Cic.
465 2083 504 2113 de
522 2082 584 2112 Off.
598 2082 619 2112 l.
640 2091 668 2121 3.
683 2093 714 2112 n.
730 2091 782 2122 59.
806 2083 841 2111 E.
886 2080 941 2121 (9)
966 2080 1236 2123 Qandocunque
1260 2076 1458 2118 magistratus
1480 2074 1561 2105 vitio
1578 2074 1676 2105 creati

380 2127 490 2164 ess‘ent,
512 2126 661 2158 abdicare
677 2127 708 2157 se
735 2125 917 2166 magistratu
946 2124 1155 2166 cogebantur,
1179 2123 1210 2152 δε
1235 2119 1361 2164 patricii
1390 2116 1520 2151 coibant
1543 2120 1583 2149 ad
1600 2118 1676 2161 pro-

379 2173 524 2203 ciendum
537 2171 738 2215 interregem,
762 2179 796 2200 ut
815 2168 955 2211 auspicia
971 2170 1011 2200 de
1027 2168 1152 2209 integro
1175 2173 1412 2208 repeterentur.
1457 2164 1535 2205 (10)
1559 2164 1677 2195 Omnia

381 2218 449 2248 hsce
474 2216 606 2247 nomina
629 2216 762 2246 Etrusca
788 2215 870 2252 sunt,
894 2213 1020 2245 Etrusci
1049 2213 1135 2244 enim
1159 2223 1269 2242 omnes
1291 2213 1423 2242 fuerunt
1446 2208 1523 2240 novi
1541 2208 1625 2239 cives
1642 2208 1676 2239 in

381 2263 438 2293 has
455 2262 559 2292 tribus
583 2260 683 2292 relati.
700 2260 763 2290 vid.
780 2271 849 2301 cap.
872 2270 966 2300 praec.
1012 2260 1160 2288 Stellatina
1189 2256 1293 2288 tribus
1315 2256 1355 2286 ab
1373 2265 1460 2296 agro,
1482 2253 1545 2284 five
1562 2264 1678 2294 campo

384 2309 508 2343 Stellam,
530 2306 564 2336 in
581 2304 721 2342 Etruria,
743 2304 830 2335 dieffia
851 2304 901 2335 est.
947 2304 1083 2333 Sabatina
1100 2314 1118 2333 a
1135 2303 1237 2332 Sabate
1252 2301 1343 2338 laCU3
1371 2300 1550 2330 ‘Tromentina
1566 2310 1584 2329 a
1604 2299 1678 2329 ‘Tro-

370 2358 467 2382 'mento
484 2362 619 2392 campo3
643 2350 697 2390 qui
714 2349 826 2380 itidem
843 2349 875 2379 in
893 2347 1031 2379 Etruria.
1077 2348 1217 2390 Arnim-fis
1236 2346 1276 2376 ab
1300 2348 1381 2376 Arno
1398 2343 1536 2375 Etruriae
1563 2343 1677 2374 fluvio.

384 2397 519 2428 Codices
531 2404 639 2426 autem
652 2395 773 2435 aliquot
792 2395 822 2424 ἂ-
837 2393 945 2434 scripti
962 2394 991 2422 δί
1010 2392 1087 2423 editi
1102 2392 1221 2422 liabent
1234 2391 1415 2432 Asarm'etgfis.
1462 2389 1521 2419 Sed
1539 2388 1676 2419 alterum

383 2442 532 2483 prazstare
549 2451 710 2471 marmora
726 2438 861 2479 antiqua
888 2438 1047 2480 probant:
1076 2438 1107 2467 ὅ(
1133 2436 1262 2477 quidem
1282 2437 1400 2466 Narnia
1423 2433 1566 2464 Umbriae
1584 2432 1677 2476 oppi-

382 2489 473 2522 dum,
498 2487 583 2516 unde
600 2495 715 2515 nomen
735 2485 899 2526 Narniwfis
917 2483 1094 2513 dedutftum
1116 2481 1245 2517 volunt,
1267 2481 1327 2510 hoc
1345 2487 1492 2520 ternpore
1516 2475 1676 2519 IVequizmm

385 2531 620 2572 appellabatur,
647 2531 677 2559 ἃ
695 2531 762 2560 fere
779 2528 953 2570 nonaginta
970 2529 1099 2558 demum
1116 2525 1208 2556 annis
1231 2525 1335 2566 postea
1354 2526 1476 2554 IVarniae
1491 2532 1607 2553 nornen
1625 2531 1677 2552 ac-

385 2576 483 2616 cepit,
506 2586 606 2615 quum
631 2577 669 2605 eo
694 2573 820 2604 colonia
846 2574 1069 2603 deduceretur.
1115 2571 1201 2612 [Hoc
1219 2576 1455 2611 argumentum,
1477 2567 1565 2608 quod
1581 2566 1675 2604 affert

386 2619 683 2657 Drakenborchius‚
717 2629 833 2661 parum
861 2618 998 2649 solidum
1030 2616 1169 2648 videtur.
1217 2617 1302 2647 Nam
1328 2624 1385 2645 cur
1412 2623 1478 2645 non
1506 2622 1543 2644 ex
1575 2609 1677 2641 fluvio

1584 2657 1682 2705 Nare,
