1832 3137
388 287 762 332 LIBERI.
822 289 1005 333 CAP.
1066 294 1265 337 XXXIV.

185 400 389 455 oblitaque
422 399 608 455 ingenitae
629 413 722 454 erga
752 401 921 454 patriam
942 404 1129 455 caritatis,
1160 409 1381 449 dummodo
1411 410 1469 450 vi-

186 474 280 500 rum
309 459 549 499 honoratum
570 457 736 507 videret,
767 460 972 500 confilium
1003 463 1200 517 migrandi
1229 465 1277 505 ab
1297 467 1469 521 Tarqui-

190 517 266 557 niis
287 516 401 571 cepit.
465 515 598 555 Roma
622 514 679 554 est
700 516 749 554 ad
778 515 818 555 id
842 518 1084 570 potissimum
1105 522 1197 561 visa.
1228 526 1267 563 in
1298 540 1386 564 novo
1404 536 1470 579 po-

182 574 284 628 pulo,
330 575 390 613 ubi
423 574 538 612 omnis
577 574 764 625 repentina
803 583 911 628 atque
950 591 994 616 ex
1032 579 1173 618 virtute
1212 582 1375 621 nobilitas
1396 583 1468 637 stt,

176 630 363 687 futurum
401 631 514 670 locum
549 630 652 685 firti
690 646 738 670 ac.
764 631 918 686 strenuo
957 636 1038 674 viro
1056 653 1069 674 .·
1119 639 1276 693 regnaſjb
1315 639 1470 680 Tatium

190 688 366 728 Sabinum
383 706 397 727 .-
435 686 636 741 arcfffitum
670 687 710 726 in
744 703 897 742 regnum
929 690 1096 732 Numam
1131 710 1154 732 a
1189 694 1375 736 Curibus.-
1420 698 1473 740 ξς·

189 745 341 786 Ancum
380 745 521 786 Sabina*
560 753 678 784 matre
718 744 802 803 (3)
836 756 970 796 ortum,
1016 751 1230 804 nobilemque
1269 753 1353 811 (4)
1393 758 1473 794 und

188 805 350 859 imagine
389 803 524 842 Numae
561 803 634 858 effi,
706 803 839 844 Facile*
879 805 1103 859 persuadet,
1148 818 1192 848 ut
1230 811 1292 864 (5)
1325 813 1473 864 cupido

187 859 408 911 honorum,
442 862 482 901 &
503 860 569 900 cui
588 860 800 913 Tarquinii
831 872 1009 903 materna
1030 864 1188 905 tantum
1214 868 1340 920 patria
1367 869 1472 909 effet„

187 917 365 958 Sublatis
386 917 520 970 itaque
540 916 659 958 rebus
684 918 950 974 commigrant
971 922 1161 963 Romam.
1223 925 1290 964 Ad
1311 926 1475 977 janicuo

187 975 275 1016 lum
309 975 414 1015 forte
449 983 614 1014 ventum
649 985 744 1016 erat.
789 976 842 1017 ibi
878 979 932 1029 ei,
976 990 1165 1035 carpento
1201 981 1349 1022 sedenti
1381 998 1474 1024 cum

188 1033 328 1082 uxore,
359 1032 506 1086 aquila,
538 1032 727 1087 suspensis
752 1034 913 1076 demiffa
939 1037 1081 1078 leniter
1108 1039 1193 1089 alis,
1227 1041 1378 1092 pileum
1406 1056 1471 1081 au-

186 1088 291 1130 fert:
322 1090 517 1144 superque
538 1101 772 1144 carpentum
804 1107 898 1133 cum
919 1107 1065 1149 magno
1087 1097 1271 1151 clangore
1291 1098 1477 1147 volitans„

186 1147 339 1199 rursus,
369 1148 478 1187 velut
505 1148 723 1190 ministerio
745 1149 934 1192 divinitus
956 1154 1079 1202 missa,
1111 1155 1230 1207 capiti
1252 1153 1340 1209 apte
1362 1169 1474 1210 repo—

188 1204 262 1244 nit.
293 1205 386 1245 inde
407 1204 585 1247 sublimis
606 1205 713 1246 abiit.
775 1208 981 1263 Accepisse
1003 1210 1042 1250 id
1074 1212 1287 1266 augurium
1309 1214 1397 1253 laeta
1418 1214 1477 1254 di-

185 1262 294 1302 citur
311 1262 540 1317 Tanaqui13
570 1264 711 1318 perita,
732 1274 776 1304 ut
796 1265 918 1321 vulgo
940 1268 1112 1319 Etrusci,
1143 1270 1365 1310 coelestium
1386 1285 1474 1324 proc

186 1319 391 1374 digiorum
421 1321 579 1361 mulier.
640 1322 803 1363 Excelsa
837 1327 875 1364 3<
899 1325 976 1369 alta
1007 1325 1160 1380 sperare
1182 1329 1389 1381 complexa
1419 1330 1477 1367 vi=

190 1391 284 1417 rum
300 1377 442 1432 jubet:
470 1392 559 1418 eam
582 1380 644 1434 (6)
665 1380 818 1430 alitem,
846 1382 892 1421 ea
908 1382 1069 1437 regione
1088 1384 1197 1432 coeli,
1233 1387 1270 1424 δε
1293 1386 1380 1440 ejus
1395 1385 1475 1425 Dei

188 1435 381 1474 nunciam
402 1436 558 1475 venifl'e.
590 1437 694 1476 circa
727 1437 930 1478 summum
951 1441 1111 1480 culmen
1144 1441 1319 1482 hominis
1350 1442 1478 1496 auspi-

187 1492 300 1532 cium
322 1491 466 1532 feciffe.
496 1494 635 1533 levaffe
666 1494 845 1535 humano
876 1495 1163 1551 superpositum
1194 1499 1314 1553 capiti
1342 1501 1480 1549 decus„

190 1558 238 1589 ut
270 1549 461 1590 divinitus
493 1550 625 1590 eidem
658 1553 854 1592 redderet.
915 1554 1003 1595 Has
1034 1556 1119 1610 spes
1142 1556 1480 1609 cogitationesque

191 1606 327 1648 secum
348 1616 567 1661 portantes,
599 1607 739 1648 urbem
771 1610 926 1664 ingressi
958 1612 1074 1660 sunt3
1110 1613 1394 1666 domicilioque
1425 1614 1482 1654 ibi

190 1673 440 1718 comparato,
469 1665 518 1705 L.
563 1664 832 1718 Tarquinium
868 1671 930 1722 (7)
965 1669 1187 1723 [Priscum]
1219 1671 1377 1710 edidere
1409 1684 1480 1712 no-

190 1735 299 1761 men.
360 1721 558 1763 Romanis
579 1723 840 1776 conspicuum
861 1739 956 1764 eum
986 1727 1139 1785 novitas
1162 1727 1388 1781 divitiaeque
1421 1728 1482 1768 fa-

190 1778 351 1819 ciebant
369 1794 379 1820 :
412 1783 453 1822 &
475 1780 555 1833 ipse
572 1779 792 1831 fortunam,
813 1781 987 1837 benigno
1004 1784 1193 1838 alloquio,
1216 1786 1402 1825 comitate
1420 1786 1481 1825 ina

190 1836 358 1885 vitandi,
388 1836 687 1891 beneficiisque,
717 1853 818 1892 quos
840 1850 995 1893 poterat
1027 1841 1095 1881 fibi
1116 1842 1381 1893 conciliando,
1413 1843 1483 1882 ad-

188 1893 380 1950 juvabat:
411 1895 540 1935 donec
562 1895 602 1934 in
624 1896 773 1950 regiam
790 1895 950 1950 quoque
973 1900 1021 1938 de
1042 1913 1090 1938 eo
1111 1899 1218 1939 fama
1237 1901 1386 1953 perlata
1411 1901 1481 1940 est„

192 1951 459 2005 notitiamque
480 1966 568 1992 earn
588 1952 714 2004 brevi,
749 1956 855 2007 apud
887 1969 1023 2010 regem
1051 1952 1263 1996 liberaliter
1294 1960 1355 2012 (8)
1388 1959 1484 1998 dex*

193 2006 337 2063 treque
358 2008 545 2051 obeundo
566 2010 713 2062 officia,
743 2011 785 2051 in
818 2011 1024 2054 familiaris
1057 2013 1244 2054 amicitiae
1264 2016 1483 2055 adduxerat

1374 2073 1483 2128 jura,

195 2181 283 2214 hunc
300 2182 408 2214 locum
424 2181 569 2224 protulit.
615 2183 738 2216 Praeter
753 2184 839 2216 enim
862 2183 959 2226 quim
975 2179 1064 2228 Quod
1087 2185 1208 2228 phrafis
1223 2186 1289 2226 ista,
1310 2200 1366 2230 quae
1385 2190 1484 2230 innup=

180 2227 272 2272 ,fiffita
295 2238 355 2269 pro
374 2229 469 2269 quibus
494 2229 655 2271 innupsgffet,
679 2228 782 2261 dubiae
798 2230 983 2262 Latinitatis
998 2231 1060 2268 est3
1090 2243 1154 2264 vox
1174 2245 1205 2262 ea
1222 2243 1296 2264 cum
1316 2234 1416 2264 verbo
1441 2234 1485 2264 se*

194 2279 316 2311 quente
324 2275 417 2314 potuit
437 2272 530 2310 bene,
551 2283 591 2304 ne
608 2272 713 2304 dicam
728 2273 909 2313 neceffari&‚
929 2275 1084 2317 jungitur,
1106 2275 1255 2307 tollendae
1269 2276 1485 2319 ambiguitatis

194 2315 299 2347 causa.
343 2318 445 2348 Voces
471 2316 569 2348 etiam
595 2330 626 2348 ea
653 2319 684 2348 &
711 2321 756 2348 illi
779 2328 920 2351 mentem
943 2320 1073 2350 lectoris
1100 2329 1253 2352 revocant
1277 2323 1317 2354 ad
1333 2321 1487 2359 indolem„

196 2370 300 2400 quum
315 2361 434 2398 uxoris,
456 2369 526 2392 tum
541 2361 613 2392 viri.
637 2364 671 2393 E.
714 2363 771 2404 (3)
797 2364 921 2405 Nempe
941 2363 1006 2394 filia
1025 2365 1144 2396 Numae.
1191 2366 1245 2406 (4)
1267 2368 1312 2396 Ex
1333 2366 1400 2396 solo
1423 2376 1486 2398 avo

197 2404 306 2438 Numi
322 2405 525 2437 nobilitatem
548 2407 684 2438 trahere.
728 2409 867 2450 Imagines
882 2408 1042 2450 majorum
1066 2420 1127 2450 pro
1142 2410 1279 2441 nobilitate
1302 2410 1403 2452 accipi
1428 2421 1484 2442 no·

196 2456 268 2480 tum
284 2449 335 2480 est.
382 2450 435 2491 (5)
457 2452 497 2481 Et
513 2454 621 2493 cupidus
637 2453 764 2482 honorum
780 2455 928 2484 Lucumo
944 2453 1017 2492 fuit,
1041 2455 1073 2484 δε
1086 2453 1231 2485 materna
1246 2456 1371 2486 tantum
1394 2463 1487 2497 parte

195 2493 278 2524 civis
297 2493 547 2534 Tarquiniensis.
594 2496 647 2537 (6)
670 2498 731 2528 Per
757 2497 981 2538 epiphonema.
1027 2500 1149 2541 Magna
1177 2499 1224 2529 illi
1248 2499 1399 2540 portendi
1424 2498 1487 2531 five

197 2537 399 2579 speetaretur
421 2550 459 2570 ea
480 2539 542 2570 ales
559 2550 630 2580 quae
647 2541 824 2583 auspicium
840 2542 968 2580 fecifl'et,
994 2542 1057 2574 five
1073 2554 1110 2574 ea
1132 2543 1220 2585 regio
1236 2543 1306 2575 coeli
1317 2544 1413 2591 funde
1433 2555 1484 2576 vce

199 2582 303 2620 niffet‚
325 2583 389 2615 five
404 2583 430 2614 is
441 2584 519 2615 deus
541 2585 631 2625 cujus
654 2586 774 2617 nuncia
789 2586 872 2618 effet.
916 2588 971 2629 (7)
995 2589 1069 2619 Vox
1094 2590 1205 2630 Priscus
1221 2587 1306 2619 abest
1321 2599 1339 2619 a
1358 2589 1483 2620 duobus

198 2627 365 2661 ,codicibus
380 2628 615 2670 manuscriptis,
637 2640 771 2671 eamque
786 2639 822 2662 ut
834 2631 1004 2663 delendam
1020 2632 1140 2663 notavi.
1186 2633 1269 2664 Nam
1281 2632 1335 2664 etsi
1353 2635 1483 2674 prolepsis

201 2671 371 2704 nominum
395 2672 473 2704 alibi
499 2681 647 2705 occurrat
671 2676 722 2715 (ut
749 2675 834 2706 infra
857 2676 878 2707 l.
896 2676 924 2709 8.
947 2688 973 2708 c.
992 2677 1058 2718 18.)
1081 2677 1137 2708 ubi
1153 2678 1193 2708 de
1219 2676 1359 2718 personis
1372 2678 1482 2707 auetor

201 2716 399 2749 mentionem
424 2717 521 2754 facit3
553 2726 660 2750 tamen
683 2719 737 2750 vix
760 2721 892 2752 ferenda
918 2720 1060 2759 videtur,
1085 2723 1218 2762 quando
1240 2721 1353 2752 diserte*
1375 2729 1483 2751 narrat·

201 2760 334 2792 nomina
360 2761 477 2806 quibus
501 2761 560 2803 ipfi
587 2762 732 2796 homines
755 2765 939 2801 utebantur.
962 2768 998 2800 E,
1054 2765 1109 2809 (8)
1134 2767 1318 2806 Liberaliter}
1343 2773 1379 2799 Ut
1400 2765 1480 2805 ingr>-

200 2814 305 2841 nuum
319 2806 448 2847 decuit;
469 2807 575 2849 dextre,
596 2815 632 2842 ut
647 2808 801 2844 solertem

1630 316 1684 358 53
