1853 3158
373 253 654 299 LIBER
715 256 788 298 111.
849 256 1030 303 CAP.
1090 256 1247 305 XVIII.

164 382 281 426 quar.
340 372 548 413 Ultimum
582 372 772 413 orationis
803 373 896 424 fuit,
947 377 991 416 Se
1023 394 1130 417 arma
1164 390 1303 433 capere,
1335 391 1463 421 vocare

164 445 292 470 ⁴omnes
312 430 486 485 „Quirites
517 429 568 469 ad
582 446 704 470 arma.
725 430 767 485 st
784 434 865 486 quis
888 434 1072 486 impediat,
1092 439 1180 490 jam
1194 439 1239 492 fl'
1260 441 1321 492 (5)
1341 455 1402 478 con
1419 455 1461 478 u-

174 489 268 527 laris
297 488 455 540 imperii,
473 488 562 541 jam
582 489 783 527 tribuniciae
810 490 991 546 potestatis
1011 493 1320 550 fircratarumque
1344 497 1462 551 legum

171 546 333 594 oblitum,
365 545 523 599 quisquis
555 545 614 584 ille
615 545 687 600 stt,
719 547 989 603 ufficunquestt,
1020 552 1058 588 in
1091 552 1278 604 Capitolio,
1308 555 1346 592 in
1357 555 1464 610 soro,

168 613 237 657 pro
255 602 343 659 hqste
353 602 578 642 habiturum.
641 604 826 659 Juberent
840 606 995 656 tribuni,
1014 611 1181 660 quoniam
1196 612 1235 649 in
1250 611 1323 664 Ap.
1360 612 1464 650 Her-

172 661 317 700 donium
334 668 517 710 vetarent,
546 662 586 700 in
614 661 664 700 P.
697 662 887 702 Valerium
907 665 1076 718 corfitlem
1095 667 1199 719 sumi
1217 684 1336 708 arma.
1357 670 1465 723 ausu-

171 733 258 757 rum
272 717 316 772 se
334 718 373 756 in
393 719 567 768 tribunis,
598 719 692 772 quod
709 720 769 775 (6)
783 722 955 774 princeps
959 722 1121 777 familia>
1128 725 1206 778 suae
1226 743 1250 765 u
1266 742 1309 766 us
1338 727 1376 765 in
1408 742 1465 766 re-

166 776 274 829 gibus
293 774 381 830 fft.
441 773 541 815 Vim
554 777 737 817 ultimam
759 779 971 832 apparebat
991 779 1187 833 futuram,
1220 782 1466 835 speetaculo-

172 846 251 885 que
271 831 506 872 seditionem
528 832 757 874 Romanam
782 835 962 876 hostibus
998 836 1096 877 fore.
1125 852 1199 878 nec
1233 841 1295 879 lex
1330 850 1466 881 tamen

172 889 283 940 ferri,
312 904 386 930 nec
407 891 464 930 ire
485 891 526 929 in
557 891 804 945 Capitolium
824 894 961 933 consul
982 896 1125 947 potuit.
1147 911 1227 936 nox
1249 899 1466 938 certamina

173 957 307 1001 coepta
332 948 539 1001 oppreflit:
570 949 720 988 tribuni
735 951 876 990 ceffere
894 952 1020 1001 noeti,
1053 953 1240 994 timentes
1255 956 1466 995 consulum

170 1019 295 1044 arma.
357 1006 518 1045 Amotis
539 1006 631 1046 inde
654 1007 855 1049 seditionis
870 1005 1119 1063 meroribus,
1137 1013 1274 1052 Patres
1296 1013 1468 1054 circum-

172 1062 228 1101 ire
248 1061 421 1115 plebem,
454 1063 746 1118 inferentesque
778 1065 816 1106 se
847 1066 888 1105 in
917 1067 1100 1119 circulos,
1132 1068 1332 1111 sermones
1367 1081 1469 1110 tem·-

172 1119 260 1173 pori
279 1129 392 1173 aptos
412 1120 562 1161 serere:
594 1123 823 1172 admonere,
861 1124 916 1164 Ut
931 1126 1112 1177 viderent,
1143 1128 1182 1165 in
1218 1128 1312 1181 quod
1341 1129 1468 1182 dg'scri-

172 1193 253 1216 men
285 1179 540 1231 rempublicam
559 1180 790 1220 adducerent.
853 1181 941 1221 Non
974 1184 1071 1222 inter
1091 1184 1230 1224 Patres
1265 1201 1307 1224 ac
1331 1187 1467 1238 plebem

171 1243 353 1274 certamen
373 1236 447 1291 ψ,
465 1236 667 1291 fidstmul
685 1238 821 1277 Patres
838 1240 1058 1294 plebemque,
1089 1257 1209 1281 arcem
1230 1244 1345 1293 urbis,
1377 1253 1467 1282 tem-

163 1293 231 1344 pla
253 1292 434 1342 Deorum,
449 1303 598 1346 penates
621 1296 783 1348 publicos
794 1298 1030 1351 privatosque
1055 1298 1204 1354 hqstibus
1223 1301 1314 1339 dedi.
1352 1301 1466 1340 Dum

169 1348 258 1389 haec
294 1349 335 1388 in
355 1350 443 1390 foro
463 1351 646 1392 sedanda:
679 1353 885 1393 discordiae
916 1356 1035 1395 causa
1066 1366 1254 1410 aguntur,
1287 1358 1468 1398 consules

171 1405 347 1456 interim,
379 1422 428 1447 ne
463 1408 615 1458 Sabini,
655 1424 704 1449 ne
744 1411 897 1466 Vejens
931 1411 1054 1453 hostis
1089 1425 1332 1464 moveretur,
1363 1416 1469 1455 circa

171 1472 305 1517 portas
328 1464 540 1518 murosque
562 1466 822 1506 discesserant.

1602 269 1677 319 187

231 1520 391 1561 XVIII.
423 1522 574 1562 Eadem
595 1524 716 1564 nocie
732 1527 772 1565 &
793 1525 1017 1566 Tusculum
1039 1528 1088 1568 de
1111 1540 1200 1570 arce
1232 1530 1360 1584 capta,
1387 1530 1466 1571 Ca·
1489 1550 1633 1592 fistulas„-

170 1577 392 1631 pitolioque
408 1590 619 1633 occupato,
654 1584 695 1621 &
731 1582 808 1621 alio
839 1583 1009 1624 turbatae
1039 1586 1147 1626 urbis
1185 1587 1286 1626 statu
1328 1588 1465 1628 nuncii
1485 1598 1618 1627 Romanis

171 1635 350 1674 veniunt.
410 1639 473 1691 (1)
499 1637 547 1676 L.
590 1638 803 1677 Mamilius
843 1640 1010 1680 Tusculi
1042 1651 1130 1682 tum
1164 1644 1338 1684 dictator
1368 1655 1464 1685 erat.
1483 1642 1673 1681 ‘'mil''“mfe‘

170 1692 219 1741 is,
241 1692 451 1732 confestim
467 1704 688 1734 convocato
710 1695 862 1745 senatu,
885 1710 1005 1751 atque
1028 1699 1268 1741 introdu&i8
1291 1703 1465 1752 nunciis,
1484 1693 1560 1717 '‘m'’

169 1762 318 1804 magno
339 1764 459 1804 opere
481 1752 628 1802 censet,
649 1753 709 1791 Ne
736 1754 948 1808 exspec'Jenss
977 1756 1063 1795 dum
1099 1759 1143 1797 ab
1177 1759 1304 1799 Romc‘z'
1339 1761 1465 1814 legati,

170 1808 352 1847 auxilium
382 1818 559 1860 petentes,
598 1812 749 1849 veniant
768 1829 780 1849 :
804 1813 1011 1865 periculum
1045 1815 1158 1869 zpsum
1191 1816 1468 1872 dg'scrimenque,

169 1881 214 1904 ac
234 1867 295 1919 (2)
320 1864 470 1920 sociales
488 1867 601 1915 Deos,
618 1867 808 1923 fidemque
824 1870 1013 1926 foederum
1049 1873 1091 1911 id
1115 1874 1266 1927 pestere.
1328 1876 1465 1914 Deme-

170 1922 276 1961 rendi
309 1923 470 1978 beneficio
502 1933 580 1964 tam
626 1933 822 1978 potentem,
871 1936 948 1966 tam
979 1931 1224 1983 propinquam
1264 1934 1468 1982 civitatem,

170 1995 360 2032 nunquam
374 1992 506 2033 parem
527 1982 730 2037 occqfionem
751 1983 900 2024 daturos
922 1986 1034 2025 Deos.
1095 1987 1232 2028 Placet
1253 1989 1348 2029 ferri
1370 2005 1467 2030 aux-

169 2037 313 2085 ilium;
359 2039 551 2092 juventus
594 2040 870 2091 conscribitur,
906 2057 1015 2082 arma
1047 2045 1206 2084 dantur.
1288 2048 1468 2087 Romam

169 2094 299 2148 prima
319 2096 409 2135 luce
430 2097 648 2146 venientes,
671 2100 811 2151 procul
834 2099 1004 2153 speciem
1031 2099 1208 2141 hostium
1247 2104 1465 2158 praebuere.

172 2151 298 2204 AEqui
320 2162 389 2192 aut
403 2153 541 2194 Volsci
558 2155 692 2194 venire
714 2156 781 2194 vifi
799 2156 901 2196 sunt.
921 2158 1082 2209 deinde,
1103 2160 1175 2199 ubi
1193 2175 1318 2202 vanus
1340 2171 1468 2202 terror

170 2208 281 2258 abiit,
300 2211 451 2264 accepti
483 2212 525 2251 in
566 2211 722 2262 urbem,
762 2215 921 2268 agmine
958 2217 999 2255 in
1040 2216 1175 2257 forum
1206 2219 1465 2260 descendunt.

1413 2277 1468 2318 ibi

169 2381 251 2412 urbe
264 2380 462 2414 habitabant,
506 2384 561 2424 (5)
585 2384 732 2417 Oblitum
757 2387 875 2428 quibus
891 2388 1046 2421 limitibus
1063 2390 1285 2425 contineretur
1302 2393 1473 2425 consulare·

170 2426 353 2466 imperium.
401 2427 456 2468 (6)
479 2429 645 2461 Publicola
667 2432 782 2462 auCtor
799 2432 844 2463 sui
873 2435 1082 2475 cognominis,
1106 2437 1198 2467 Bruti
1211 2439 1340 2479 adjutor
1357 2438 1387 2467 ὃς
1402 2438 1467 2468 col-

170 2470 248 2511 lega.
297 2471 389 2501 Illum
407 2472 500 2513 hujus
528 2474 650 2506 Valerii
667 2476 802 2506 consulis
820 2485 945 2518 patrem
955 2479 1056 2518 fuiffe,
1078 2481 1199 2513 constat
1211 2493 1250 2513 ex
1265 2482 1421 2526 Dionysio
1433 2483 1467 2513 ὅτ

170 2514 265 2545 Fastis
283 2515 486 2557 Capitolinis.

216 2578 253 2608 C.
282 2577 331 2609 18.
355 2578 409 2619 (1)
424 2579 621 2610 Mamiliorum
634 2592 710 2622 gens
725 2583 908 2615 Tusculana
921 2584 993 2623 fuit,
1009 2597 1080 2627 quae
1095 2587 1159 2628 jam
1176 2595 1323 2630 tempore
1347 2600 1469 2631 regum,

170 2620 203 2652 in
218 2621 322 2662 patria
338 2622 466 2653 summis
478 2623 656 2656 honoribus
673 2628 787 2658 funeta
803 2628 865 2666 est3
890 2637 925 2659 ut
944 2632 1063 2662 constat
1078 2643 1115 2663 ex
1141 2634 1280 2664 Odtavio
1303 2634 1464 2670 Mamilio,

170 2665 222 2696 cui
237 2666 436 2707 Tarquinius
452 2669 616 2709 Superbus
632 2670 730 2701 filiam
747 2680 887 2713 nuptum
900 2675 999 2710 dedit,
1014 2677 1109 2717 supra
1123 2677 1142 2707 l.
1163 2687 1189 2708 1.
1203 2689 1227 2708 c.
1244 2687 1295 2718 49.
1341 2680 1395 2719 (2)
1412 2681 1467 2708 Dii

156 2712 273 2751 ι[σεὲαίεε
290 2711 373 2750 funt,
385 2722 466 2753 quos
482 2712 570 2747 initae
598 2713 755 2748 societatis
788 2717 877 2750 testes
906 2730 942 2751 ac
971 2720 1113 2754 vindices
1141 2722 1216 2753 socii
1248 2722 1439 2753 invocarunt
1456 2738 1465 2755 ς

1194 2767 1465 2806 quemadmodum
