1853 3158
171 1391 264 1422 Atrox
266 1397 370 1432 pugna

874 285 1238 328 T L1V11

401 399 526 439 veteri
548 399 744 440 exercitus
761 400 961 455 jungitur,
995 404 1035 443 δε
1072 403 1196 457 copiae
1233 399 1510 454 duplicantur:
1543 402 1583 442 ἂν
1618 415 1689 455 pro

401 457 595 497 concione
636 457 809 498 dictator
843 459 1026 499 laudibus
1062 461 1179 514 legati
1216 459 1486 511 militumque,
1518 472 1689 511 quorum

399 515 545 554 virtute
562 515 687 554 castra
708 515 867 555 defensa
889 527 1015 566 erant,
1047 518 1159 557 fimul
1176 516 1435 565 audientibus
1449 517 1586 555 laudes
1607 530 1691 555 me-

398 572 508 623 ritas,
541 573 643 612 tollit
664 574 841 622 animos3
874 575 987 615 fimul
1007 584 1158 615 ceteros
1182 576 1229 614 ad
1258 574 1502 614 aemulandas
1522 574 1689 612 virtutes

398 630 518 669 acuit.
580 631 725 684 Neque
748 630 905 685 segnius
927 638 950 684 †
970 633 1017 672 ad
1039 633 1170 672 hostes
1191 633 1340 671 bellum
1359 640 1584 684 apparatur,
1605 630 1691 683 qui,

398 690 439 728 ἃ*
463 688 564 740 parti
586 687 677 728 ante
713 689 866 729 decoris
901 702 1115 741 memores,
1147 703 1277 742 neque
1314 689 1440 744 ignari
1478 687 1688 728 auctarum

396 745 542 785 virium
571 745 708 794 hostis,
740 746 827 786 suas
854 761 1014 801 quoque
1037 748 1138 786 vires
1161 756 1320 800 augent.
1382 746 1517 786 Omne
1540 745 1690 785 Herni-

395 817 490 842 cum
508 817 672 854 nomen,
703 804 834 844 omnis
853 805 1033 844 militaris
1053 816 1147 845 aetas
1165 804 1330 844 excitur.
1366 806 1426 858 (2)
1448 803 1689 858 quadringe-

395 861 517 900 nariae
547 861 642 901 octo
676 861 877 911 cohortes,
910 863 1012 902 lecta
1047 862 1189 902 robora
1221 861 1415 911 virorum,
1447 861 1686 900 scribuntur.

393 917 520 957 Hunc
553 919 747 958 eximium
784 920 922 959 florem
955 920 1178 974 juventutis
1213 933 1261 958 eo
1297 919 1436 968 etiam,
1480 917 1605 970 quod,
1642 927 1688 957 ut

393 976 541 1028 duplex
570 977 794 1029 acciperent
827 977 1083 1030 stipendium,
1116 978 1386 1024 decreverant,
1417 976 1497 1029 spei
1534 975 1689 1014 animo-

392 1046 564 1085 rumque
585 1033 811 1086 implevere.
849 1035 1055 1075 Immunes
1076 1049 1237 1088 quoque
1259 1048 1427 1087 operum
1450 1032 1684 1072 militarium

392 1100 521 1139 erant,
555 1099 614 1140 ut,
647 1091 688 1128 in
722 1104 849 1128 unum
881 1105 1026 1144 pugnae
1061 1092 1237 1132 laborem
1269 1091 1468 1139 reservati,
1502 1093 1562 1144 (3)
1594 1091 1685 1143 plus

391 1145 476 1195 fibi,
509 1146 632 1199 quam
668 1161 740 1200 pro
776 1147 878 1186 virili
904 1158 1029 1201 parte,
1061 1150 1323 1189 annitendum
1347 1149 1501 1188 scirent.
1563 1148 1686 1189 Extra

389 1204 571 1243 ordinem
594 1204 714 1243 etiam
738 1204 778 1243 in
800 1205 883 1243 acie
903 1205 1041 1254 locati,
1059 1220 1139 1258 quo
1161 1206 1410 1259 conspeetior
1430 1207 1556 1245 virtus
1578 1206 1684 1245 effer.

388 1260 535 1301 Duum
556 1261 728 1301 millium
751 1262 940 1315 planicies
963 1262 1086 1302 castra
1109 1263 1295 1302 Romana
1316 1263 1363 1302 ab
1385 1263 1574 1303 Hernicis
1591 1262 1685 1302 diri-

389 1318 546 1359 mebat:
578 1318 632 1358 ibi
667 1320 751 1372 pari
773 1319 899 1359 ferme
922 1320 1110 1373 utrinque
1140 1319 1264 1373 spatio
1301 1320 1341 1358 in
1378 1321 1511 1359 medio
1532 1335 1687 1375 pugna-

388 1385 476 1416 tum
499 1377 566 1418 est.
631 1376 768 1417 Primo
791 1377 897 1417 stetit
919 1377 1106 1432 ambigua
1127 1377 1192 1442 spe
1221 1392 1381 1432 pugna3
1414 1378 1684 1430 nequicquam

388 1433 489 1488 saepe
509 1435 662 1475 conatis
684 1435 885 1488 equitibus
915 1435 1112 1475 Romanis
1145 1436 1298 1489 impetu
1330 1434 1489 1474 turbare
1509 1434 1684 1475 hostium

387 1493 528 1533 aciem.
591 1492 807 1546 Postquam
846 1494 1038 1546 equestris
1079 1507 1213 1547 pugna
1250 1496 1311 1547 (4)
1351 1492 1515 1541 effe&u,
1562 1492 1685 1545 quam

387 1550 615 1600 conatibus,
647 1551 785 1591 vanior
817 1562 927 1599 erat,
960 1551 1140 1591 consulto
1163 1548 1274 1604 prius
1296 1551 1492 1590 dictatore
1513 1550 1685 1603 equites,

387 1609 575 1663 permifl'u
597 1609 741 1648 deinde
762 1609 862 1664 ejus,
894 1608 1045 1649 reliciis
1062 1609 1190 1661 equis,
1223 1610 1396 1649 clamore
1418 1608 1570 1663 ingenti
1591 1622 1684 1661 pro-

387 1668 523 1706 volant
557 1676 648 1706 ante
683 1667 804 1721 figna,
839 1669 876 1706 &
914 1681 1058 1706 novam
1094 1667 1294 1720 integrant
1326 1679 1517 1721 pugnam.
1550 1679 1682 1718 neque

388 1724 568 1764 sustineri
590 1733 790 1777 poterant,
823 1725 864 1763 ni
885 1724 1206 1763 extraordinariae
1230 1724 1414 1763 cohortes
1433 1723 1519 1777 pari
1539 1719 1682 1776 corpo-

387 1796 479 1822 rum
501 1782 810 1835 animorumque
831 1781 972 1821 robore
995 1781 1032 1820 se
1054 1781 1296 1837 objeciffent.

447 1840 563 1879 VIII.
595 1839 714 1879 Tunc
751 1840 854 1878 inter
889 1839 1083 1892 primores
1118 1840 1292 1878 duorum
1334 1838 1577 1892 populorum
1618 1852 1680 1877 res

386 1897 551 1952 geritur.
585 1897 777 1950 quicquid
806 1896 900 1936 hinc
930 1906 998 1935 aut
1030 1896 1137 1935 illinc
1159 1896 1386 1936 communis
1406 1901 1430 1947 †
1452 1896 1566 1935 Mars
1587 1894 1681 1934 belli

386 1955 532 2004 aufert,
563 1961 588 2007 †
607 1955 817 2008 multiplex
840 1957 916 2009 (1),
948 1953 1070 2008 quam
1087 1968 1159 2007 pro
1176 1968 1360 2002 numero,
1390 1954 1583 1992 damnum
1601 1953 1655 1992 est
1673 1968 1682 1993 :

385 2014 529 2067 vulgus
551 2012 658 2051 aliud
680 2023 941 2060 armatorum,
973 2013 1081 2051 velut
1112 2011 1291 2065 delegata
1316 2010 1557 2065 primoribus
1579 2025 1681 2065 pug-

385 2069 452 2119 na,
485 2079 673 2109 eventum
696 2070 810 2109 suum
833 2070 873 2109 in
893 2070 1038 2109 virtute
1060 2068 1186 2108 aliena
1208 2070 1333 2122 ponit.
1352 2068 1468 2108 multi
1492 2068 1680 2120 utrinque

385 2129 550 2177 cadunt,
582 2129 714 2180 plures
735 2129 899 2167 vulnera
921 2127 1135 2180 accipiunt.
1196 2127 1381 2166 Tandem
1403 2126 1557 2179 equites
1579 2126 1680 2165 alius

384 2186 508 2224 aliurn
531 2185 796 2238 increpantes,
828 2185 919 2238 quial
936 2185 1061 2224 deinde
1082 2184 1243 2240 restaret,
1264 2185 1549 2236 quaerendo,t
1511 2182 1553 2238 s
1570 2199 1681 2236 neque

384 2259 428 2282 ex
448 2245 548 2297 equis
559 2243 770 2298 pepulffnt
788 2242 929 2298 hqstem,
961 2258 1071 2297 neque
1094 2243 1233 2295 pedites
1252 2244 1445 2296 quicquam
1466 2247 1490 2293 †
1511 2243 1679 2280 momenti

1464 2299 1569 2356 fizcet
1573 2307 1661 2338 ·.ent
1656 2302 1675 2329 Ρ

383 2421 450 2447 imm
466 2431 554 2448 urum.
580 2418 611 2447 ὅ(
627 2416 703 2448 alibi
725 2417 814 2458 saepe.
863 2417 916 2457 (2)
940 2418 1025 2448 06ὶο
1049 2417 1208 2453 cohortes,
1231 2427 1369 2458 quarum
1394 2414 1514 2457 singula
1538 2425 1576 2453 ex
1600 2426 1679 2456 qua,-

384 2461 562 2504 dringentis
580 2461 736 2493 milithus
754 2462 924 2493 constabat.
975 2464 1229 2505 Qadringetmriae
1245 2464 1372 2496 cohortes,
1396 2463 1465 2490 Ιεὲῖα
1483 2462 1579 2492 robora
1601 2463 1679 2490 viro-

383 2521 443 2537 rum
459 2518 518 2549 per
533 2509 551 2547 †
567 2508 754 2549 appqfitt'onxm
771 2506 937 2538 dicuntur.
985 2508 1043 2537 Hae
1061 2509 1291 2536 extraardinariae
1314 2506 1461 2537 cohortes
1478 2516 1551 2535 mox
1567 2505 1677 2545 appel-¹

383 2552 501 2582 lantur.
550 2552 603 2592 (3)
628 2551 702 2582 Plus
729 2551 784 2581 fibi
810 2552 1021 2582 annitendum
1039 2552 1136 2592 quam
1159 2551 1367 2591 quantumin
1385 2550 1504 2591 singula
1528 2549 1675 2592 virorum

382 2596 489 2637 capita
518 2596 590 2627 satis
615 2595 708 2634 effet3
733 2607 834 2627 unum
856 2597 1031 2637 quemlibet
1054 2608 1091 2628 ex
1116 2597 1177 2627 sese
1202 2596 1298 2627 instar
1319 2597 1460 2626 (luorum
1489 2593 1674 2635 pluriumve

381 2641 441 2672 effe
459 2641 584 2672 debere.
632 2643 685 2682 (4)
710 2642 837 2672 Conatu
856 2642 941 2672 haud
958 2641 1047 2679 levis,
1070 2640 1187 2672 effectu
1205 2641 1440 2683 propemodum
1457 2638 1560 2669 irrita.

426 2705 465 2736 C.
484 2703 513 2734 8.
539 2704 592 2745 (1)
618 2704 731 2734 Multo
747 2702 844 2745 magis
863 2694 1016 2734 damnum
1033 2710 1112 2740 erat,
1135 2713 1232 2753 quam
1246 2713 1306 2744 pro
1323 2712 1458 2732 numero
1471 2695 1594 2737 eorum,
1617 2698 1673 2740 qui

379 2749 556 2787 cadebant3
580 2748 655 2790 quia
672 2748 825 2790 utrinque
843 2748 999 2790 primores
1014 2747 1204 2790 juventuti5‚
1219 2758 1285 2781 non
1303 2747 1417 2788 vulgus
1433 2745 1673 2820 militum,bpug-

1539 2800 1579 2820 na
1605 2797 1657 2821 ant
