1853 3158
389 251 1063 297 LIBERIV.CAP.
1125 256 1269 299 XXV.
1625 270 1701 311 291

178 367 269 422 (Μ)
291 368 439 423 quippe
472 381 600 422 quum
621 366 659 407 se
689 367 858 421 quisque
893 368 1048 409 diutius·
1079 384 1125 409 ac
1160 371 1303 424 saepius
1326 371 1480 427 subjec³

179 436 267 464 tum
290 425 517 466 censoribus
539 426 626 464 fore
644 436 840 474 cerneret,
878 425 1003 478 quam
1025 427 1234 467 censuram
1257 430 1478 482 gesturum.

175 482 322 535 Populi
338 482 443 524 certe
465 492 574 521 tanta
595 478 820 536 indignatio
842 493 979 522 coorta
1001 483 1163 533 dicitur,
1197 495 1240 524 ut
1261 486 1319 525 vis
1341 500 1363 525 a
1386 500 1480 526 cen-

176 538 328 580 soribus
348 539 496 579 nullius
526 538 783 588 auetoritate,
819 549 1089 593 praeterquam
1111 541 1230 594 ipfius
1259 543 1478 592 lMamemi,

178 597 369 636 deterreri
390 596 576 649 quiverit.

234 653 371 693 XXV.
392 653 565 693 Tribuni
587 652 728 707 plebis,
760 652 918 694 asfiduis
938 654 1203 696 concionibus
1225 656 1478 709 prohibendo

175 710 395 750 consularia
417 711 595 759 comitia,
627 725 755 764 quum
783 724 846 750 res
863 709 988 764 prope
1011 713 1060 751 ad
1083 712 1360 768 interregnum
1387 729 1478 768 per-

175 767 297 807 ducta
319 768 426 817 esset,
457 768 611 808 evicere
631 769 810 816 tandem,
843 778 887 807 ut
908 768 1060 808 tribuni
1080 770 1255 809 militum
1278 772 1478 811 consulari

172 824 366 876 potestate
389 835 642 866 crearentur:
662 825 844 865 victoriae
863 826 1094 879 praemium,
1117 828 1227 879 quod
1249 828 1475 881 petebatur,
1495 864 1527 894 U
1552 874 1569 894 c
1645 873 1662 897 2

173 891 218 919 ut
249 882 429 935 plebeius
451 892 670 933 crearetur,
701 883 861 922 nullum
883 882 974 922 fuit.
1010 897 1151 924 omnes
1173 884 1330 937 patricii
1352 886 1474 925 creati
1494 887 1535 938 A:
1549 910 1584 939 C
1598 873 1676 948 {²302

171 937 277 987 sunt,
310 939 371 979 M.
408 939 553 979 Fabius
577 939 822 990 Vibulanus,
854 940 917 979 M.
940 940 1108 993 Fossius,
1138 941 1187 981 L.
1209 942 1376 997 Sergius
1409 943 1474 983 Fi·
1495 954 1544 983 M.
1574 954 1673 984 Fabio

169 995 305 1035 denas.
365 995 596 1036 Pestilentia
629 1011 678 1036 eo
710 1011 817 1036 anno
853 997 1022 1037 aliarum
1052 1012 1187 1038 rerum
1220 1000 1350 1039 otium
1372 1015 1474 1055 prae-
1495 998 1664 1047 &e.Trib‚

169 1050 269 1090 buit.
291 1055 352 1106 (1)
387 1053 483 1093 aedis
520 1054 702 1107 Apollini
732 1069 805 1107 pro
840 1055 1071 1095 valetudine
1105 1057 1246 1109 populi
1276 1067 1369 1097 vota
1401 1058 1471 1098 est.
1494 1042 1661 1129 ἕβῆξῖἒηήω

168 1109 295 1149 multa
317 1112 379 1163 (2)
401 1111 605 1150 duumviri
627 1125 676 1152 ex
698 1111 823 1160 libris,
855 1113 1062 1164 placandae
1082 1113 1224 1153 Deum
1246 1114 1329 1163 irae,
1362 1129 1474 1155 aver-

167 1166 380 1220 tendaeque
403 1182 424 1206 a
445 1169 597 1222 populo
633 1169 752 1221 pestis
790 1170 926 1219 causa,
962 1169 1120 1210 fecere:
1151 1185 1298 1226 magna
1335 1181 1472 1212 tamen

168 1223 300 1262 clades
330 1225 371 1263 in
393 1225 491 1264 urbe
524 1225 722 1280 agrisque,
756 1228 818 1280 (3)
849 1225 1075 1279 promiscue
1109 1227 1324 1268 hominum
1352 1244 1473 1283 peco—

166 1292 339 1334 rumque
362 1282 553 1335 pernicie,
576 1293 753 1336 accepta.
777 1283 929 1322 famem
953 1286 1012 1339 (4)
1035 1285 1259 1326 cultoribus
1281 1301 1471 1340 agrorum

166 1336 355 1377 timentes
376 1339 416 1377 in
434 1339 651 1390 Etruriam,
682 1339 1030 1394 Pomptinumque
1052 1356 1210 1396 agrum,
1244 1346 1284 1384 ἃ
1301 1344 1472 1395 Cumas,

166 1392 369 1446 postremo
388 1396 428 1435 in
445 1396 624 1436 Siciliam
638 1411 801 1450 quoque
816 1397 1011 1437 frumenti
1027 1398 1147 1439 causa
1160 1400 1316 1439 misere.
1359 1402 1473 1442 Con-

166 1450 358 1490 sularium
389 1453 648 1492 comitiorum
684 1455 794 1494 nulla
825 1456 979 1494 mentio
1007 1455 1143 1496 habita
1164 1457 1234 1496 est.
1295 1457 1470 1498 Tribuni
1491 1450 1661 1491 U·⁰·3²3‘

165 1508 343 1548 militum
375 1509 573 1549 consulari
593 1511 786 1563 potestate
809 1525 950 1551 omnes
972 1513 1130 1565 patricii
1153 1514 1275 1554 creati
1294 1514 1398 1565 sunt,
1419 1516 1467 1556 L.
1489 1497 1679 1571 3:555}ssss

165 1564 351 1604 Pinarius
368 1567 664 1616 Mamercinus,
695 1569 744 1608 L.
764 1569 910 1608 Furius
934 1570 1205 1620 Medullinus,
1237 1571 1307 1626 Sp.
1325 1573 1468 1613 Postu·
1487 1584 1546 1614 ἃς.
1559 1584 1654 1615 Trib.

165 1622 271 1662 mius
294 1622 438 1662 Albus.
500 1624 560 1663 Eo
581 1638 687 1677 anno
718 1626 777 1665 vis
799 1625 929 1664 morbi
949 1627 1077 1666 levata
1096 1643 1108 1675 ;
1141 1642 1274 1681 neque
1297 1644 1468 1683 a-penu-
1487 1628 1561 1660 Mil.

162 1678 220 1717 ria
253 1679 462 1729 frumenti,
496 1681 589 1733 quia
623 1680 714 1721 ante
751 1682 955 1735 provisum
992 1693 1091 1733 erat,
1123 1685 1351 1738 periculum
1374 1687 1466 1728 fuit.

162 1735 336 1775 Confilia
373 1738 422 1776 ad
458 1739 656 1777 movenda
693 1738 795 1778 bella
814 1739 855 1777 in
879 1739 1124 1780 Volscorum
1147 1743 1466 1798 AEquorumque

160 1793 357 1841 conciliis,
382 1796 421 1834 δι
446 1795 486 1833 in
504 1794 663 1834 Etruria
687 1797 736 1835 ad
756 1795 899 1836 fanum
912 1797 1167 1848 Voltumnae,
1191 1801 1351 1856 agitata.
1405 1803 1468 1843 Ibi

161 1851 327 1903 prolatae
349 1851 389 1889 in
406 1865 557 1890 annum
580 1866 656 1899 reS,
689 1853 932 1907 decretoque
953 1864 1135 1906 cautum,
1167 1872 1217 1897 ne
1240 1860 1349 1912 quod
1373 1858 1467 1901 ante

160 1908 379 1948 concilium
403 1908 541 1959 fieret3
586 1910 860 1966 nequicquam
883 1912 1057 1968 Vejente
1080 1916 1232 1969 populo
1255 1927 1466 1969 querente,

1274 1975 1465 2027 eandem,

162 2080 286 2115 honore
299 2083 437 2122 abirent,
453 2085 579 2127 reliquo
595 2085 694 2118 trium
711 2097 873 2119 annorum
886 2087 917 2119 ἃ
936 2087 986 2120 sex
1002 2089 1158 2122 mensium
1175 2090 1279 2132 spatio
1295 2091 1376 2124 nulli
1390 2103 1464 2125 cens

161 2127 245 2158 sores
257 2127 291 2158 in
308 2130 474 2170 republica
486 2133 603 2161 forent.
651 2133 730 2173 (11)
754 2133 851 2164 Ratio
872 2134 1020 2164 redditur
1037 2145 1095 2166 cur
1112 2137 1260 2177 exemplo
1277 2138 1464 2169 acerbitatis

160 2172 310 2203 censoriae
322 2173 431 2205 offensi
450 2176 569 2206 fuerint
585 2177 704 2207 Patres.
751 2177 834 2208 Illud
856 2188 973 2219 nempe
990 2179 1236 2211 formidolosum
1253 2181 1371 2222 cuique
1384 2191 1465 2221 erat,

162 2217 316 2255 quamdiu
334 2219 517 2250 censoribus
531 2220 692 2261 subjectus
709 2222 803 2252 foret.
849 2223 1040 2254 Deminutio
1051 2231 1158 2255 autem
1176 2225 1311 2256 censorii
1325 2227 1406 2267 juris
1423 2237 1463 2258 eo

160 2260 288 2290 tantum
313 2269 458 2303 ternpore
476 2265 516 2295 ad
542 2275 705 2306 quemque
721 2265 884 2307 pertinere
910 2276 1051 2309 poterat,
1076 2279 1142 2310 quo
1159 2270 1272 2301 censor
1288 2270 1355 2312 ipse
1371 2274 1462 2303 futu-

162 2314 215 2335 rus
233 2304 316 2336 esset.

207 2368 242 2397 C.
262 2376 311 2405 25.
330 2367 382 2408 (1)
399 2367 448 2399 Sic
473 2369 569 2410 supra
585 2371 604 2401 1.
627 2381 657 2402 1.
684 2382 710 2402 c.
728 2382 779 2412 33.
790 2380 888 2414 atque
903 2372 949 2406 ita
966 2373 1048 2416 saepe
1065 2375 1190 2408 codices
1206 2376 1336 2408 Liviani
1354 2378 1462 2409 casum

160 2411 286 2442 rectum
316 2411 506 2453 singularem
531 2415 625 2457 hujus
652 2416 741 2447 vocis
768 2417 921 2450 efferunt.
968 2421 1023 2461 (2)
1046 2420 1122 2450 Vid.
1139 2421 1237 2462 supra
1263 2422 1286 2452 l.
1317 2432 1346 2461 3.
1363 2433 1388 2453 c.
1410 2432 1461 2453 10,

158 2455 216 2495 (3)
241 2457 428 2487 Gronovius
442 2457 645 2490 scribendum
662 2469 758 2501 putat
774 2462 944 2504 promiscua.
993 2465 1046 2504 (4)
1070 2466 1147 2496 Non
1159 2466 1231 2496 satis
1244 2475 1380 2507 apparet
1401 2478 1460 2498 cur

159 2501 257 2529 fames
275 2500 381 2540 potius
411 2501 562 2533 timeatur
579 2503 759 2536 cultoribus
779 2517 944 2547 agrorum,
965 2512 1063 2548 quam
1080 2509 1163 2540 urbi.
1211 2510 1399 2542 Gronovius
1416 2512 1460 2542 le-

158 2545 297 2583 gendum
326 2544 504 2585 suspicatur
527 2549 628 2578 incultu
652 2561 800 2590 agrorum;
830 2552 1105 2590 quemadmodum
1129 2554 1215 2585 infra
1242 2554 1262 2585 l.
1280 2565 1332 2592 42.
1363 2567 1389 2586 c.
1409 2566 1459 2587 12.

159 2588 190 2619 ὃ(
204 2587 323 2619 Sallust.
341 2588 373 2620 in
383 2590 475 2622 Catil.
493 2602 516 2622 e.
535 2601 587 2632 55.
605 2593 635 2624 Sc
653 2592 686 2625 in
702 2595 773 2637 Jug.
790 2605 815 2625 c.
831 2604 861 2625 2.
888 2597 980 2628 Unus
999 2598 1097 2629 codex
1110 2598 1347 2643 manuscriptus
1359 2600 1456 2631 haber

787 2641 816 2670 U
844 2648 860 2671 2
1336 2647 1458 2675 adfores,
