1832 3137
391 264 671 314 LIBER
731 271 783 312 11.
844 264 1026 316 cm).
1087 275 1178 316 xx.

146 384 254 425 festis
274 382 520 423 venientium
539 381 662 422 hastis
684 381 774 431 fuit,
796 391 839 421 ut
859 382 1066 424 brachium
1088 385 1261 425 AEbutio‘
1275 385 1418 441 trajec-¹

145 452 233 480 tum
261 442 319 491 sit,
345 440 531 479 Mamilio
559 439 701 492 petitus
733 441 966 492 percussum.
1027 443 1149 482 Hunc
1182 443 1342 494 quidem
1377 444 1414 481 in

145 499 357 539 secundam
379 497 504 536 aciem
525 497 658 536 Latini
684 511 879 550 recepere.
942 498 1146 549 AEbutius‚
1179 514 1302 552 quum
1334 500 1420 539 sau-

146 556 208 595 cio
221 554 382 595 brachio
403 563 536 593 tenere
553 555 678 593 telum
695 567 775 592 non
801 554 938 606 posset,
954 556 1087 609 pugna
1114 557 1280 595 excessit.
1342 557 1420 596 La-

146 613 254 651 tinus
275 613 370 660 dux,
411 611 510 650 nihil
541 611 751 650 deterritus
789 612 967 661 vulnere,
998 612 1184 665 proelium
1226 614 1328 661 ciet3
1362 618 1420 663 δι’,

147 669 240 721 quia
269 668 356 708 suos
378 667 576 721 perculsos
608 667 780 715 videbat,
819 668 968 707 arcessit
1003 669 1208 709 cohortem
1243 671 1422 709 exsulum

148 726 442 774 Romanorum,
465 725 528 764 cui
549 726 596 764 L.
618 725 828 777 Tarquinii
865 724 970 764 filius
997 736 1173 778 praeerat.
1211 741 1272 778 ea,
1312 729 1421 779 quod

147 784 296 838 majore
312 782 513 837 pugnabat
539 783 596 821 ira
615 782 666 821 ob
687 791 820 834 erepta
840 781 945 821 bona
979 783 1225 836 patriamque
1265 784 1424 837 adempa

150 850 248 889 tam,
266 854 442 893 pugnam
463 853 676 893 parumper
691 839 873 878 restituit.

206 897 299 937 XX.
333 896 616 936 Referentibus
630 897 713 950 jam
733 897 876 949 pedem
910 896 958 936 ab
990 898 1035 936 ea
1064 906 1172 950 parte
1214 898 1425 945 Romanis,

147 954 211 994 Μ.
233 954 433 1002 Valerius,
450 953 666 994 Publicolae
687 953 824 1003 frater,
842 953 1088 1007 conspicatus
1109 954 1282 994 ferocem
1313 957 1427 1009 juve-—

149 1025 244 1051 nem
256 1011 539 1064 Tarquinium,
571 1011 834 1050 ostentantem
854 1011 891 1050 se
914 1012 953 1049 in
970 1011 1097 1064 prima
1118 1012 1297 1051 exsulum
1329 1013 1428 1060 acie,

150 1067 366 1108 domestica
383 1068 503 1108 etiam
519 1067 642 1122 gloria
660 1068 860 1118 accensus,
880 1078 940 1117 ut,
971 1069 1086 1123 cujus
1107 1068 1266 1108 familiae
1306 1070 1428 1109 decus

151 1126 271 1181 ejetffi
287 1140 399 1180 reges
412 1135 538 1175 erant,
559 1125 735 1180 ejusdem
769 1125 970 1165 interfeCH
1005 1125 1151 1177 forent,
1182 1126 1311 1166 subdit
1351 1128 1430 1165 cal-

152 1184 258 1223 caria
279 1197 397 1236 equo,
417 1186 456 1224 &
475 1183 742 1236 Tarquinium
757 1182 898 1222 infesto
921 1182 1069 1235 spiculo
1090 1184 1199 1236 petit.
1258 1183 1430 1236 Tarqui-

155 1241 247 1280 nius
279 1250 384 1279 retro
405 1241 445 1279 in
466 1254 609 1295 agmen
631 1240 791 1279 suorum
809 1239 960 1279 infenso
997 1239 1101 1279 ceflit
1136 1240 1250 1279 hosti.
1308 1241 1430 1279 Vale-

153 1298 273 1346 rium,
295 1307 442 1337 temere
464 1297 667 1337 invefitum
686 1297 727 1335 in
752 1296 931 1336 exsulum
968 1297 1108 1346 aciem,
1137 1311 1183 1336 ex
1215 1297 1429 1336 transverso

154 1355 318 1408 quidam
335 1356 496 1394 adortus
517 1354 737 1408 transfigit:
768 1368 840 1394 nec
862 1354 1076 1407 quicquam
1098 1355 1241 1406 equitis
1268 1356 1429 1393 vulnere

155 1427 260 1465 equo
281 1413 495 1462 retardato,
516 1411 777 1451 moribundus
800 1412 1023 1458 Romanus,
1057 1410 1278 1450 labentibus
1315 1411 1431 1464 super

155 1484 301 1522 corpus
330 1469 463 1517 armis,
496 1470 544 1508 ad
565 1478 710 1508 terram
731 1467 908 1507 defluxit.
968 1467 1155 1507 Di&ator
1190 1468 1430 1516 Postumius,

156 1527 365 1580 postquam
387 1526 563 1565 cecidiffe
580 1526 699 1564 talem
719 1525 864 1573 virum,
898 1524 1048 1564 exsules
1085 1524 1269 1565 ferociter
1310 1526 1429 1564 citato

156 1584 313 1637 agmine
336 1582 482 1631 invehi,
509 1583 597 1621 suos
628 1582 826 1635 perculsos
860 1583 998 1621 cedere
1027 1582 1332 1630 animadvertit3
1364 1597 1432 1622 co-

157 1640 262 1679 horti
284 1640 375 1688 suae,
408 1654 526 1692 quam
548 1639 744 1679 delectam
761 1652 924 1678 manum
947 1639 1110 1691 praesidii
1133 1640 1249 1678 causa
1270 1639 1372 1678 circa
1394 1640 1431 1678 se

157 1697 340 1745 habebat,
355 1698 421 1736 dat
440 1700 502 1750 (1)
520 1697 688 1750 signum,
706 1705 763 1744 ut,
781 1710 900 1748 quem
916 1695 1076 1734 suorum
1094 1695 1312 1750 fugientem
1326 1697 1434 1735 vide-

159 1755 254 1803 rint,
276 1769 347 1807 pro
377 1753 487 1793 hoste
508 1753 690 1792 habeant.
725 1753 778 1792 ita
809 1762 918 1791 metu
958 1752 1118 1806 ancipiti
1148 1754 1242 1792 vers1
1284 1768 1304 1792 a
1340 1753 1436 1807 fuga

161 1811 337 1851 Romani
359 1811 398 1849 in
420 1810 587 1858 hostem,
612 1814 650 1850 &
673 1810 850 1849 restituta
865 1810 979 1850 acies.
1040 1809 1194 1849 Cohors
1230 1811 1435 1850 dietam-is

160 1879 247 1908 tum
269 1866 445 1922 primum
467 1869 654 1921 proelium
676 1868 775 1906 iniit.
794 1867 956 1921 integris
973 1867 1203 1920 corporibus
1218 1867 1434 1919 animisque

161 1927 276 1966 fessos
293 1926 419 1966 adorti
436 1925 586 1965 exsules
604 1926 774 1964 caedunt.
826 1925 885 1964 Ibi
902 1925 975 1963 alia
989 1925 1090 1963 inter
1103 1939 1284 1978 proceres
1301 1935 1435 1963 coorta

162 1998 308 2038 pugna.
369 1984 588 2036 Imperator
601 1983 784 2032 Latinus,
807 1982 873 2021 ubi
890 1982 1094 2021 cohortem
1108 1982 1286 2020 exsulum
1312 1997 1332 2020 a
1354 1982 1436 2020 dic-

163 2052 290 2081 tatore
322 2042 509 2080 Romano
531 2037 652 2093 prope
670 2039 980 2079 circumventam
1001 2039 1114 2088 vidit,
1135 2053 1182 2078 ex
1206 2039 1436 2078 subsidiariis

165 2099 389 2152 manipulos
410 2099 560 2151 aliquot
577 2098 616 2135 in
639 2097 806 2150 primam
824 2097 949 2136 aciem
971 2096 1102 2136 secum
1125 2097 1236 2149 rapit.
1271 2096 1344 2135 hos
1371 2111 1438 2149 ag-

166 2156 272 2195 mine
289 2156 490 2195 venientes
511 2156 561 2194 T.
585 2154 819 2193 Herminius
840 2155 992 2208 legatus
1023 2153 1285 2206 conspicatus,
1318 2153 1438 2191 inter-

167 2227 244 2265 que
277 2228 344 2252 eos
378 2213 568 2267 insignem
603 2211 706 2252 veste
737 2211 932 2263 armisque
968 2210 1197 2249 Mamilium
1228 2210 1439 2257 noscitans,

167 2280 277 2309 tanto
293 2271 331 2309 vi
348 2272 511 2324 majore,
542 2272 663 2322 quam
684 2266 817 2321 paullo
832 2279 921 2307 ante
934 2268 1116 2322 magister
1131 2268 1325 2320 equitum,
1347 2281 1440 2306 curn

167 2327 340 2367 hostium
362 2329 462 2366 duce
483 2327 670 2380 proelium
686 2326 788 2374 iniit,
806 2336 849 2364 ut
867 2329 903 2365 δε
922 2340 1002 2364 uno
1025 2325 1107 2364 ics'tu
1125 2324 1357 2364 transfixum
1372 2338 1440 2376 per

168 2386 270 2424 latus
287 2385 475 2423 occiderit
497 2384 745 2433 Mamilium,
765 2387 803 2423 &
822 2383 899 2436 ipse
917 2383 1017 2422 inter
1038 2382 1283 2435 spoliandum
1298 2395 1440 2434 corpus

167 2441 290 2481 hostis
306 2451 444 2480 veruto
458 2442 670 2494 percussus,
687 2455 813 2493 quum
829 2440 956 2479 vi&or
974 2440 1013 2478 in
1035 2440 1157 2479 castra
1172 2440 1261 2478 effet
1281 2440 1442 2486 relatus,

172 2499 274 2538 inter
295 2499 463 2551 primam
486 2499 730 2538 curationem
751 2497 1013 2551 exspiraverit.
1072 2498 1181 2536 Tum
1221 2497 1268 2535 ad
1290 2495 1440 2547 equites

173 2557 344 2596 diritator
359 2557 527 2604 advolat,
541 2555 752 2604 obtestans,
766 2564 823 2603 ut,
841 2555 934 2595 fefl'o
952 2556 1035 2610 jam
1050 2555 1194 2608 pedite,
1205 2553 1440 2593 descendant

1393 2623 1439 2647 ex

220 2731 257 2762 C.
276 2739 324 2761 20.
347 2730 472 2771 (1)Per
489 2738 588 2762 totam
605 2730 769 2763 cohortem
780 2729 914 2771 perferri
932 2730 990 2761 hoc
1003 2728 1169 2770 imperium
1184 2728 1271 2759 suum
1287 2726 1381 2773 jubet.
1395 2723 1441 2797 -ἶῐε

1362 2779 1391 2798 111
1410 2778 1441 2796 sd

1556 291 1624 319 111
