1905 3168
205 726 244 755 U.
261 736 285 755 c.
302 734 371 761 114.

203 773 245 800 A.
263 771 298 801 C.
319 769 391 807 638.

200 816 291 845 Ancus
310 817 402 845 Myr-

197 862 250 889 cim
264 873 314 891 rex
325 862 402 902 elfgi-

196 911 250 935 t‘ur.

285 1102 304 1140 ,Γ

197 1145 286 1174 Sacra
297 1148 349 1176 rite
357 1159 398 1176 co-

194 1191 270 1220 leuda
287 1200 374 1222 curat.

873 300 923 341 T.
983 300 1237 344 LIVII

423 420 504 449 non
527 407 599 450 rite
628 409 771 450 initum
794 421 861 451 aut
882 422 1065 453 curatum
1095 415 1135 454 id
1167 415 1319 455 sacrum
1341 414 1440 463 effe3
1477 428 1549 458 nec
1572 414 1701 457 solum

424 469 574 506 nullam
597 468 632 507 ei
653 467 824 508 oblatam
847 470 1068 510 coelestium
1090 472 1275 525 speciem,
1307 473 1371 513 sed
1394 474 1450 512 ira
1469 474 1596 525 Jovis,
1628 475 1703 514 sol-

422 525 561 564 licitati
582 526 701 579 prava
717 526 921 581 religione,
943 527 1110 568 fulmine
1128 529 1255 570 ictum
1273 545 1365 570 cum
1382 532 1501 571 domo
1524 535 1584 586 (7)
1606 547 1702 572 con-2

421 581 609 636 flagrasse.
668 583 813 624 Tullus
834 586 977 640 magna
997 585 1123 640 gloria
1141 587 1233 627 belli
1253 588 1432 643 regnavit
1452 603 1576 630 annos
1601 590 1704 629 duos

425 641 461 678 &
491 640 665 694 triginta.

478 697 654 737 XXXII.
715 699 881 739 Mortuo
898 700 1036 751 Tullo,
1069 715 1145 751 res,
1175 712 1219 742 ut
1245 702 1470 742 institutum
1497 705 1582 758 jam
1608 704 1702 744 inde

421 753 469 793 ab
489 755 603 795 initio
624 766 721 805 erat,
750 758 798 796 ad
823 758 960 798 Patres
984 759 1179 799 redierat:
1213 759 1335 812 hique
1362 761 1600 815 interregem
1630 776 1702 801 no-

420 812 680 853 minaverant.
714 829 794 867 quo
817 816 978 855 comitia
997 815 1184 865 habente,
1221 817 1385 856 Ancum
1410 818 1613 858 Marcium
1639 834 1702 859 re-

419 884 511 923 gem
547 873 719 924 populus
754 873 924 912 creavit:
968 874 1105 913 Patres
1141 873 1253 913 fuere
1285 874 1482 915 auctores.
1550 876 1701 916 Numae

421 929 607 981 Pompilii
637 930 740 983 regis
772 944 910 983 nepos,
949 929 1030 970 filia
1059 941 1185 979 ortus,
1223 932 1363 972 Ancus
1392 932 1572 972 Marcius
1602 943 1699 973 erat.

419 985 503 1037 qui,
535 995 579 1025 ut
600 1001 765 1041 regnare
787 987 924 1041 coepit,
964 991 1000 1027 δε
1024 989 1138 1028 avitae
1164 989 1302 1043 gloriae
1328 1003 1497 1039 memor,
1535 992 1575 1030 δε
1607 991 1702 1043 quia

417 1043 647 1095 proximum
667 1059 851 1099 regnum,
884 1055 1013 1085 cetera
1033 1047 1257 1101 egregium,
1289 1046 1337 1086 ab
1359 1046 1437 1086 una
1462 1056 1572 1101 parte
1592 1047 1700 1087 haud

417 1099 507 1140 satis
538 1101 771 1155 prosperum
802 1102 947 1152 fuerat,
991 1114 1059 1142 aut
1091 1104 1284 1158 neglectis
1316 1105 1589 1159 religionibus,
1632 1114 1702 1145 aut

401 1156 534 1210 prave
557 1159 700 1208 cultis;
732 1160 849 1214 longe
871 1162 932 1214 (1)
955 1161 1267 1213 antiquissimum
1287 1172 1410 1212 ratus,
1443 1162 1549 1203 sacra
1570 1162 1704 1216 publi-

414 1230 477 1265 ca,
514 1225 558 1255 ut
590 1217 638 1256 ab
667 1218 806 1257 Numa
836 1218 1015 1257 instituta
1047 1228 1173 1267 erant,
1209 1218 1366 1267 facere3
1407 1220 1541 1259 omnia
1573 1231 1618 1259 ea
1650 1234 1699 1259 ex

414 1275 712 1314 commentariis
741 1275 844 1329 regis
866 1275 1115 1328 pontificem,
1147 1277 1187 1315 in
1209 1278 1269 1330 (2)
1292 1276 1426 1316 album
1448 1279 1586 1326 relata,
1608 1292 1702 1330 pro-

413 1345 561 1382 ponere
588 1332 628 1370 in
650 1332 811 1385 publico
832 1333 960 1387 jubet.
998 1333 1089 1372 inde
1117 1337 1157 1375 &
1184 1334 1335 1374 civibus
1360 1335 1430 1374 otii
1453 1335 1623 1388 cupidis,
1659 1338 1697 1374 ἃ

412 1387 594 1428 finitimis
622 1389 847 1429 civitatibus
872 1390 980 1429 faeta
1002 1390 1102 1443 spes,
1137 1391 1178 1429 in
1200 1392 1262 1430 avi
1289 1406 1420 1432 mores
1442 1402 1559 1444 atque
1592 1392 1700 1432 insti-

413 1455 498 1484 tuta
519 1460 654 1500 regem
678 1446 892 1485 abiturum.
953 1448 1081 1501 Igitur
1102 1448 1250 1496 Latini,
1282 1462 1375 1487 cum
1394 1449 1561 1502 quibus,
1575 1450 1699 1489 Tullo

412 1514 618 1557 regnante,
665 1504 793 1543 ictum
831 1504 966 1543 foedus
999 1514 1096 1553 erat,
1143 1504 1379 1544 sustulerant
1414 1507 1592 1546 animos:
1641 1509 1701 1557 &,

413 1575 540 1613 quum
568 1561 833 1601 incurfionem
865 1563 906 1601 in
928 1576 1068 1616 agrum
1091 1562 1326 1602 Romanum
1358 1562 1552 1615 fecissent,
1587 1578 1700 1617 repe-

413 1619 588 1658 tentibus
617 1634 679 1659 res
700 1619 897 1658 Romanis
920 1617 1083 1672 superbe
1115 1619 1345 1672 responsum
1366 1622 1565 1669 reddunt,
1603 1622 1699 1661 defi-

412 1677 504 1715 dem
527 1677 761 1716 Romanum
781 1691 916 1730 regem
946 1676 1048 1716 inter
1069 1676 1207 1716 sacella
1231 1680 1270 1717 &
1300 1692 1386 1717 aras
1408 1678 1595 1718 aelurum
1624 1680 1699 1718 esse

412 1747 581 1788 regnum
612 1734 699 1774 rati.
761 1734 950 1773 Medium
979 1737 1039 1787 (3)
1071 1744 1154 1773 erat
1187 1734 1227 1772 in
1249 1736 1366 1789 Anco
1399 1736 1621 1790 ingenium,
1656 1739 1694 1776 &

410 1791 576 1840 Numae,
614 1795 654 1832 &-
689 1792 857 1831 Romuli
890 1805 1068 1831 memor:
1113 1794 1167 1839 δι’,
1200 1794 1261 1846 (4)
1286 1803 1553 1845 praeterquam
1584 1791 1697 1846 quod

411 1848 472 1887 avi
494 1863 617 1903 regno
639 1849 765 1903 magis
786 1849 1039 1888 necessariam
1060 1849 1172 1888 fuisse
1193 1863 1332 1902 pacem
1349 1850 1547 1900 credebat,
1569 1865 1695 1904 quum

410 1906 450 1944 in
472 1921 591 1955 novo,
623 1916 709 1945 tum
732 1906 855 1946 feroci
877 1907 1053 1960 populo;
1089 1907 1224 1954 etiam,
1256 1908 1364 1959 quod
1391 1908 1447 1947 illi
1475 1909 1701 1962 contigisset

408 1963 551 2011 otium,
584 1964 661 2003 fine
688 1965 832 2019 injuria
862 1965 901 2003 id
935 1964 972 2003 se
993 1964 1100 2003 haud
1122 1962 1237 2004 facile
1258 1964 1514 2005 habiturum:
1550 1967 1697 2005 tentari

408 2022 655 2073 patientiam,
679 2025 719 2062 δε
738 2032 929 2061 tentatam
947 2022 1174 2061 contemni:
1205 2032 1465 2076 temporaque
1481 2024 1556 2062 effe
1572 2024 1696 2063 Tullo

407 2080 489 2133 regi
512 2080 680 2132 aptiora,
711 2078 831 2132 quam
852 2080 1014 2119 Numae.
1077 2080 1139 2120 Ut
1163 2089 1311 2130 tamen,
1344 2081 1534 2134 quoniam
1556 2081 1695 2120 Numa

1651 2153 1693 2177 m

407 2261 441 2284 ut
459 2263 658 2296 operaretur.
709 2252 829 2296 Opemzri
845 2264 950 2286 autem
963 2265 1025 2285 vox
1043 2254 1135 2286 sacris
1153 2255 1294 2296 propria.
1343 2255 1432 2297 Virg.
1452 2257 1569 2297 Georg.
1591 2264 1619 2285 1.
1638 2264 1688 2296 39.

405 2301 472 2329 lavis
490 2307 609 2340 opetum.
629 2304 656 2330 iu
672 2302 771 2330 herbis.
819 2301 873 2340 (7)
891 2300 1038 2340 Plerique
1055 2299 1224 2340 scriptores
1241 2300 1373 2331 tradunt
1389 2300 1523 2331 Tullum
1539 2300 1579 2330 ab
1595 2303 1692 2332 Anco

407 2344 535 2374 Marcio
552 2344 688 2375 occisum
705 2344 775 2381 effe,
797 2345 979 2387 regiamque
995 2344 1164 2375 incensam.

450 2426 484 2455 C.
502 2434 552 2463 32.
579 2426 633 2466 (1)
644 2427 723 2456 Rem
735 2425 790 2456 fibi
803 2434 877 2457 ante
891 2425 966 2457 alias
978 2436 1087 2456 omnes
1100 2425 1344 2466 providendam.
1374 2426 1496 2456 Eodem
1513 2426 1611 2463 sensu,
1626 2435 1690 2457 vox

404 2471 588 2513 πξεσὲυτεξω
604 2470 778 2511 usurpatur
794 2472 881 2511 apud
899 2473 1034 2502 Grcccos.
1081 2471 1136 2511 (2)
1158 2470 1319 2501 Tabulam
1339 2471 1454 2508 albam,
1477 2471 1509 2501 in
1527 2471 1589 2511 qu&
1605 2479 1689 2501 atra-

403 2522 513 2544 mento
530 2514 737 2545 scribebatur.
785 2517 840 2555 (3)
860 2515 948 2546 Pacis
964 2515 1055 2546 simul
1076 2516 1106 2544 &z
1125 2515 1199 2545 belli
1224 2516 1346 2546 artibus
1363 2524 1586 2557 temperatum.
1634 2516 1691 2556 (4)

403 2560 508 2589 Locus
535 2559 747 2590 subobscurus
775 2560 914 2597 videtur,
940 2559 980 2590 s1c
1008 2567 1115 2590 autem
1138 2559 1381 2601 intelligendus:
1416 2560 1501 2591 Anci
1525 2559 1688 2601 ingenium

376 2598 381 2601 ³
402 2603 543 2647 medium
559 2612 626 2635 erat
650 2604 734 2635 inter
750 2605 879 2636 Romuli
903 2604 1044 2636 indolem
1067 2615 1103 2635 ac
1128 2606 1257 2642 Numae3
1287 2608 1334 2641 Εἴ,
1356 2605 1478 2635 Volscis
1501 2604 1687 2635 tollentibus

402 2647 533 2684 animos,
554 2650 676 2679 credebat
692 2660 757 2679 non
770 2649 867 2680 mod&
878 2658 971 2692 pacem
987 2653 1069 2691 magi.»
1087 2649 1347 2693 necqffizriamfuIffi)
1361 2649 1558 2690 temporibus
1575 2650 1687 2679 Numae

401 2696 498 2732 quam
514 2692 575 2724 suis
590 2694 682 2733 (quia
698 2694 837 2735 populus
854 2695 885 2725 Sc
901 2708 983 2725 novus
1009 2701 1086 2724 tunc
1103 2694 1256 2735 temporis
1272 2695 1333 2726 suit
1351 2696 1382 2724 ὃ(
1394 2694 1512 2735 ferox),
1538 2694 1590 2724 sed
1605 2697 1688 2723 etiam

391 2739 424 2776 J?
439 2739 512 2767 huual
521 2739 614 2779 facilc>
627 2740 777 2769 habiturum
793 2742 824 2769 id
842 2743 923 2771 otium
940 2741 1007 2780 quod
1025 2741 1071 2768 illi
1083 2740 1248 2780 conhgfflh
1284 2747 1350 2776 aut,
1373 2739 1394 2769 sl
1411 2738 1444 2768 in
1461 2739 1528 2779 Otlp
1549 2739 1689 2779 degeget,

399 2783 506 2823 ἐκφανῆ-ι’
539 2783 712 2815 obnoxium
748 2784 824 2816 sore.
892 2786 965 2816 Vox
1000 2785 1121 2816 credebat
1152 2783 1400 2826 subintelligitur
1428 2784 1497 2825 post
1526 2785 1614 2867 etian3.
1646 2783 1684 2811 E.

1557 2828 1590 2868 (5
1634 2826 1685 2866 Εἲς
