1853 3158
154 270 233 306 104

160 678 239 719 Juno
256 677 329 706 Mo-

157 729 228 753 ncta.

160 1085 200 1114 U.
212 1093 237 1113 c.
254 1090 332 1119 411.

159 1131 201 1159 A.
215 1128 250 1158 C.
263 1135 340 1164 341.

161 1174 200 1204 C.
220 1170 349 1201 Marcio

160 1219 209 1247 111.
220 1216 259 1245 T.
266 1216 364 1244 Man-

160 1261 203 1293 lio
221 1262 256 1290 ΙΙ.
274 1258 354 1291 Coff.

170 1862 207 1893 U.
223 1871 249 1891 c.
266 1867 339 1897 412.

167 1909 213 1938 A.
231 1907 265 1936 C.
283 1913 355 1943 340.

168 1952 218 1982 M.
231 1949 363 1980 Valerio

168 1997 219 2026 111.
238 1998 276 2025 A.
294 1996 373 2025 Cor-

169 2039 255 2072 nelio
273 2037 358 2071 Coff.

837 251 1208 301 T.L1V11

372 371 492 418 effet3
524 367 716 423 legiones,
749 376 946 421 quantum
981 366 1172 407 maturari
1207 364 1352 419 potuit,
1384 365 1425 403 in
1455 364 1672 404 Auruncos

376 427 524 468 duciae.
557 426 611 466 ibi
643 427 882 479 praedonum
913 424 1054 479 magis,
1086 423 1208 477 quam
1237 422 1429 472 hostium,
1461 421 1584 460 animi
1612 420 1673 459 in-

375 485 498 527 venti.
560 482 694 526 Prima
729 484 864 535 itaque
901 482 984 522 acie
1018 488 1042 534 †
1077 482 1319 522 debellatum
1353 479 1423 519 est.
1483 477 1675 518 Dictator

377 552 529 593 tamen,
562 541 654 594 quia
679 544 719 581 &
742 541 847 580 ultro
867 539 1018 579 bellum
1035 540 1266 588 intulerant,
1300 542 1337 579 &
1370 538 1447 576 fine
1477 534 1676 576 detrecta-

379 601 487 641 tione
504 600 542 640 se
564 598 772 640 certamini
793 597 1027 646 offerebant,
1057 598 1243 637 Deorum
1261 609 1421 649 quoque
1443 607 1539 648 opes
1563 591 1678 632 adhi-

378 659 528 700 bendas
562 667 688 707 ratuS,
725 656 828 695 inter
860 655 984 709 ipsam
1023 655 1322 694 dimicationem
1358 654 1486 692 aedem
1522 649 1678 703 Junoni

380 717 560 758 Monetae
598 717 659 769 (2)
691 714 821 754 vovit:
852 714 966 767 cujus
997 718 1021 764 †
1055 713 1267 751 damnatus
1288 711 1370 750 voti
1399 723 1526 763 quum
1544 707 1677 747 victor

381 775 559 814 Romam
580 772 812 823 revertiflet,
829 768 1028 809 dietatura
1046 770 1082 809 se
1100 768 1309 808 abdicavit.
1341 768 1512 808 Senatus
1529 767 1677 806 duum-

380 833 485 872 viros
507 832 555 871 ad
577 843 666 869 eam
687 830 813 869 aedem
835 842 907 881 pro
929 827 1191 881 amplitudine
1220 826 1360 879 populi
1382 825 1559 865 Romani
1581 823 1679 862 faci-

380 891 526 930 endam
558 886 682 927 creari
714 886 834 941 juffit.
869 887 980 925 locus
1017 884 1058 924 in
1092 898 1179 923 aree
1213 884 1447 931 destinatus,
1476 896 1566 935 quae
1588 893 1679 919 area

381 948 530 988 aedium
550 945 613 985 M.
637 944 784 984 Manlii
807 942 1026 996 Capitolini
1061 941 1204 981 fuerat.
1267 940 1476 988 Consules,
1508 938 1680 978 ‹licitato-

381 1006 435 1045 ris
456 1003 634 1044 exercitu
656 1002 704 1040 ad
730 1001 880 1039 bellum
901 999 1097 1039 Volscum
1132 1000 1201 1048 ufi,
1232 999 1374 1038 Soram
1405 1012 1453 1036 ex
1483 995 1682 1046 hostibus,

382 1064 565 1102 incautos
587 1058 731 1108 adorti,
762 1066 968 1109 ceperunt.
1031 1058 1154 1096 Anno
1176 1055 1282 1110 post,
1312 1055 1436 1108 quam'
1467 1064 1558 1094 vota
1580 1061 1680 1101 erat,

383 1121 488 1159 aedes
510 1118 693 1157 Monetae
725 1114 948 1162 dedicatur,
979 1113 1027 1152 C.
1059 1114 1217 1154 Marcio
1240 1114 1383 1153 Rutilo
1413 1111 1595 1159 tertium,
1625 1110 1678 1150 T.

383 1175 541 1216 Manlio
563 1173 774 1224 Torquato
801 1168 1025 1209 secundum
1053 1171 1293 1211 consulibus.
1354 1170 1590 1224 Prodigium
1612 1181 1682 1207 ex-

383 1234 535 1286 templo
557 1228 851 1270 dedicationem
886 1226 1084 1277 secutum,
1116 1227 1238 1266 fimile
1261 1229 1320 1281 (3)
1341 1227 1496 1267 vetusto
1529 1225 1680 1265 montis

386 1290 532 1334 Albani
550 1287 747 1342 prodigio.
779 1299 955 1337 namque
980 1288 1019 1326 Se
1042 1284 1240 1337 lapidibus
1257 1284 1372 1337 pluit,
1396 1287 1434 1324 &
1458 1298 1537 1322 nox
1559 1284 1682 1322 inter-

382 1349 452 1389 diu
483 1347 563 1387 visa
598 1344 750 1384 intendi
784 1346 868 1396 (4):
899 1348 923 1395 †
955 1342 1141 1395 librisque
1178 1341 1382 1395 inspeEtiS„
1414 1355 1540 1392 quum
1564 1341 1682 1393 plena

382 1406 574 1460 religione
598 1402 735 1442 civitas
767 1402 874 1449 effet,
906 1399 1058 1439 senatui
1094 1400 1262 1452 placuit,
1294 1398 1533 1438 di&atorem
1565 1396 1683 1436 feria-

383 1479 475 1504 rum
510 1460 880 1503 constituendarum
916 1457 1036 1498 causa
1070 1458 1161 1497 dici.
1223 1456 1374 1496 Dictus
1415 1455 1460 1494 P.
1494 1455 1682 1494 Valerius

382 1520 602 1563 Publicola.
627 1517 814 1572 magister
835 1516 1019 1569 equitum
1051 1516 1087 1555 ei
1118 1514 1340 1572 QFabius
1362 1512 1584 1553 Ambustus
1616 1513 1686 1551 da·-

382 1589 448 1619 tus
469 1578 539 1618 est.
597 1576 695 1616 Non
719 1575 843 1614 tribus
866 1572 1025 1613 tantum
1048 1573 1314 1627 supplicatum
1344 1572 1400 1611 ire
1421 1570 1587 1625 placuit,
1618 1569 1686 1608 sed

385 1637 578 1676 finitimos
610 1634 731 1674 etiam
767 1633 965 1687 populos;
997 1632 1176 1684 ordoque
1213 1631 1275 1678 iis,
1305 1644 1386 1683 quo
1418 1628 1584 1682 quisque
1621 1627 1685 1666 die

384 1694 668 1747 supplicarent,
701 1691 883 1730 statutus,
947 1689 1105 1742 Judicia
1127 1703 1174 1728 eo
1205 1703 1310 1727 anno
1332 1687 1470 1740 populi
1491 1685 1615 1725 tristia
1643 1684 1686 1723 in

386 1752 651 1791 foeneratores
685 1748 808 1796 faeta,
841 1747 986 1800 quibus
1023 1746 1072 1786 ab
1108 1745 1288 1786 :edilibus
1321 1745 1430 1785 dicta
1461 1743 1544 1783 dies
1578 1742 1686 1791 effet,

386 1810 614 1849 traduntur.
664 1807 715 1845 Et
731 1820 808 1854 res,
830 1805 937 1844 haud
959 1803 1041 1844 ulla
1058 1804 1198 1858 insigni
1221 1805 1269 1842 ad
1291 1801 1527 1842 memoriam
1550 1798 1687 1851 causa,

389 1869 439 1907 ad
455 1867 730 1918 interregnum
747 1863 877 1903 rediit.
939 1863 999 1902 Ex
1017 1863 1263 1916 interregno,
1295 1863 1356 1914 (5)
1378 1869 1423 1899 ut
1443 1860 1483 1898 id
1503 1864 1528 1911 †
1547 1857 1688 1898 actum

389 1925 515 1965 videri
537 1924 675 1977 pofl'et,
707 1921 824 1961 ambo
846 1920 1002 1974 patricii
1025 1920 1205 1960 consules
1233 1918 1355 1958 creati
1381 1917 1487 1967 sunt,
1518 1916 1580 1956 M.
1604 1916 1689 1956 Va-

391 1983 512 2023 lerius
528 1981 686 2021 Corvue
706 1977 889 2028 tertium,
923 1979 975 2018 A.
995 1977 1207 2018 Cornelius
1228 1976 1380 2016 Coffus.

450 2039 608 2079 XXIX.
642 2038 803 2092 lvsajora
822 2038 906 2091 jam
926 2035 1020 2076 hinc
1039 2035 1157 2083 bella,
1192 2037 1231 2074 &
1248 2033 1398 2073 viribus
1422 2031 1613 2079 hostium,
1647 2033 1689 2071 δε

392 2096 686 2152 longinquitate
699 2096 762 2134 vel
776 2094 1005 2149 regionum,
1035 2093 1098 2133 vel
1113 2105 1341 2146 temporum
1358 2089 1482 2144 spatio
1505 2093 1580 2144 (1),
1602 2088 1692 2141 qui-

1613 2145 1692 2187 bus

399 2272 605 2304 observatum
621 2269 664 2301 est
687 2267 782 2310 supra
808 2275 873 2299 not.
898 2277 930 2306 5.
949 2268 988 2298 ad
1006 2278 1030 2308 c.
1048 2276 1080 2307 9.
1127 2267 1183 2308 (2)
1207 2267 1348 2308 Ssriptzon
1373 2279 1392 2296 a
1411 2266 1504 2295 multi..-
1520 2264 1564 2306 est,
1586 2261 1693 2304 inquit

402 2318 468 2349 Cic.
484 2317 504 2347 l.
523 2326 549 2346 1.
565 2317 604 2346 de
621 2315 695 2345 DiV.
711 2325 742 2344 n.
761 2323 832 2344 101.
848 2326 928 2354 quum
944 2321 1026 2342 terrae
1043 2314 1231 2352 nzotusfafius
1248 2312 1318 2353 effug
1340 2313 1427 2351 affice
1438 2310 1522 2352 pleni
1533 2311 1695 2351 procuratio

389 2363 488 2406 fieret,
509 2373 598 2392 vocem
615 2361 649 2390 ab
665 2362 717 2389 aede
735 2360 855 2400 Junonis
881 2371 914 2387 ex
936 2370 1000 2387 arce
1010 2358 1134 2401 eastitffl
1145 2371 1154 2386 :
1179 2359 1304 2397 quocirca
1322 2358 1460 2398 szonem
1477 2357 1555 2384 illam
1572 2356 1698 2396 appella-

401 2415 460 2438 tam
479 2408 627 2437 AWonetam
639 2419 649 2435 :
674 2414 790 2445 nempe
806 2415 824 2434 a
838 2403 1011 2433 monendo.
1057 2402 1152 2432 Unde
1168 2400 1274 2442 colligi
1291 2400 1393 2442 potest
1414 2401 1514 2431 aedem
1530 2400 1604 2430 ante
1621 2397 1697 2429 aedi-

404 2452 532 2483 ficatam
548 2449 650 2487 fuisse,
664 2448 761 2490 quam
774 2450 860 2491 Juno
878 2449 1024 2478 Moneta:
1041 2446 1170 2477 nomine
1186 2445 1411 2487 infigniretur;
1433 2444 1598 2485 verbaque
1620 2443 1700 2480 haec,

405 2500 483 2527 aedem
507 2498 629 2538 Junom's
647 2496 771 2526 Monetae
791 2497 884 2530 vovit,
904 2503 963 2534 per
980 2491 1142 2534 prolepsin
1159 2491 1345 2532 accipienda
1365 2489 1434 2521 effe.
1478 2489 1534 2530 (3)
1557 2487 1632 2519 Vid.
1649 2487 1699 2518 su-

408 2541 467 2582 pra
484 2541 503 2571 l.
523 2551 549 2571 1.
565 2552 593 2571 c.
614 2550 666 2580 31.
713 2538 768 2579 (4)
790 2538 839 2569 Sic
861 2538 957 2579 supr&
973 2537 993 2567 l.
1013 2547 1039 2567 1.
1063 2548 1088 2567 c.
1110 2546 1161 2575 57.
1178 2539 1280 2578 primis
1296 2538 1331 2576 fi
1357 2535 1551 2566 intendentibus
1575 2533 1700 2563 tenebris.

407 2586 462 2626 (5)
487 2588 533 2616 Ut
561 2596 599 2617 eo
627 2583 758 2616 consilio
782 2583 1004 2626 interregnum
1030 2581 1148 2615 initum
1173 2580 1265 2612 suiffe
1294 2580 1478 2617 videi-etun
1500 2577 1616 2619 ne'mpe
1632 2586 1698 2618 quo

409 2630 505 2661 ambo
522 2629 652 2671 patricii
666 2628 809 2661 consules
825 2627 951 2667 fierent,

456 2676 490 2707 C.
509 2685 559 2716 29.
584 2675 638 2715 (1)
664 2673 834 2705 Gronovio
849 2673 994 2714 suspeela
1011 2671 1053 2703 est
1068 2673 1254 2713 voxspatio,·
1281 2681 1382 2711 quum
1397 2671 1584 2711 †longinquus
1603 2666 1633 2696 &
1643 2667 1702 2696 lon-

404 2723 550 2763 ginquitas
566 2719 729 2762 saepiffime
746 2719 833 2761 apud
848 2717 992 2755 Livium,
1014 2727 1080 2748 non
1104 2716 1228 2749 tantu-m
1254 2716 1294 2748 de
1317 2715 1391 2753 loci,
1414 2714 1467 2747 sed
1489 2715 1520 2745 ὃς
1548 2709 1703 2752 temporis

648 2778 649 2781 ¹
1600 2754 1704 2798 spatio
