1832 3137
734 272 967 307 LECTO
992 271 1057 306 1ίί
1119 271 1167 305 S.

300 330 499 442 QUUM
529 379 642 416 semel
674 386 823 414 tantum
852 379 933 414 Tm
962 378 1064 413 L1V11
1094 376 1199 412 Libri
1230 374 1449 424 superstites
1481 374 1519 409 in
1547 374 1617 409 IIi-

298 438 419 473 hernia
452 435 651 481 hueusque
680 433 822 468 fuerint
855 432 1036 480 impressi,
1073 442 1234 478 quorum
1269 429 1383 465 editio
1416 427 1481 463 illa
1511 427 1618 463 Dub-

298 489 466 525 liniensis
495 488 620 523 denuo
652 486 691 521 in
719 486 843 521 lucem
876 485 1027 521 exitura
1055 490 1147 530 erat,
1178 481 1426 531 Bibliopolae,
1456 481 1538 516 viro
1572 482 1620 516 ob

300 549 473 590 sumptus
501 553 586 577 suos
612 539 716 575 haud
745 539 901 587 exiguos
925 539 964 573 in
993 538 1101 574 bonis
1128 537 1247 572 literis
1267 534 1532 584 promovendis
1552 534 1619 569 im-

299 608 434 645 pensos
450 594 603 643 quidem
619 592 818 638 laudabili,
839 604 973 640 operae
993 592 1157 639 pretium
1172 590 1376 625 videbatur
1391 588 1421 624 si
1441 587 1621 635 quicquid

300 650 424 685 adhue
446 648 590 684 deesset
610 658 820 693 congruum
841 651 1063 693 comparatu
1089 655 1240 692 quoque
1261 642 1384 688 facile,
1406 641 1444 676 id
1468 641 1620 677 demum

300 702 461 739 auctarii
489 701 609 736 instar
640 695 896 746 adjiciendum
926 700 1018 743 fore,
1053 698 1107 733 ita
1135 703 1179 732 ut
1208 696 1384 732 omnibus
1413 694 1521 742 quasi
1550 707 1620 729 nu-

300 756 413 792 meris
441 755 616 791 absoluta
643 753 824 801 prodiret.
882 752 1012 786 Habes
1038 751 1166 798 igitur,
1194 749 1312 785 amice
1340 748 1477 784 Lector
1504 747 1621 795 Frag-

302 815 473 846 mentum
501 807 597 843 illud
627 806 773 854 insigne
802 805 909 841 Libri
932 804 1034 839 XCI.
1060 803 1220 848 Liviani,
1246 802 1387 837 Romae
1414 801 1453 836 in
1479 801 1622 836 Biblio-

301 863 415 899 theca
436 860 639 897 Pontifioia
657 850 849 895 Vaticana
876 869 951 893 A.D.
977 857 1076 894 1772
1104 856 1236 892 foelice
1263 855 1428 903 quodam
1450 867 1540 890 casu
1565 866 1622 889 re-

302 923 465 965 pertum,
496 914 597 963 quod
627 915 647 953 e
677 912 813 948 Codice
842 912 1103 959 Palimpsesto,
1140 910 1228 945 olim
1257 908 1444 952 Palatino,
1476 909 1625 943 summa

303 983 390 1005 eum
418 971 511 1005 eura
536 968 767 1014 descriptum
797 965 951 1001 tandem
981 965 1081 1014 typis
1111 963 1333 998 mandatum
1360 961 1505 1009 publici
1527 961 1624 1008 juris

303 1024 393 1059 feeit
412 1023 564 1057 PAULUS
589 1021 756 1056 ‹JACOBUS
783 1019 980 1063 Bnmsres,
1010 1017 1224 1064 Ηαφηόῑιφῃὶ,
1250 1015 1363 1052 1773.
1420 1015 1466 1049 In
1494 1014 1624 1050 eodem

304 1089 404 1112 anno
442 1076 666 1111 subsecutae
705 1082 792 1108 sunt
831 1072 1005 1108 certatim
1039 1070 1222 1106 editiones
1260 1069 1409 1116 plures3
1446 1068 1625 1111 Romana,

306 1143 393 1165 011111
420 1127 662 1164 Giovenazzii
692 1126 863 1171 Seholiis,
891 1137 1024 1161 recusa
1048 1124 1220 1171 Neapoli;
1250 1129 1287 1157 et
1313 1123 1517 1168 Lipsiensis,
1539 1133 1626 1156 011111

306 1182 540 1231 praefatione
570 1180 748 1216 Ernestii.
814 1179 1032 1226 Upsalensz's,
1061 1190 1148 1213 011111
1177 1176 1276 1211 notis
1307 1175 1447 1210 criticis
1474 1174 1627 1209 Ioannis

308 1237 421 1281 Ihrei,
452 1236 575 1271 lucem
604 1234 700 1269 vidit
734 1233 772 1268 in
807 1245 905 1268 anno
938 1232 1051 1268 1774.
1114 1228 1417 1276 Hamburgensis
1451 1227 1627 1263 editionis

307 1289 502 1337 exemplar
530 1302 552 1323 a
578 1287 749 1323 Londino
777 1286 824 1321 ad
854 1299 892 1321 se
918 1285 1074 1320 missum
1101 1290 1235 1319 nactus
1266 1283 1325 1317 vir
1352 1282 1476 1317 clarus
1509 1281 1626 1316 idem-

307 1354 378 1390 que
406 1342 645 1378 doetissimus
670 1340 838 1376 GABRIEL
865 1339 1090 1374 Bnonfflms
1114 1342 1406 1372 monumentum
1432 1334 1527 1370 illud
1553 1334 1627 1369 Ro-

307 1409 441 1432 manae
482 1402 518 1432 et
558 1395 753 1442 Hispanae
793 1392 1031 1440 antiquitatis
1070 1389 1436 1438 praestantissimum
1478 1387 1627 1436 supple-

307 1451 445 1486 mentis
479 1455 516 1485 et
549 1447 859 1484 adnotationibus
894 1446 970 1481 suis
1004 1444 1249 1479 inlustratum
1282 1442 1421 1477 iterum
1455 1441 1628 1488 vulgavit

310 1504 556 1551 subjunctum
584 1514 718 1548 nempe
744 1500 774 1534 T
778 1512 862 1535 omo
887 1500 1031 1541 Quarto
1059 1497 1214 1532 alterius
1235 1508 1324 1531 suae
1344 1495 1510 1542 itemque
1529 1494 1627 1542 poti-

309 1557 383 1593 oris
404 1556 578 1592 editionis
600 1555 640 1590 C.
660 1555 837 1589 CORNELII
857 1552 987 1588 TAcm
1009 1563 1178 1599 operum,
1196 1562 1292 1597 quae
1312 1548 1469 1584 Parisiis
1488 1547 1627 1595 prodiit

309 1621 383 1646 A.1>.
414 1610 525 1646 1776.
583 1608 721 1643 Postea
747 1605 895 1653 saepius
921 1616 1105 1640 excusum
1125 1608 1206 1639 erat
1226 1601 1497 1649 Fragmentum
1518 1601 1626 1646 illud,

310 1677 395 1711 eg„
421 1663 581 1710 Bz‘ponti,
608 1662 734 1704 17863
768 1659 939 1703 Londini,
968 1658 1094 1701 17573
1133 1656 1275 1701 Ooeonz'z',
1309 1655 1433 1698 181&
1465 1660 1501 1690 et
1526 1666 1629 1689 nunc

309 1717 486 1761 Dablz'tzz'z',
509 1728 527 1751 e
547 1713 750 1750 Parisiensi
777 1712 822 1748 01.
845 1711 1033 1747 Brotierii.
1090 1710 1236 1745 Damus
1262 1708 1417 1755 insuper
1442 1721 1462 1743 e
1488 1708 1628 1743 Berolz'-

310 1771 410 1806 vensi
427 1769 593 1805 editione
613 1768 791 1815 decerpta
807 1777 1057 1814 quaecunque
1076 1764 1115 1798 in
1136 1776 1179 1799 ea
1199 1762 1311 1798 aliter
1330 1774 1445 1809 quam
1465 1761 1503 1796 111
1524 1761 1630 1796 Pari-

311 1823 425 1859 siensi
454 1823 647 1871 leguntur,
682 1826 814 1868 utpote
840 1819 903 1855 vel
934 1831 981 1854 ex
1012 1817 1150 1853 eodieis
1188 1815 1306 1864 ipsius
1332 1815 1475 1850 vetusti
1512 1814 1632 1850 literis

312 1876 482 1913 evanidis
503 1876 621 1911 serius
642 1878 876 1921 recuperata,
898 1872 960 1907 vel
981 1884 1002 1906 a
1021 1871 1112 1906 viris
1136 1882 1320 1917 perquam
1345 1868 1465 1903 doctis
1486 1867 1539 1904 Io.
1560 1867 1630 1903 ΤΗ.

313 1931 550 1974 Kessrssmio,
586 1929 674 1964 hin.
711 1928 902 1971 Bmmao,
938 1932 975 1960 et
1015 1925 1058 1961 B.
1095 1924 1141 1959 G.
1175 1922 1402 1967 Nmnunmo,
1437 1921 1476 1956 in
1509 1921 1631 1956 vicem

312 1997 465 2032 prorsus
480 1982 723 2029 illegibilium
740 1987 776 2016 et
793 1979 1077 2028 deperditorum
1095 1977 1206 2024 digne
1223 1975 1452 2023 excogitata..
1496 1975 1632 2022 Itaque

313 2036 497 2085 quiequid
522 2035 621 2071 Livii
652 2041 708 2070 est
739 2034 811 2069 tibi
842 2032 1000 2076 sistitur,
1033 2038 1070 2067 et
1098 2029 1252 2065 insimul
1282 2028 1468 2064 Brotierio
1500 2028 1632 2063 laudes

313 2104 402 2126 suae
422 2096 578 2125 manent
600 2089 783 2136 integrae.
840 2085 1013 2121 Eruditis
1033 2084 1177 2132 placuit
1204 2083 1288 2130 ejus
1316 2082 1431 2118 editio
1458 2081 1633 2129 quamvis

313 2158 388 2180 non
405 2144 557 2179 omnino
573 2156 594 2178 a
610 2142 739 2177 naevis
760 2139 952 2175 immunis.
1001 2138 1045 2173 In
1063 2137 1292 2184 Fragmento
1309 2136 1423 2171 etiam
1444 2140 1528 2182 post
1549 2135 1633 2181 ejus

313 2197 570 2233 recensionem
590 2195 714 2231 relicti
733 2200 841 2230 erant
862 2193 933 2228 loei
953 2191 1195 2227 medicatriee.
1216 2196 1370 2237 egentes
1390 2201 1518 2233 manu,
1541 2201 1634 2236 quo-

313 2264 399 2286 rum
421 2250 566 2286 sanatio
586 2262 661 2284 non
683 2261 730 2284 ex
750 2247 902 2295 ingenio
917 2258 1021 2281 mero
1043 2244 1108 2279 sed
1128 2257 1147 2279 e
1165 2243 1313 2278 Codicis
1329 2241 1508 2277 Vaticani
1527 2241 1635 2276 inda-

315 2305 466 2353 gatione
495 2303 680 2352 penitiore
707 2299 963 2349 exspectanda
989 2298 1078 2333 fuit.
1135 2297 1208 2332 Per
1233 2296 1331 2331 hane
1357 2295 1476 2343 igitur
1502 2295 1637 2330 salutis

315 2358 416 2393 viam
437 2356 645 2405 petendum
668 2356 764 2390 foret
784 2353 995 2389 remedium
1017 2356 1255 2399 exoptatum,
1277 2361 1401 2396 neque
1422 2348 1567 2383 frustra
1595 2348 1632 2382 id

316 2411 533 2459 quaesitum
553 2410 670 2445 fuisse
697 2408 808 2443 facile
827 2406 975 2455 patebit
995 2405 1211 2451 cuicunque
1232 2402 1401 2438 versanti
1421 2401 1634 2451 Kreyssigii

316 2465 523 2500 editionem
555 2463 845 2506 Chemm'censem‚
877 2460 1001 2503 13073
1031 2457 1235 2494 Niebuhrii
1261 2456 1475 2500 Romanam,
1508 2455 1632 2495 18202

317 2531 359 2553 ac
389 2517 487 2553 Livii
516 2530 601 2564 opp.
632 2516 740 2551 editt.
772 2514 999 2550 recentiores
1028 2512 1086 2547 uti
1116 2510 1329 2558 Lipsiensem
1361 2509 1564 2551 1823-273
1596 2514 1633 2543 et

316 2571 577 2607 Berolz'nensem
606 2569 798 2613 1829-30,
821 2568 931 2615 eujus
956 2565 1152 2601 Lectiones
1176 2562 1401 2611 praecipuae
1428 2562 1488 2596 1110
1514 2561 1634 2596 veluti

318 2625 355 2659 in
377 2630 581 2671 conspectu
601 2623 671 2657 tibi
700 2627 998 2670 praeponuntur,
1021 2619 1072 2653 ita
1095 2624 1221 2653 tamen
1247 2623 1291 2651 ut
1313 2628 1378 2651 sua
1400 2615 1535 2662 cuique
1556 2614 1634 2649 edi-

320 2678 392 2713 tori
419 2684 505 2713 sunt
534 2677 691 2711 tributa.
750 2675 865 2718 Queis
887 2673 1064 2709 subsidiis
1085 2672 1123 2706 111
1151 2670 1363 2706 studiorum
1390 2676 1543 2703 tuorum
1571 2667 1635 2702 ad-

318 2732 535 2777 jumentum
559 2730 701 2778 paratis
722 2729 860 2774 fruere,
884 2728 1076 2767 VALEQFE.

363 2795 552 2827 DUBLIML
571 2802 642 2823 ΧΠ,
662 2792 735 2825 Kal.
754 2791 843 2829 Iulij.
862 2800 931 2821 Am.
948 2799 1014 2821 em.
1028 2796 1225 2820 1000011111.
