1853 3158
156 257 234 306 138

163 1419 322 1461 Descriptio

159 1467 267 1497 militia·
281 1465 326 1495 Ro

159 1522 256 1542 mane.

831 249 885 290 T.
943 249 1199 291 Livii

374 376 456 407 tam
471 367 598 407 atroci
609 365 793 419 imperio,
805 379 879 406 nec
892 365 1007 406 aliter
1019 365 1141 420 quam
1159 365 1200 405 in
1212 365 1250 405 se
1262 364 1429 418 quisque
1443 365 1670 410 destrictam

372 434 583 465 cernentes
601 423 789 472 securim,
810 433 922 464 metu
940 424 1081 478 magis,
1095 422 1218 478 quam
1241 421 1450 472 modestia,
1473 424 1674 476 quievere.

372 483 532 537 Itaque,
562 484 674 522 velut
704 481 858 521 emerso
891 481 940 522 ab
974 482 1237 522 admiratione
1271 481 1421 529 animo,
1454 483 1515 535 (8)
1548 496 1675 535 quum

374 541 529 581 filentio
550 539 674 581 defixi
696 538 910 588 stetiffent3
942 538 1122 594 repente,
1154 539 1366 594 postquam
1403 539 1557 580 cervice
1576 539 1677 578 caesa

373 597 487 638 fusus
508 598 565 639 est.
601 611 735 647 cruor,
766 606 855 638 turn
875 597 999 638 libero
1018 597 1241 652 conquestu
1263 607 1410 637 coortae
1431 611 1549 637 voces
1571 596 1680 647 sunt,

375 665 420 696 ut
461 670 593 711 neque
628 656 831 706 lamentis,
876 669 1007 710 neque
1044 654 1380 695 exsecrationibus
1422 663 1679 709 parceretur:

373 713 587 768 spoliisque
608 713 843 755 conte&um
869 713 1030 770 juvenis
1052 727 1199 766 corpus
1219 722 1417 765 quantum
1439 711 1680 752 militaribus

375 772 516 813 studiis
549 771 675 814 funus
694 777 720 824 †
740 772 868 812 ullum
897 770 1167 812 concelebrari
1203 769 1347 823 potest,
1379 770 1532 810 struc‘to
1567 779 1679 808 extra

375 831 526 871 vallum
562 844 661 886 rogo
692 839 963 870 cremaretur:
996 828 1290 880 Manlianaque
1327 827 1494 881 imperia
1530 841 1613 867 non
1638 827 1678 866 in

375 888 586 943 praesentia
618 886 743 928 modo
775 886 990 937 horrenda,
1021 886 1087 926 sed
1119 885 1294 940 exempli
1330 885 1452 924 etiam
1482 885 1604 925 tristis
1641 885 1681 924 in

376 946 584 1002 posterum
600 945 736 985 effent.
1452 980 1454 982 v

436 1004 555 1044 VIII.
590 1003 704 1043 Fecit
725 1011 860 1057 tamen
881 1001 1069 1042 atrocitas
1091 1015 1223 1055 poenae
1245 1000 1564 1041 obedientiorem
1587 1000 1682 1039 duci

379 1062 577 1102 militem:
612 1062 667 1108 ἃ,
702 1068 973 1112 praeterquam
1006 1058 1117 1111 quod
1148 1058 1340 1099 custodia:
1375 1058 1604 1113 vigiliaeque
1640 1060 1681 1098 δι’

379 1120 481 1159 ordo
503 1117 719 1157 stationum
745 1116 974 1156 intentioris
1005 1115 1154 1169 ubique
1185 1131 1291 1157 curae
1313 1126 1442 1165 erant,
1474 1116 1515 1155 in
1538 1115 1682 1155 ultimo

379 1177 504 1216 etiam
535 1174 771 1222 certamine,
804 1186 932 1226 quum
968 1172 1200 1213 descensum
1233 1175 1276 1214 in
1297 1173 1425 1213 aciem
1454 1173 1526 1222 est,
1557 1188 1603 1213 ea
1625 1172 1684 1212 se-

379 1235 527 1275 veritas
559 1232 725 1287 profuit.
787 1231 882 1272 Fuit
918 1239 1054 1271 autem
1083 1230 1190 1270 civili
1213 1231 1386 1271 maxime
1408 1231 1514 1271 bello
1547 1245 1684 1285 pugna

381 1292 532 1335 similis.
555 1288 657 1331 adeo
679 1289 781 1329 nihil
800 1289 907 1343 apud
929 1287 1097 1328 Latinos
1119 1288 1316 1328 dissonum
1336 1287 1384 1327 ab
1416 1288 1606 1329 Romana
1627 1303 1685 1337 re,

381 1360 529 1408 praeter
545 1349 717 1396 animos,
739 1357 836 1387 erat.
868 1352 892 1398 †
909 1345 1063 1399 Clipeis
1083 1355 1200 1385 antea
1223 1345 1401 1385 Romani
1423 1345 1479 1384 usi
1495 1345 1586 1385 sunt
1603 1347 1682 1400 (1):

384 1409 530 1451 deinde
563 1406 776 1461 postquam
812 1404 1059 1458 stipendiarii
1081 1406 1140 1458 (2)
1169 1402 1269 1443 faeti
1302 1402 1408 1453 sunt,
1439 1401 1591 1454 †scuta
1611 1418 1684 1456 pro

385 1467 525 1521 clipeis
546 1465 704 1506 fecere:
739 1465 794 1511 &‚
827 1465 889 1517 (3)
911 1463 1021 1516 quod
1043 1471 1159 1500 antea
1183 1460 1403 1515 phalanges
1431 1460 1575 1501 fimiles
1595 1461 1688 1501 Ma-

386 1524 606 1573 cedonicis,
635 1522 714 1562 hoc
750 1520 886 1574 postea
919 1519 1200 1574 manipulatim
1242 1519 1394 1559 structa
1427 1518 1532 1558 acies
1563 1518 1687 1572 coepit

384 1584 473 1624 esse.
536 1584 598 1636 (4)
619 1576 831 1624 Postremo
853 1579 893 1618 in
916 1579 1052 1632 plures
1073 1577 1234 1617 ordines
1255 1576 1689 1616 instruebanturssordo

384 1642 602 1696 sexagenos
620 1638 787 1688 milites,
806 1639 867 1692 (5)
884 1636 986 1676 duos
1001 1635 1276 1689 centuriones,
1291 1634 1542 1675 vexillarium
1560 1648 1689 1673 unum

1517 1691 1689 1731 habebat

387 1817 477 1854 nnis,
501 1816 589 1857 quod
607 1813 730 1847 edidisti
748 1814 904 1854 deceptus
932 1810 1016 1844 vana
1044 1810 1183 1853 imagine
1200 1809 1335 1842 decoris.
1380 1809 1436 1851 (8)
1453 1810 1532 1841 Haec
1551 1808 1606 1840 fibi
1623 1819 1691 1839 non

388 1864 471 1893 bene
489 1860 665 1892 convenire
678 1859 784 1891 censet
803 1857 1000 1894 Crevierius,
1022 1858 1052 1886 &z
1076 1857 1184 1887 locum
1198 1856 1345 1887 luxatum
1361 1855 1421 1886 effe
1434 1853 1621 1896 suspicatur.
1638 1853 1691 1887 sed

390 1907 562 1938 immerito.
607 1904 711 1935 Aliud
739 1903 825 1935 enim
851 1910 979 1944 tempus
1007 1901 1183 1942 respiciunt
1200 1911 1295 1932 voces
1311 1902 1387 1931 velut
1404 1902 1499 1940 emersa
1515 1899 1550 1929 ab
1566 1901 1691 1929 admira-

389 1957 459 1982 τέως-ε
475 1955 576 1988 animo,
598 1950 687 1981 aliud
700 1960 795 1979 voces
812 1961 893 1990 quum
909 1950 1023 1989 silentio
1038 1947 1121 1988 dffixi
1134 1947 1279 1988 stctg'ffmi.
1327 1946 1395 1976 Has
1413 1944 1543 1986 quidem
1560 1954 1618 1985 per
1637 1954 1693 1984 pa·

391 1996 553 2028 :enthefin
579 1995 725 2036 accipere
742 1993 839 2029 licen
862 1992 950 2034 quasi
978 1991 1101 2023 dixisset
1128 1990 1253 2028 Livius,
1269 1991 1352 2032 priris
1378 1994 1449 2021 enim
1468 1990 1583 2032 silentio
1608 1990 1692 2032 defixi

378 2046 527 2086 ulieitrczm‘,
553 2042 590 2072 δὲ
607 2042 684 2070 velut
698 2042 882 2069 admiratione
892 2039 981 2080 mersi,
1007 2039 1041 2067 E.

439 2107 473 2135 C.
500 2104 528 2135 8.
546 2102 602 2144 (1)
627 2103 700 2133 Hoc
729 2112 796 2132 non
826 2100 866 2131 sic
895 2099 1102 2141 capiendum,
1123 2097 1211 2138 quasi
1228 2097 1301 2129 solis
1318 2096 1429 2139 clipeis
1446 2104 1541 2128 antea
1558 2096 1603 2128 usi
1619 2096 1692 2127 sum

392 2148 555 2186 Romani;
579 2147 679 2177 immo
697 2149 776 2176 vero
795 2147 826 2176 δε
850 2145 959 2176 scutis.
982 2144 1047 2174 vid.
1064 2144 1160 2184 supra
1178 2143 1201 2175 l.
1222 2153 1248 2174 1.
1264 2154 1290 2174 c.
1307 2152 1362 2181 43.
1380 2142 1433 2173 sed
1450 2143 1539 2182 quocl
1557 2142 1626 2182 post
1643 2141 1693 2172 sti-

394 2194 514 2237 pendia
538 2192 684 2223 instituta
712 2191 784 2221 solis
811 2190 856 2221 usi
881 2190 954 2220 sunt
971 2189 1075 2220 scutis.
1121 2189 1176 2229 (2)
1193 2189 1399 2230 Stipendiarius
1416 2187 1516 2228 vulgo
1532 2186 1654 2217 dicitur
1669 2186 1696 2217 is

394 2240 451 2282 qui
465 2237 658 2279 stipendium
675 2235 788 2266 solvit:
814 2245 880 2276 quo
891 2235 980 2266 sensu
998 2236 1161 2276 vffligalem
1177 2247 1208 2263 ac
1224 2235 1437 2276 stipendiariam
1455 2233 1573 2263 Italiam
1587 2234 1698 2273 Africae

384 2288 488 2326 facere
513 2282 627 2314 Livius
651 2281 736 2312 infra
763 2280 844 2311 dixit
862 2280 881 2310 l.
908 2289 958 2316 24.
974 2291 1002 2310 c.
1022 2289 1078 2315 47.
1125 2277 1191 2310 Hic
1207 2286 1316 2309 tamen
1333 2277 1414 2309 sumi
1429 2277 1562 2311 videtur
1577 2287 1639 2318 pro
1656 2287 1695 2308 eo

396 2329 454 2370 qui
478 2327 672 2370 stipendium
700 2325 831 2366 accipit.
877 2325 933 2364 (3)
951 2323 1138 2355 Gronovius
1156 2323 1327 2366 legendum
1344 2323 1449 2354 censet
1466 2335 1525 2365 quae
1541 2329 1622 2353 antea
1641 2346 1647 2353 .
1665 2344 1673 2351 .
1689 2344 1697 2352 .

396 2377 452 2406 haec
462 2383 500 2416 po
511 2381 553 2404 tea
573 2373 636 2403 ἃς.
680 2371 742 2401 Sed
770 2371 801 2400 δε
829 2370 968 2401 alterum
985 2368 1062 2400 ferri
1081 2369 1191 2410 potest.
1219 2368 1258 2399 fic
1286 2368 1384 2409 snpra
1401 2368 1420 2398 l.
1442 2377 1470 2399 2.
1489 2378 1518 2398 c.
1538 2367 1591 2406 38.
1604 2368 1637 2409 ſs
1651 2367 1699 2396 hoe

394 2422 544 2462 prcffec'iio,
569 2419 606 2449 ξς
621 2430 672 2447 non
687 2418 766 2457 suga
782 2416 826 2459 es.
875 2415 988 2445 Sensus
1010 2414 1070 2444 est:
1096 2413 1198 2455 Legio
1215 2416 1364 2445 Romana
1381 2420 1449 2443 erat
1467 2412 1575 2455 primo
1591 2410 1698 2442 similis

400 2463 553 2506 phalangi
571 2460 816 2499 Macedonicae3
840 2460 871 2490 8<
899 2467 970 2490 tota
994 2458 1086 2490 simul
1113 2458 1326 2500 conjumfftim,
1348 2457 1447 2489 nullis
1464 2456 1585 2490 relictis
1612 2456 1699 2487 inter

400 2509 532 2540 ordines
559 2505 751 2542 intervallis,
773 2505 805 2536 in
823 2505 890 2536 acie
907 2504 1016 2535 stabat.
1063 2503 1174 2535 Postea
1200 2515 1258 2545 per
1285 2502 1470 2544 manipulos
1494 2501 1614 2532 divisos
1629 2501 1699 2541 spa-

404 2554 458 2585 tiis
475 2565 493 2585 a
511 2554 541 2584 se
558 2552 698 2583 invicem
716 2550 791 2581 strui
809 2550 842 2580 in
859 2549 927 2581 acie
943 2549 1052 2590 coepit.
1100 2548 1271 2590 NIanipuli
1296 2548 1428 2589 quidem
1452 2549 1543 2578 fuere
1557 2547 1621 2587 jam
1639 2544 1697 2575 sub

402 2599 565 2630 Romulo:
591 2597 705 2628 verum
722 2606 788 2626 non
805 2594 896 2626 divifi
914 2594 948 2625 in
965 2593 1084 2637 pugna,
1106 2604 1165 2625 nec
1187 2593 1274 2625 inter
1298 2604 1352 2625 eos
1381 2592 1494 2623 relidia
1518 2589 1698 2621 intervalla.

401 2644 459 2684 (4)
486 2643 598 2674 Primo
614 2642 648 2673 in
676 2641 851 2682 phalanges
879 2639 981 2670 divisa
1009 2639 1102 2676 acies,
1125 2638 1234 2680 postea
1262 2638 1295 2670 in
1322 2637 1516 2679 manipulos,
1537 2634 1698 2676 postremo

404 2690 436 2719 ὅ(
448 2689 483 2719 in
500 2688 609 2731 plures
626 2684 778 2724 ordines3
802 2685 858 2726 qui
874 2685 909 2716 in
931 2685 1077 2726 quolibet
1094 2684 1263 2726 manipulo
1280 2684 1345 2714 duo
1362 2690 1463 2713 erant.
1507 2681 1563 2723 (5)
1579 2681 1700 2754 Le‘glen·

1649 2733 1702 2753 um
