1853 3158
159 312 238 353 294

847 301 899 344 T.
958 302 1217 347 LIVII

378 415 600 469 cofffulatum
617 427 904 467 memorantes,
909 418 1092 474 siquidem
1109 423 1170 474 (7)
1191 422 1266 474 cogi
1283 418 1428 473 aliquid
1438 430 1507 472 pro
1513 428 1594 472 pote
1622 431 1680 460 ate

378 473 423 510 ab
443 474 588 513 tribuno
607 475 776 528 consules,
811 475 863 518 ἐφ’
884 475 979 530 (quo
1013 478 1105 531 quid
1123 478 1277 517 ulterius
1304 479 1371 530 pri
1377 486 1458 516 vato
1478 477 1679 516 timendum

362 529 470 585 foret
483 533 535 588 ?)
569 533 609 570 in
630 533 783 572 vincula
802 535 912 573 etiam
934 534 1018 574 duci
1030 535 1176 590 poſjbnt.
1236 535 1347 583 Sors,
1371 544 1415 574 ut
1436 533 1680 574 <metatorem

377 587 545 637 diceret,
578 590 689 640 (nam
725 604 775 629 ne
808 590 849 630 id
877 592 1043 644 quidem
1075 592 1181 631 inter
1213 593 1386 646 collegas
1420 594 1679 645 convenerat)

375 643 428 683 T.
444 644 645 702 Qinfiffio
666 647 812 687 evenit.
829 648 862 688 is
880 649 932 688 A.
949 648 1209 689 Postumium
1224 648 1471 696 Tubertum,
1495 647 1676 688 socerum

376 700 508 750 suum,
541 702 768 744 severissimi
788 705 947 759 imperii
966 706 1118 756 virum,
1140 705 1382 746 dietatorem
1403 706 1528 746 dixit:
1561 704 1609 744 ab
1631 719 1680 744 eo

375 758 425 802 L.
445 759 579 811 Julius
600 761 788 815 magister
813 763 999 816 equitum
1021 762 1078 802 est
1110 763 1258 802 dietus.
1318 762 1451 803 Simul
1474 766 1535 816 (8)
1557 761 1680 802 edici-

375 826 442 856 tur
467 818 505 857 &
524 817 754 872 justitium:
775 833 909 872 neque
929 821 1038 861 aliud
1060 818 1144 860 tota
1167 819 1265 860 urbe
1282 820 1364 873 agi,
1387 818 1511 872 quam
1527 819 1681 859 bellurn

375 875 584 927 apparari:
626 877 687 929 (9)
719 877 898 931 cognitio
933 877 1165 917 vacantium
1198 876 1352 916 militiae
1387 890 1556 916 munere
1592 875 1680 929 post

374 930 527 973 bellum
557 932 755 975 differtur.
815 934 876 973 Ita
896 933 1009 974 dubii
1038 948 1201 987 quoque
1224 934 1419 973 inclinant
1441 934 1490 974 ad
1513 933 1679 973 nomina

374 989 518 1028 danda.
556 991 594 1029 ὃς
615 989 807 1030 Hernicis
828 990 1061 1044 Latinisque
1084 991 1232 1032 milites
1260 991 1458 1045 imperati.
1489 990 1678 1043 utrinque

373 1045 490 1085 enixe
512 1045 723 1085 obeditum
745 1047 934 1087 dictatori
957 1048 1026 1087 est.

432 1101 613 1144 XXVII.
647 1104 750 1144 Haec
767 1104 904 1144 omnia
922 1106 1125 1144 celeritate
1147 1104 1301 1159 ingenti
1320 1105 1432 1146 aeta:
1453 1105 1678 1158 reli&oque

374 1159 422 1199 C,
445 1160 555 1211 Julio
576 1160 739 1200 consule
761 1162 811 1201 ad
825 1161 1053 1214 praefidium
1077 1161 1203 1211 urbis,
1226 1165 1267 1203 &
1290 1162 1338 1201 L.
1356 1163 1466 1214 Julio
1487 1163 1679 1217 magistro

374 1217 560 1269 equitum
579 1218 626 1256 ad
645 1217 773 1257 subita
794 1217 888 1258 belli
911 1218 1147 1267 ministeria,
1168 1232 1218 1258 ne
1241 1233 1419 1271 quares,
1453 1218 1532 1271 quii
1553 1219 1682 1273 eguis-

376 1274 461 1313 sent
482 1275 524 1313 in
539 1274 690 1323 castris,
712 1285 954 1324 moraretur,
975 1276 1167 1326 dictator,
1198 1279 1259 1330 (1)
1282 1286 1487 1329 praeeunte
1510 1277 1562 1315 A.
1581 1276 1684 1316 Cor-

375 1331 482 1375 nelio
504 1332 697 1385 pontifice
719 1333 913 1382 maxime,
937 1334 996 1386 (2)
1019 1334 1136 1372 ludos
1154 1347 1322 1387 magnos
1344 1332 1545 1373 tumultus
1564 1334 1682 1373 caus&
1710 1345 1717 1353 ’

375 1388 508 1428 vovit:
540 1389 830 1443 profefifflsque
853 1389 901 1432 ab
923 1390 1036 1439 urbe,
1069 1389 1195 1430 diviso
1232 1403 1326 1429 cum
1359 1390 1562 1447 Qin&io
1585 1405 1682 1430 con-

374 1446 457 1486 sule
479 1446 678 1497 exercitu,
710 1448 760 1486 ad
792 1446 925 1487 hostes
947 1447 1143 1500 pervenit.
1183 1447 1300 1486 Sicut
1320 1447 1414 1486 bina
1446 1447 1572 1487 castra
1593 1448 1684 1486 hos-

374 1504 492 1551 tium,
514 1518 637 1557 parvo
660 1504 764 1543 inter
780 1504 816 1544 se
838 1504 963 1557 spatio
977 1504 1177 1552 distantia,
1209 1504 1406 1552 viderant,
1429 1503 1497 1557 ipsi
1521 1518 1684 1557 quoque

374 1560 483 1600 mille
520 1560 649 1600 ferme
687 1562 816 1615 paffus
857 1561 905 1601 ab
938 1561 1066 1610 hoste,
1104 1561 1280 1602 dictator
1314 1560 1511 1609 Tusculo,
1543 1561 1683 1601 consul

374 1618 560 1658 Lanuvio
583 1621 660 1673 (3),
682 1619 913 1672 propiorem
936 1620 1074 1662 locum
1096 1618 1233 1664 castris
1252 1628 1458 1671 ceperunt.
1501 1618 1560 1658 Ita
1584 1633 1683 1671 qua-

376 1684 468 1714 tuor
489 1676 708 1727 exercitus,
739 1676 910 1716 totidem
940 1676 1208 1724 munimenta,
1240 1676 1448 1728 planitiem
1470 1675 1511 1714 in
1533 1676 1684 1731 medio,

376 1746 457 1771 non
480 1732 612 1785 parvis
632 1731 757 1773 modo
779 1732 1080 1772 excursionibus
1103 1733 1152 1772 ad
1174 1733 1333 1785 proelia,
1365 1732 1430 1772 scd
1459 1733 1522 1772 vel
1543 1734 1592 1774 ad
1614 1747 1683 1773 ex-

376 1789 582 1843 plicandas
605 1790 796 1843 utrinque
830 1790 935 1830 acies
958 1790 1050 1829 satis
1073 1799 1295 1843 patentem,
1335 1789 1551 1829 habebant.
1588 1803 1682 1842 nec,

375 1861 424 1886 ex
443 1861 524 1899 quo
546 1847 683 1887 castris
705 1847 831 1887 castra
853 1848 997 1887 collata
1019 1846 1127 1897 sunt,
1150 1847 1340 1892 cess'atum
1358 1862 1380 1886 a
1402 1847 1555 1887 levibus
1573 1861 1683 1901 proe-

375 1904 439 1950 liis
458 1900 541 1951 est3
590 1902 707 1944 facile
729 1904 906 1957 patiente
930 1904 1146 1953 dietatore,
1177 1904 1426 1943 conferendo
1447 1905 1550 1944 vires
1572 1905 1681 1958 spem

379 1961 570 2001 universae
591 1961 789 2011 victoriae,
821 1971 976 2000 tentato
997 1961 1206 2014 paullatim
1228 1971 1374 2001 eventu
1394 1960 1682 2013 certaminum,

376 2019 468 2060 suos
490 2018 721 2072 praecipere.
783 2019 925 2071 Itaque
947 2018 1096 2067 hostes,
1128 2019 1237 2057 nulla
1259 2019 1301 2056 in
1323 2019 1469 2071 proelio
1493 2022 1553 2073 (4)
1570 2019 1682 2074 justo

376 2076 518 2116 felicia
547 2075 628 2129 spe,
660 2075 787 2117 noctu
813 2076 943 2126 adorti
978 2076 1103 2116 castra
1134 2075 1326 2128 consulis,
1359 2090 1444 2115 rem
1466 2076 1507 2116 in
1545 2076 1681 2116 casum

837 2133 839 2135 ’
1290 2129 1294 2133 ”
1495 2133 1681 2192 ancipiti}

377 2260 407 2282 et
424 2251 540 2292 juffum
557 2252 657 2283 totius
668 2252 792 2294 collegii
807 2251 982 2283 tribunicii.
1029 2252 1084 2293 (7)
1109 2253 1159 2284 Sic
1177 2251 1264 2294 Virg.
1282 2252 1357 2283 ΖΕΗ.
1372 2260 1404 2291 3.
1422 2261 1453 2281 V.
1473 2250 1528 2289 56.
1547 2253 1612 2291 quil
1630 2263 1680 2282 '5072

377 2299 509 2326 mortalia
531 2300 600 2337 cogis
625 2300 746 2327 PeHora
761 2298 777 2326 :⁹
800 2298 875 2327 Ter.
891 2298 987 2328 Adel.
1005 2306 1033 2336 3.
1051 2308 1079 2335 4.
1097 2308 1147 2335 44.
1173 2300 1241 2339 quod
1261 2311 1309 2327 vos
1325 2300 1375 2338 jus
1399 2299 1478 2338 cogit,
1501 2299 1530 2325 ί]
1544 2298 1682 2326 voluntate

378 2344 511 2381 impett‘ct.
543 2341 609 2372 Cic.
625 2342 645 2371 l.
664 2350 691 2372 2.
704 2342 744 2373 de
760 2344 836 2382 Leg.
849 2352 875 2371 c.
889 2343 916 2372 6.
932 2345 1022 2372 omnia
1036 2344 1071 2372 vi
1081 2356 1113 2372 ac
1129 2345 1210 2372 minis
1226 2354 1324 2383 cogere.
1370 2340 1425 2382 (8)
1449 2341 1556 2380 AEque
1574 2340 1605 2370 in
1624 2340 1681 2370 usu

377 2386 450 2416 sunt
467 2389 567 2415 edicere
592 2386 622 2415 δε
647 2388 763 2416 indicere
776 2385 944 2427 justitium,
967 2386 1140 2423 deleemni,
1163 2386 1293 2417 comitia
1317 2386 1376 2416 &a
1400 2384 1475 2415 vid.
1498 2384 1595 2426 supra
1616 2385 1636 2415 l.
1655 2394 1682 2424 3.

378 2441 406 2460 c.
427 2440 444 2469 3
465 2431 496 2460 δε
512 2439 562 2469 27.
580 2431 610 2460 δε
623 2438 691 2462 not.
709 2430 741 2461 8„
760 2431 800 2461 ad
814 2442 839 2461 c.
858 2431 945 2469 38.1.
965 2441 992 2470 3.
1039 2432 1094 2473 (9)
1118 2430 1191 2462 vid.
1209 2431 1305 2472 supra
1319 2431 1338 2461 l.
1353 2440 1381 2469 3.
1397 2440 1422 2462 c.
1441 2429 1492 2470 69.

425 2493 461 2523 C.
480 2501 530 2530 27.
547 2491 601 2532 (1)
624 2491 700 2524 Vid.
721 2501 788 2524 not.
806 2503 834 2530 4.
854 2494 894 2523 ad
921 2504 946 2524 c.
974 2503 1028 2524 21.
1056 2493 1162 2534 supra.
1209 2493 1265 2534 (2)
1289 2494 1456 2523 Memorat
1477 2491 1593 2522 Livius
1617 2491 1637 2521 l.
1657 2500 1683 2522 1.

379 2548 405 2568 c.
434 2547 484 2575 35.
515 2537 609 2567 ludos
638 2538 780 2578 Magnos
804 2548 822 2567 a
837 2537 1011 2578 Tarquinii
1028 2537 1128 2569 Prisci
1157 2537 1358 2578 temporibus
1375 2537 1532 2568 sollennes
1558 2546 1684 2567 annuos

380 2580 531 2612 mansisse.
571 2579 636 2611 Hic
653 2589 761 2612 autem
777 2581 978 2623 intelligendi
991 2583 1063 2613 sunt
1081 2582 1148 2613 ludi
1159 2585 1254 2613 votivi
1267 2581 1398 2623 Magnis
1416 2581 1548 2618 fimiles3
1571 2580 1682 2620 quales

381 2625 478 2656 etiam
495 2634 719 2656 memorantur
735 2625 820 2657 infra
838 2627 857 2662 l.
882 2634 936 2659 22.
954 2638 979 2658 c.
999 2637 1052 2659 10.
1071 2627 1101 2656 Sc
1120 2626 1205 2657 alibi.
1254 2627 1308 2667 (3)
1330 2626 1469 2665 Aliquot
1486 2624 1610 2656 codices
1627 2624 1686 2654 ha-

383 2670 459 2711 bent
482 2671 621 2707 Lavinio,
643 2671 732 2710 quod
750 2670 828 2701 stare
845 2682 911 2701 non
929 2671 1039 2712 potest.
1070 2672 1147 2702 Inde
1163 2678 1273 2702 autem
1289 2669 1465 2711 conjiciunt
1483 2669 1614 2709 quidam
1639 2668 1682 2698 le-

382 2715 522 2755 gendum
544 2713 604 2745 effe
620 2716 750 2745 Lavit-0,-
776 2714 862 2746 inter
885 2715 1044 2748 Lavicum
1069 2716 1155 2746 enim
1182 2717 1213 2746 8<
1228 2715 1416 2749 Tusculum,
1441 2713 1578 2754 Algidus
1607 2711 1682 2742 situs

382 2757 473 2792 iuifl'e
484 2758 625 2791 videtur²
673 2760 729 2802 (4)
752 2761 788 2792 In
799 2759 911 2802 praelio
925 2770 991 2802 quo
1004 2760 1170 2802 explicatae
1183 2759 1336 2801 utrinque
1349 2757 1440 2797 acics,
1456 2768 1549 2798 aequo
1566 2767 1682 2807 campo

1573 2808 1684 2837 aperta
