1853 3158
359 256 642 302 LIBER
702 250 776 298 rx.
837 255 1021 298 CAP.
1081 250 1241 301 xxvi.
1565 269 1647 314 223

143 373 208 416 nia
230 375 401 416 adventu
422 374 680 423 Samnitium,
701 387 829 426 quum
846 375 953 427 apud
973 373 1167 414 Lautulas
1190 372 1426 413 dimicatum

141 436 215 485 est,
246 434 420 485 fuerant,
452 431 826 495 conjurationesque
861 432 966 471 circa
991 431 1255 485 Campaniam
1290 431 1428 485 passim

141 467 274 532 ᾖξ’ὶεε.
298 506 370 531 nec
393 492 533 543 Capua
551 487 635 553 ipsa
666 488 833 528 crimine
865 490 1005 529 caruit.
1037 492 1100 543 (1)
1121 490 1220 542 quin
1248 489 1428 529 Romam

142 563 304 603 quoque
341 551 380 589 &
417 549 466 586 ad
500 546 730 600 principum
757 546 950 598 quosdam
972 547 1232 599 inquirendos
1260 556 1429 587 ventum

141 607 210 646 est.
273 602 464 646 Ceterum
498 603 709 643 Ausonum
743 617 840 657 gens
868 605 1094 656 proditione
1122 605 1298 655 urbium,
1331 605 1429 644 sicut

139 663 254 714 Sora,
284 664 325 702 in
361 662 596 716 potestatem
635 660 757 700 venit.
821 662 1000 726 Ausona,
1036 665 1075 702 δε
1113 636 1353 711 Mintuniae,
1387 664 1427 701 &

141 721 298 770 Vescia,
329 720 446 759 urbes
466 729 601 759 erant:
632 732 680 757 ex
703 717 848 771 quibus
865 719 1064 771 principes
1081 720 1306 774 juventutis
1327 720 1431 759 duo-

140 779 272 818 decim
308 791 495 828 numero,
541 778 582 815 in
626 775 797 830 proditio
801 789 894 815 nem
935 776 1096 815 urbium
1132 776 1292 817 suarum
1332 791 1430 817 con-

133 836 272 891 jurati,
304 836 355 874 ad
386 835 567 874 consules
588 835 779 873 veniunt:
811 834 970 882 docent,
989 834 1092 887 suos,
1110 834 1340 887 jampridem
1366 850 1430 874 ex-

139 902 300 946 optantes
323 893 544 932 Samnitium
579 892 795 942 adventum,
809 890 931 946 simul
946 891 998 930 ad
1015 891 1205 930 Lautulas
1218 900 1429 944 pugnatum

140 951 271 991 audiet
272 960 354 1001 unt
377 961 447 1003 pro
485 951 595 989 viHis
626 950 810 988 Romanos
848 948 959 988 habui
985 965 1018 999 e,
1052 950 1269 1003 juventute,
1310 950 1431 988 armis

143 1009 324 1048 Samnites
342 1008 493 1063 jltvffl·
503 1008 659 1064 fugatis
680 1006 762 1045 inde
788 1006 1029 1057 Samnitibus,
1060 1007 1204 1045 incerta
1217 1017 1308 1059 pace
1338 1022 1430 1060 age·

143 1083 184 1105 re
199 1069 276 1120 (2),
292 1072 317 1119 †
337 1081 399 1104 nec
416 1065 622 1104 claudentes
635 1073 764 1117 portas
790 1064 983 1115 Romanis,
1015 1079 1058 1102 ne
1077 1064 1254 1119 arcejffimt
1273 1064 1427 1110 bellum;

143 1123 195 1165 ΕΘ*
223 1123 407 1178 οᾷβίηαΐω
425 1123 607 1173 claudere,
621 1120 664 1175 st
681 1123 860 1161 exercitus
885 1122 1138 1160 admoveatur.
1195 1122 1241 1160 In
1263 1123 1308 1160 ed
1323 1122 1430 1175 fluc-

139 1181 298 1220 tuatione
317 1182 523 1220 animorum
555 1181 711 1233 opprimi
745 1181 905 1218 incautos
918 1179 1020 1234 pff.
1081 1178 1159 1218 His
1194 1178 1431 1218 au&oribus

138 1247 251 1278 mota
273 1236 440 1291 propius
464 1236 614 1276 castra:
646 1236 825 1289 mistique
852 1238 995 1275 eodem
1024 1245 1204 1300 tempore
1227 1236 1332 1276 circa
1353 1236 1430 1276 tria

139 1299 202 1360 (3)
225 1296 373 1349 oppida
403 1295 567 1344 milites,
614 1294 760 1347 partim
794 1294 952 1344 armati,
984 1294 1053 1346 qui
1082 1293 1230 1333 occulti
1251 1296 1315 1358 (4)
1336 1308 1430 1347 pro-

138 1354 289 1407 pinqua
325 1352 530 1392 moenibus
566 1352 779 1391 insiderent
809 1353 923 1400 loca3
956 1351 1100 1405 partim
1138 1351 1278 1405 togati,
1309 1351 1429 1392 tectis

137 1411 242 1450 veste
275 1410 431 1464 gladiis,
463 1409 532 1463 qui
561 1409 631 1448 sub
667 1410 800 1449 lucem
833 1410 978 1463 apertis
1004 1409 1128 1463 portis
1150 1410 1268 1449 urbes
1296 1408 1430 1462 ingre-

138 1469 342 1507 derentur.
405 1468 470 1507 Ab
498 1467 560 1506 his
583 1467 696 1506 fimul
717 1467 900 1507 custodes
928 1467 1118 1507 trucidari
1143 1466 1282 1520 coepti,
1315 1466 1431 1505 fimul

139 1527 280 1565 datum
311 1526 466 1580 signum
498 1525 675 1573 armatis,
707 1534 750 1564 ut
784 1539 833 1564 ex
856 1525 1003 1564 infidiis
1039 1533 1336 1564 concurrerent.
1373 1524 1431 1563 ita

138 1593 265 1636 portae
301 1592 523 1636 occupatae,
555 1582 710 1635 triaque
742 1582 889 1635 oppida
918 1583 1059 1622 eadem
1079 1581 1177 1621 hora
1197 1583 1424 1646 eodemque

139 1641 302 1681 consilio
338 1649 466 1693 capta.
527 1641 623 1689 Sed,
659 1640 753 1692 quia
788 1639 1015 1679 abientibus
1050 1639 1221 1679 ducibus
1253 1639 1430 1693 impetus

139 1698 196 1737 est
227 1698 375 1746 faetus,
407 1699 541 1737 nullus
574 1697 719 1736 modus
755 1697 931 1738 caedibus
965 1697 1070 1745 fuit3
1103 1697 1313 1749 deletaque
1341 1698 1625 1741 Au-A1fimesde

140 1756 283 1795 sonum
304 1770 417 1810 gens,
447 1755 512 1795 vix
548 1764 659 1794 certo
694 1754 935 1795 defeffionis
970 1754 1154 1802 crimine,
1185 1754 1351 1808 perinde
1383 1748 1503 1796 aclea.

141 1814 166 1852 s1
190 1814 435 1853 internecivo
457 1815 517 1867 (5)
539 1811 643 1852 bello
664 1813 857 1853 certasset.

198 1870 357 1911 XXVI.
390 1871 545 1910 Eodem
570 1884 690 1918 anno,
721 1871 881 1924 prodito
915 1870 1096 1910 hostibus
1117 1870 1309 1909 Romano
1328 1884 1430 1923 prae-

140 1929 251 1977 sidio,
282 1928 455 1969 Luceria
494 1927 739 1968 Samnitium
777 1927 899 1968 faita.
936 1942 1010 1968 nec
1052 1927 1122 1967 diu
1158 1927 1430 1981 proditoribus

142 1985 339 2040 impunita
369 2000 431 2026 res
463 1985 553 2026 fuit.
613 1986 738 2025 Haud
769 1987 909 2039 procul
942 1986 1034 2025 inde
1056 1986 1254 2025 exercitus
1276 1986 1431 2025 Roma-

141 2059 218 2084 nus
247 2054 355 2084 erat:
386 2045 501 2099 cujus
538 2042 668 2096 primo
689 2043 843 2097 impetu
865 2042 975 2094 urbs,
1007 2043 1105 2082 sita
1096 2057 1138 2082 in
1158 2045 1295 2096 plano,
1323 2044 1431 2097 capi-

141 2111 219 2142 tur.
267 2102 457 2141 Lucerini
477 2116 521 2141 ac
542 2101 743 2141 Samnites
765 2102 814 2140 ad
836 2101 1154 2141 internecionem
1175 2101 1273 2140 caefi
1299 2115 1431 2154 eoque

144 2159 201 2198 ira
223 2159 418 2212 processit,
451 2169 494 2199 ut
516 2159 661 2198 Romae
683 2173 859 2212 quoque,
882 2173 1009 2212 quum
1024 2156 1073 2198 de
1095 2158 1248 2198 colonis
1270 2158 1433 2198 mitten-

141 2215 202 2255 dis
225 2216 438 2256 Luceriam
473 2216 746 2256 consuleretur
780 2216 952 2265 senatus,
984 2216 1101 2255 multi
1122 2216 1334 2255 delendam
1365 2229 1434 2255 ur-

142 2273 236 2313 bem
264 2274 481 2314 censerent.
541 2273 692 2313 Praeter
728 2274 882 2322 odium,
913 2275 1023 2327 quod
1050 2273 1287 2313 exsecrabile
1308 2274 1350 2312 in
1370 2273 1433 2313 bis

144 2340 281 2384 captos
302 2341 404 2381 erat,
434 2331 705 2385 longinquitas
737 2345 898 2384 quoque
921 2331 1133 2371 abhorrere
1165 2346 1187 2370 a
1208 2331 1433 2385 relegandis

193 2449 232 2478 C.
252 2456 302 2485 25.
328 2447 384 2487 (1)
407 2447 480 2478 Hoc
497 2446 594 2478 fusius
610 2455 763 2478 narratur
780 2458 848 2488 cap.
870 2448 934 2489 seq.
981 2448 1037 2487 (ε)
1054 2447 1103 2478 Sic
1129 2460 1211 2489 agere
1235 2447 1370 2478 incurios?
1386 2446 1434 2478 in-

146 2492 194 2522 fri
212 2493 230 2522 l.
250 2501 302 2531 29.
322 2503 346 2522 c.
366 2502 416 2530 32.
431 2506 512 2533 agere
529 2494 653 2522 ina-ultiiis
682 2492 752 2522 Sall.
780 2491 813 2521 in
830 2494 899 2534 Jug.
916 2504 940 2523 c.
963 2492 1013 2531 89.
1059 2492 1160 2522 Simili
1187 2493 1284 2522 modo
1313 2495 1434 2533 agitare,

149 2548 208 2577 pro
231 2540 340 2574 vivere,
361 2537 537 2577 usurpatur
564 2537 651 2577 apud
678 2536 750 2566 Sall.
765 2534 799 2567 in
815 2538 890 2578 Jug.
907 2548 932 2568 c.
951 2537 1000 2568 18.
1017 2537 1049 2567 δε
1065 2536 1155 2567 alibi.
1182 2538 1216 2566 E.
1261 2536 1316 2577 (3)
1340 2536 1435 2567 Intel-

147 2581 208 2621 lige
226 2581 287 2612 tria
309 2581 478 2612 Ausonum
496 2580 617 2622 oppida
633 2582 731 2611 modo
747 2585 933 2612 memorata.
978 2581 1034 2622 (4)
1056 2581 1134 2612 vid.
1153 2588 1220 2612 not.
1237 2590 1270 2620 3.
1286 2581 1328 2611 ad
1343 2592 1368 2611 c.
1383 2590 1436 2619 23.

148 2626 255 2665 supra.
303 2627 358 2666 (5)
382 2626 468 2656 lnl'ifx
487 2625 505 2655 l.
523 2635 573 2656 22.
589 2636 613 2655 c.
626 2625 679 2663 53.
700 2639 750 2655 non
769 2629 961 2657 ivffrnecinum
978 2628 1069 2667 (nam
1092 2634 1232 2666 utroque
1249 2627 1347 2657 modo
1360 2624 1435 2655 scri-

150 2671 316 2713 biturL‘ibi
333 2671 379 2714 eff}
397 2684 452 2700 cmv
471 2673 602 2700 Rcmem's
619 2671 727 2704 bellum.

1352 2721 1436 2752 tam
