1853 3158
298 276 581 320 LIBER
639 272 756 318 VIII.
815 275 997 321 CAP.
1058 281 1197 323 XX
1507 296 1585 338 159

83 390 157 441 sal,
188 392 387 448 literisque
422 394 596 434 Romam
629 393 762 442 millis,
794 394 835 434 in
869 395 1002 436 officio
1036 397 1253 441 Fundanos
1272 399 1366 451 effe,

83 452 133 490 ad
156 451 392 492 Privernum
422 451 530 489 flexit
566 450 652 491 iter.
714 450 832 492 Prius
864 454 1182 496 animadversum
1204 457 1244 496 in
1280 472 1366 508 eos,

81 508 153 560 qui
181 510 309 562 capita
349 507 633 562 conjurationis
655 507 829 558 fuerant,
861 525 882 550 a
904 512 1065 552 consule
1088 512 1222 554 scribit
1243 514 1366 554 Clau-

82 566 273 620 dius(7):
304 567 351 605 ad
382 575 579 605 trecentos
608 565 899 620 quinquaginta
928 582 976 608 ex
1000 571 1220 625 conjurans
1256 573 1369 612 vinc=

84 632 146 662 tos
183 624 356 663 Romam
389 622 546 671 miffos;
578 637 747 676 eamque
779 625 1024 665 deditionem
1047 627 1094 667 ab
1116 628 1252 668 senatu
1285 643 1370 669 non

83 690 308 733 acceptam:
339 678 449 732 quod
479 680 684 734 egentium
721 690 840 734 atque
865 681 1082 723 humilium
1115 684 1236 739 poena
1255 692 1279 739 †
1298 687 1368 726 de-

84 737 198 791 fungi
214 738 309 777 velle
331 738 572 777 Fundanum
593 739 788 792 populum
806 739 1045 779 censuerint.

138 794 231 833 XX.
264 794 498 834 Privernum
515 795 672 836 duobus
693 795 964 837 consularibus
980 797 1218 839 exercitibus
1240 814 1367 853 quum
1386 809 1558 840 Privernum

79 850 335 900 obsideretur,
367 853 466 891 alter
499 853 637 892 consul
670 853 926 894 comitiorum
958 854 1076 894 causa
1098 855 1275 896 Romam
1306 872 1368 898 re-
1384 853 1523 895 obfidetur.

80 917 256 948 vocatus.
319 911 379 963 (1)
414 909 604 951 Carceres
625 924 672 950 eo
695 925 799 951 anno
827 912 867 950 in
889 912 995 952 circo
1018 910 1196 966 primum
1218 913 1366 954 statuti.

79 965 276 1005 Nondum
313 966 549 1019 perfun&os
585 966 680 1008 curii
716 969 956 1009 Privernatis
987 969 1081 1009 belli
1122 970 1368 1024 †tumulti'is

80 1022 230 1063 Gallici
252 1023 358 1063 fama
380 1035 492 1064 atrox
514 1025 667 1075 invasit,
698 1025 806 1065 haud
828 1025 954 1066 ferme
975 1042 1153 1081 unquam
1182 1030 1367 1084 neglecta

79 1079 276 1120 Patribus.
337 1080 548 1136 Extemplo
581 1083 702 1137 igitur
735 1083 916 1124 consules
952 1086 1061 1135 novi,
1092 1085 1140 1124 L.
1174 1085 1367 1128 AEmilius
1386 1096 1425 1126 U.
1441 1106 1467 1126 c.
1483 1096 1561 1134 426.

79 1137 354 1178 Mamercinus
378 1142 418 1179 δε
440 1139 487 1179 C.
508 1141 700 1189 Plautius,
732 1156 779 1180 eo
796 1141 879 1194 ipso
901 1142 979 1190 die,
996 1143 1188 1183 Kalendis
1210 1144 1367 1202 Qinc-
1384 1143 1425 1171 A.
1439 1141 1563 1191 033¹}-

80 1194 228 1245 tilibus,
260 1210 341 1249 quo
377 1197 652 1252 magistratum
683 1199 874 1249 inierunt,
904 1204 928 1251 †
953 1214 1184 1253 comparare
1204 1200 1306 1241 inter
1328 1201 1365 1242 se
1384 1185 1586 1262 {fffrssffig-

78 1253 300 1305 provincias
331 1254 448 1308 jussi3
484 1258 523 1295 &
547 1256 842 1305 Mamercinus,
875 1256 939 1295 cui
974 1257 1179 1298 Gallicum
1215 1258 1365 1299 bellum
1383 1274 1430 1307 tio
1447 1273 1533 1310 Coff.

77 1321 278 1360 evenerat,
316 1311 482 1351 scribere
504 1312 723 1351 exercitum
745 1316 805 1367 (2)
826 1314 903 1352 line
925 1313 1004 1353 ulla
1023 1321 1048 1367 †
1062 1316 1278 1357 vacationis
1299 1331 1366 1357 ve-

79 1366 157 1406 nia.
195 1368 293 1420 quin
329 1368 522 1421 opificum
554 1384 715 1423 quoque
748 1372 891 1425 vulgus
917 1373 954 1411 &
978 1374 1039 1426 (3)
1061 1372 1259 1423 sellularii,
1291 1376 1366 1414 mi‘

79 1424 186 1464 nime
216 1425 368 1464 militiae
390 1426 578 1465 idoneum
600 1440 742 1481 genus,
774 1429 892 1468 exciti
914 1430 1129 1470 dicuntur:
1162 1431 1365 1487 Vejosque

77 1482 218 1535 ingens
239 1483 436 1523 exercitus
458 1485 705 1534 contraclus„
724 1495 768 1525 ut
790 1487 881 1526 inde
898 1486 1056 1526 obviam
1075 1488 1204 1529 Gallis
1226 1491 1364 1531 iretur.

76 1538 237 1593 longius
258 1540 417 1589 discedi,
450 1543 609 1582 neffalio
643 1543 784 1582 itinere
818 1543 940 1583 hostis
962 1544 1115 1585 falleret
1151 1547 1200 1586 ad
1223 1546 1365 1587 urbem

79 1597 284 1647 incedens,
315 1612 396 1637 non
431 1600 592 1652 placuit.
654 1601 808 1640 Paucos
843 1602 986 1641 deinde
1022 1603 1108 1656 post
1143 1605 1242 1654 dies,
1274 1605 1365 1646 satis

77 1653 279 1706 explorata
314 1656 504 1708 temporis
526 1657 612 1711 ejus
634 1658 783 1709 quiete,
817 1660 875 1713 (4)
908 1673 929 1697 a
961 1659 1090 1700 Gallis
1125 1661 1364 1702 Privernum

78 1712 209 1751 omnis
231 1713 416 1751 conversa
436 1714 504 1753 vis.
567 1713 730 1767 Duplex
763 1716 854 1755 inde
886 1715 992 1756 fama
1014 1717 1094 1758 est:
1126 1719 1191 1758 alii
1213 1719 1250 1759 vi
1272 1735 1365 1774 cap·
1385 1736 1559 1767 pamm„

78 1780 159 1808 tam
188 1770 346 1819 urbem,
377 1770 690 1825 Vitruviumque
726 1773 860 1812 vivum
881 1774 921 1812 in
942 1774 1177 1827 potestatem
1197 1778 1340 1818 veniffe
1356 1794 1364 1818 :
1382 1789 1500 1823 captum..

77 1827 160 1877 alii,
191 1827 419 1880 priusquam
442 1828 581 1868 ultima
603 1829 856 1870 adhiberetur
876 1832 951 1881 vis,
974 1832 1075 1885 ipsos
1099 1833 1135 1872 se
1157 1834 1197 1873 in
1215 1838 1276 1889 (5)
1296 1837 1365 1876 de-

78 1884 270 1924 ditionem
295 1885 466 1926 consulis
502 1887 723 1926 caduceum
752 1889 813 1942 (6)
845 1889 1101 1942 praeferentes
1136 1893 1365 1945 permififfe,

77 1941 263 1982 auctores,
296 1942 400 1992 sunt,
430 1943 747 1998 Vitruviumque
781 1946 829 1985 ab
863 1946 940 1987 suis
973 1948 1175 1989 traditum.
1239 1950 1365 1991 Sena-

1283 2019 1363 2059 tus,

79 2114 164 2147 cives
190 2126 282 2148 erant
309 2118 497 2161 municipali
522 2120 602 2162 jure.
647 2121 702 2162 (7)
726 2122 789 2152 Hic
806 2122 935 2154 videtur
951 2122 1011 2155 effe
1028 2123 1245 2168 QClaudius
1275 2126 1364 2170 Qa-

76 2160 246 2201 drigarius,
268 2165 398 2204 :equalis
421 2166 568 2203 Sistnnae,
590 2167 722 2198 auctore
740 2168 875 2204 Velleio,
900 2168 919 2198 l.
947 2178 973 2200 2.
986 2180 1012 2199 c.
1029 2179 1060 2210 9.
1075 2169 1128 2210 qui
1148 2171 1362 2213 proindedflo·

79 2205 183 2235 ruerit
197 2205 329 2247 Syllanis
344 2210 549 2250 temporibus.

126 2250 162 2280 C.
176 2259 225 2280 20.
249 2252 300 2291 (1)
319 2254 423 2284 Varro
444 2254 462 2284 l.
475 2265 502 2291 4.
522 2255 561 2285 de
577 2254 651 2297 ling.
667 2257 738 2287 Lat.
782 2258 817 2287 In
838 2258 916 2288 Circo
927 2261 1120 2299 primo‚.2:71de
1135 2263 1278 2291 mittuntur
1289 2264 1363 2303 equi,

82 2293 211 2324 Carceres
225 2297 359 2333 dicuntur,
373 2301 442 2328 dic‘ii
455 2301 523 2339 qubd
535 2302 685 2330 coffrcentur
700 2304 761 2342 equi
774 2315 806 2332 ne
822 2304 881 2332 inde
893 2312 992 2333 exeant
1006 2306 1079 2341 αηῖέ,
1090 2307 1170 2346 qudm
1186 2307 1361 2349 magfstratus

80 2339 161 2380 mgfit.
205 2340 259 2379 (2)
284 2340 358 2371 Vid.
383 2342 477 2383 supra
495 2352 561 2374 not.
583 2353 610 2374 1.
634 2346 674 2375 ad
688 2356 712 2376 c.
737 2346 787 2377 28.
803 2347 822 2376 l.
838 2356 865 2384 7.
909 2348 964 2388 (3)
981 2349 1119 2390 Opifices
1142 2349 1198 2390 qui
1221 2351 1362 2382 sedendo

80 2393 162 2423 opus
184 2382 315 2414 faciunt.
359 2386 414 2426 (4)
431 2387 510 2430 Qae
529 2388 617 2428 prius
633 2389 667 2420 iu
690 2390 800 2421 Gallos
823 2400 937 2432 parata
962 2402 1041 2430 erat,
1062 2395 1215 2425 adversus
1232 2396 1361 2427 Priver-

80 2437 159 2458 num
187 2428 289 2459 omnis
315 2431 466 2462 conversa
488 2432 544 2462 vis.
589 2434 644 2473 (5)
665 2436 761 2477 Lege,
782 2446 855 2466 cum
884 2438 1066 2476 Gronovio,
1086 2442 1114 2469 in
1135 2442 1260 2469 ditionem
1289 2440 1308 2471 i.
1333 2451 1361 2471 e.

79 2471 275 2513 potestatem.
323 2474 372 2504 Sic
388 2474 472 2506 infra}
489 2476 510 2506 l.
529 2486 582 2510 40.
599 2488 624 2508 c.
642 2487 692 2518 49.
715 2483 742 2509 in
757 2481 1030 2523 ditionemfisuaque
1045 2487 1135 2513 omnia
1150 2486 1361 2526 Romanisper—

78 2520 216 2557 miserunt.
261 2517 370 2549 Solent
389 2528 496 2550 autem
513 2520 635 2552 librarii
662 2523 729 2554 haze
755 2524 913 2556 vocabula
938 2535 1144 2559 commutare.
1188 2530 1361 2569 Doujatius

78 2571 139 2601 pro
160 2564 269 2603 cotfizlis
294 2563 462 2604 legendum
483 2565 588 2596 censet
615 2568 730 2607 anfi-cli,-
767 2570 857 2608 quod
878 2570 999 2610 placet:
1035 2571 1088 2603 sed
1111 2581 1185 2604 utut
1206 2573 1288 2604 illud
1313 2574 1361 2612 fit,

79 2606 289 2637 Gronoviana
315 2608 495 2639 emendatio
527 2611 656 2650 prorsus
681 2612 850 2644 necessaria
867 2614 1015 2653 videtur;
1037 2616 1111 2648 licet
1138 2619 1306 2648 fatendum
1323 2618 1360 2650 fit

78 2647 245 2682 dediticios
274 2652 378 2692 potius
406 2652 439 2683 in
466 2653 622 2685 ditionem
651 2657 764 2697 populi
789 2658 938 2696 Romani,
960 2660 1057 2701 quam
1079 2662 1226 2699 consulis,
1248 2663 1362 2696 venire

78 2694 149 2725 dici.
193 2696 248 2737 (6)
262 2696 395 2738 Virgam
409 2699 493 2738 pacis
511 2699 659 2737 indicem,
673 2711 770 2741 quam
786 2702 820 2739 ii,
835 2703 889 2743 qui
907 2715 1019 2745 pacem
1033 2706 1164 2746 petituri
1177 2706 1362 2746 veniebant,

10 2769 15 2789 ,ζ
75 2738 193 2779 gestare
219 2751 284 2783 prae
311 2742 458 2775 manibus
482 2743 565 2775 soliti
590 2753 692 2777 erant.
738 2748 898 2779 Mercurii
927 2749 1067 2791 infigne;
1099 2752 1189 2794 cujus
1219 2751 1361 2793 descrip-

1237 2796 1360 2829 tionem
