1853 3158
363 270 649 313 LIBER
710 271 788 312 IV.
848 270 1032 315 CAP.
1094 274 1298 316 XXXVI.

188 384 288 438 loque
291 384 364 440 fit,
381 385 524 442 firtem
541 385 791 439 acstrenuum
808 389 935 426 virum
956 388 1114 442 aliquem
1135 388 1291 444 effistere
1310 397 1431 428 ortum
1447 404 1491 428 ex

182 443 295 494 plebe.
358 443 514 482 Summd
528 443 571 481 vi
584 451 834 496 expugnatum
850 445 925 499 effe,
957 454 999 484 ut
1014 447 1157 484 tribuni
1184 446 1344 484 militum
1370 446 1493 499 constt-

188 499 266 537 lari
281 499 450 554 potestate
468 499 520 540 ἅθ’
534 515 577 538 ex
601 500 700 551 plebe
715 510 945 540 crearentur.
1007 502 1140 557 Petiffe
1156 504 1258 542 viros
1277 503 1373 542 domi
1394 503 1492 541 mili-

189 558 316 610 tiaeque
333 557 514 611 speffatos
527 574 540 595 .·
564 558 704 609 primis
737 559 849 596 annis
869 558 1067 611 sugillatos
1093 562 1170 612 (8),
1203 559 1369 614 7‘ep1tisos,
1401 560 1493 613 rifiti

192 613 375 653 Patribus
391 614 464 668 fui
490 629 532 652 e.-
564 612 674 669 defiffi
694 612 871 669 postremo
901 616 1063 668 praebere
1091 616 1144 654 ad
1172 618 1425 656 contumeliam
1441 631 1489 656 os.

192 670 325 724 Necse
342 671 483 721 videre,
512 686 582 710 cur
612 685 680 710 non
701 671 759 710 lex
791 688 927 725 quoque
947 673 1156 725 abrogetur,
1185 674 1263 726 qud
1298 674 1340 713 id
1370 674 1491 722 liceat,

190 728 286 780 quod
301 742 491 781 nunquam
497 728 684 782 futurum
700 727 769 782 sit.
793 731 856 782 (9)
877 730 1052 768 minorem
1073 731 1203 782 quippe
1223 730 1389 769 ruborem
1402 731 1493 786 fore

190 786 349 838 injuris
369 786 578 839 iniquitate,
609 785 723 839 quam
734 784 777 840 fi
793 796 866 839 per
885 787 1144 840 indignitatem
1166 787 1321 841 ipsorum
1336 796 1493 840 praeter-

191 850 340 882 eantur.

247 899 449 940 XXXVI.
479 899 619 954 Hujus
652 900 809 953 generis
844 900 1062 951 orationes,
1093 915 1189 940 eum
1210 901 1360 941 assensu
1382 902 1496 941 audi-

187 965 255 1005 tae,
275 957 488 996 incitavere
510 955 704 1009 quosdam
720 957 770 996 ad
791 958 1013 1010 petendum
1029 957 1281 999 tribunatum
1303 959 1495 1007 militum,

187 1013 312 1052 alium
340 1013 414 1052 alia
436 1013 485 1053 de
513 1014 737 1053 commodis
763 1013 889 1067 plebis
906 1015 1083 1054 laturum
1115 1014 1153 1054 se
1182 1015 1224 1054 in
1261 1016 1495 1070 magistratu

188 1069 459 1122 profitentem.
504 1071 605 1125 Agri
622 1070 773 1124 publici
795 1071 999 1111 dividendi
1016 1072 1348 1126 coloniarumque
1369 1074 1496 1112 dedu-

187 1128 407 1167 cendarum
427 1127 634 1167 ostentatae
651 1128 763 1181 spes3
800 1131 854 1177 &‚
874 1129 1064 1183 v'ezstigali
1086 1129 1361 1182 possefforibus
1382 1144 1496 1184 agro-

188 1197 280 1223 rum
294 1184 494 1237 imposito,
516 1185 558 1224 in
576 1184 818 1238 stipendium
836 1185 1012 1225 militum
1033 1187 1225 1240 erogandi
1247 1187 1348 1226 aeris.
1390 1188 1498 1240 Cap-

191 1250 319 1280 tatum
339 1242 484 1282 deinde
500 1251 661 1295 tempus
675 1242 723 1282 ab
744 1241 917 1282 tribunis
939 1244 1129 1291 militum,
1163 1258 1244 1296 quo
1265 1257 1335 1296 per
1356 1244 1498 1284 disces-

189 1297 278 1337 sum
299 1298 513 1339 hominum
529 1299 577 1339 ab
594 1299 706 1348 urbe,
739 1314 867 1353 quum
885 1302 1022 1340 Patres
1038 1300 1282 1340 clandestine
1303 1301 1499 1340 denunci-

190 1355 323 1395 atione
346 1359 409 1410 (1)
429 1357 603 1396 revocati
636 1357 685 1396 ad
707 1357 814 1396 diem
836 1367 986 1396 certam
1015 1358 1151 1406 effent,
1183 1357 1498 1397 senatusconsul-

192 1421 280 1451 tum
308 1412 439 1464 fieret,
470 1413 698 1454 absentibus
717 1414 890 1453 tribuniS
920 1413 1056 1467 plebi;
1089 1424 1148 1463 ut,
1181 1415 1373 1467 quoniam
1397 1416 1500 1455 Vol-

194 1469 278 1509 scos
299 1469 340 1508 in
361 1470 638 1510 Hernicorum
659 1485 775 1525 agros
796 1471 1021 1524 praedatum
1043 1471 1160 1510 exisse
1181 1471 1288 1511 fama
1309 1473 1416 1521 esset,
1448 1472 1499 1511 ad

193 1539 279 1566 rem
301 1527 588 1580 inspiciendam
609 1527 760 1567 tribuni
797 1528 973 1568 militum
1006 1527 1370 1581 proficiscerentur,
1395 1534 1500 1568 ‘con-

194 1583 416 1637 sulariaque
438 1585 600 1625 comitia
616 1584 872 1624 haberentur.
929 1584 1127 1634 Profedfi,
1149 1589 1211 1639 (2)
1232 1588 1313 1639 Ap.
1332 1586 1499 1626 Claudi-

194 1654 264 1679 um
296 1640 426 1681 filium
453 1642 685 1690 decemviri,
715 1641 959 1695 praefecstum
996 1641 1105 1682 urbis
1139 1643 1393 1696 relinquunt,
1424 1643 1500 1682 im-

193 1698 354 1752 pigrum
385 1700 594 1754 juvenem,
630 1701 667 1739 &
685 1700 771 1754 jam
803 1700 896 1738 inde
916 1698 965 1738 ab
1001 1699 1256 1741 incunabulis
1294 1700 1499 1740 imbutum

193 1812 350 1855 telligitur
361 1821 454 1856 aptus,
471 1816 588 1853 idoneus,
599 1815 748 1856 siffciens.
779 1814 854 1846 Vid.
867 1814 988 1846 Salustii
1001 1815 1146 1847 Minerv.
1162 1815 1182 1846 l.
1200 1827 1229 1853 4.
1248 1826 1274 1847 c.
1291 1827 1321 1854 4.
1367 1816 1423 1858 (8)
1446 1817 1501 1847 Su-

187 1861 293 1900 gillare
303 1858 389 1890 idem
402 1860 490 1900 quod
504 1862 617 1891 Graece
632 1860 820 1898 ὑπωπιαζειν,
838 1859 891 1890 seu
906 1861 1028 1891 boi-wana
1040 1872 1135 1896 mmv,
1154 1862 1259 1891 facere
1276 1869 1313 1891 ut
1326 1860 1384 1891 sub
1398 1861 1501 1892 oculis

195 1902 327 1935 existant
343 1903 463 1935 vibices
489 1906 520 1935 δι
537 1904 670 1936 maculae
696 1903 820 1935 luridae.
868 1905 995 1935 ὑπωπων
1016 1905 1103 1935 enim
1120 1904 1285 1946 fignificat,
1308 1916 1375 1935 non
1401 1906 1502 1936 mods)

196 1948 237 1977 τὰ
254 1949 308 1980 ὑπο
321 1961 372 1983 τες
390 1950 539 1989 ὅφέαλμες
568 1962 649 1992 (aegri,
667 1948 720 1979 sed
737 1949 769 1979 δε
788 1950 828 1979 τὰ
847 1949 900 1979 ὑπο
918 1962 969 1982 τες
997 1950 1147 1989 ὄφθιιλμες
1175 1948 1329 1988 ὂιὲημαιτα.
1358 1950 1500 1993 Hesych.

197 1991 284 2024 Hinc
302 1994 323 2023 ὅι
340 1994 352 2023 ὅ
369 1994 510 2025 reddunt
534 2001 684 2036 ΠῚἾῃΠ
708 2004 766 2034 per
785 1994 915 2030 Can-asma,
938 1995 1035 2024 Prov.
1052 2005 1077 2024 c.
1097 2003 1148 2026 20.
1169 2004 1201 2025 v.
1221 2003 1271 2035 29.
1321 1996 1383 2025 Per
1400 1995 1504 2026 trans-

194 2043 360 2083 lationem,
393 2046 494 2078 verba
522 2047 691 2078 notionem
716 2048 858 2079 induunt
886 2047 1062 2089 ignominiosa)
1086 2049 1219 2078 vexandi.
1265 2049 1387 2089 Evang.
1423 2048 1503 2078 Luc.

196 2100 224 2120 c.
246 2091 293 2121 18.
314 2101 346 2122 V.
364 2101 398 2130 5.
416 2093 460 2122 ἵνα
475 2106 517 2131 μη
536 2092 694 2130 ὕπωπιαζη
710 2106 757 2132 με,
772 2092 829 2123 ubi
845 2092 1006 2133 vulgatus
1024 2091 1121 2123 habet
1143 2105 1175 2122 m·
1190 2094 1309 2133 sugillet
1325 2106 1386 2127 me;
1414 2101 1448 2131 q.
1473 2093 1503 2121 d.

198 2144 238 2165 ne
254 2136 381 2166 obtundat
397 2147 458 2167 me.
507 2135 557 2166 Sic
573 2137 648 2167 Ter.
665 2138 770 2167 Andr.
790 2146 817 2168 2.
842 2146 870 2167 2.
889 2146 938 2166 11.
965 2138 1047 2166 Eun.
1067 2146 1094 2175 3.
1111 2146 1140 2174 5.
1159 2138 1187 2167 6.
1204 2136 1338 2166 Phorm.
1360 2146 1387 2175 3.
1407 2146 1434 2166 2.
1454 2145 1503 2174 30.

199 2180 307 2211 Adeat
330 2180 434 2212 lecstor
458 2181 636 2212 Schwarzii
654 2182 840 2212 Comment.
887 2181 1087 2211 Schleusneri
1104 2182 1181 2211 Lex.
1211 2181 1242 2210 δε
1266 2180 1389 2211 Suiceri
1404 2181 1500 2210 Thes.

199 2223 257 2254 sub
274 2235 353 2256 voce
367 2226 554 2263 ὑπωπιαζειν.
573 2226 623 2256 De
639 2224 835 2267 etymologia
851 2225 943 2256 verbi
961 2227 1102 2267 fhgillare
1119 2225 1217 2255 variae
1235 2225 1310 2256 sunt
1329 2224 1504 2255 sententias.

200 2269 382 2300 Secundum
393 2270 704 2312 Voffiumsuggillare
713 2270 835 2301 dicitur
852 2270 1100 2310 quaslsubcillare
1115 2281 1133 2300 a
1145 2271 1263 2310 succilus
1282 2269 1344 2299 five
1352 2271 1508 2310 fizccilium3

202 2314 291 2353 quod
308 2324 326 2344 a
331 2315 385 2354 fiab
402 2315 433 2344 δε
451 2317 540 2345 cilium
557 2315 655 2345 venit.
672 2314 775 2355 [Mihi
791 2314 890 2356 magis
904 2315 1045 2356 placeret
1063 2325 1177 2345 vocem
1193 2314 1353 2345 deducere
1370 2325 1388 2344 a
1401 2315 1457 2354 snb
1475 2314 1507 2343 &-

197 2370 281 2398 gena,
296 2368 367 2398 quae
379 2358 460 2399 saepe
471 2370 531 2400 pro
544 2359 701 2399 palpebrfi
715 2358 866 2396 sumitur3
883 2358 977 2390 litera
991 2361 1018 2388 E
1032 2358 1065 2388 in
1077 2358 1240 2396 Imutat31‚
1258 2359 1289 2388 &
1303 2359 1345 2388 Ν
1359 2357 1393 2387 in
1406 2360 1444 2388 L.
1459 2357 1508 2399 E]

202 2403 257 2441 (9)
283 2402 370 2433 Huic
383 2402 456 2433 loco
472 2403 626 2433 convenit
643 2403 724 2434 alius
740 2404 835 2444 suprii
853 2403 915 2434 hoc
932 2403 987 2433 lib.
1003 2414 1029 2433 c.
1046 2413 1076 2440 7.
1096 2405 1243 2444 Principes
1249 2404 1338 2444 plebis
1352 2415 1384 2432 ea
1400 2405 1509 2432 comitia

178 2472 181 2475 .
201 2448 348 2484 malebant,
369 2449 465 2488 quibus
480 2460 530 2477 non
546 2449 693 2478 haberetur
710 2451 782 2478 ratio
784 2449 845 2488 fili,
867 2448 946 2488 qutim
962 2449 1057 2488 quibus
1075 2455 1105 2477 ut
1120 2450 1229 2489 indigni
1250 2450 1476 2488 praeterirentur.

249 2510 288 2540 C.
309 2509 360 2548 36.
379 2510 433 2550 (1)
458 2511 632 2540 Denzmciare
648 2509 810 2550 eleganter
824 2508 961 2539 sumitur
987 2519 1048 2550 pro
1062 2506 1227 2545 arcess‘ere,
1248 2508 1373 2549 jubere,
1396 2519 1510 2551 rogare

204 2553 319 2594 praesti>
332 2553 410 2585 esse:
426 2563 462 2584 ut
475 2554 564 2594 apud
576 2553 642 2584 Cic.
659 2553 682 2584 l.
703 2554 804 2584 11.ad
822 2555 907 2583 Fam.
923 2555 980 2594 Ep.
1000 2563 1027 2585 2.
1043 2553 1063 2584 l.
1080 2563 1109 2592 5.
1123 2555 1183 2594 Ep.
1202 2554 1291 2584 11.1.
1313 2563 1362 2592 13.
1379 2555 1440 2595 Ep.
1457 2561 1497 2591 77

205 2598 288 2628 Mox
315 2599 357 2629 ad
372 2601 441 2629 diem
465 2606 567 2628 cenam
590 2597 830 2628 observandum
857 2598 910 2633 est,
936 2597 1068 2629 Livium
1086 2597 1119 2628 in
1144 2597 1203 2629 hac
1230 2598 1449 2638 similibusque
1465 2598 1511 2627 10-

204 2642 390 2678 cutionibus
411 2653 530 2684 genere
547 2641 687 2682 sequiori
710 2642 758 2672 uti
784 2641 907 2672 amaffe.
954 2643 1009 2684 (2)
1035 2644 1147 2675 Unum
1165 2653 1291 2686 nempe.
1318 2650 1354 2674 ut
1372 2643 1513 2677 videtur,

204 2695 243 2716 ex
258 2686 354 2728 hujus
367 2688 443 2720 anni
462 2686 602 2719 tribunis
619 2685 823 2718 militaribus.

808 2745 847 2786 X
882 2759 903 2787 2
1152 2772 1158 2776 =
1419 2744 1511 2783 odio

1632 287 1712 328 307
