1853 3158
218 294 298 353 ῐρό

218 1161 340 1203 Capuam
353 1174 400 1192 ve

215 1214 302 1236 urunt,

884 279 936 335 T.
993 285 1248 336 Livii

434 406 664 464 majestatis,
693 408 803 448 velut
837 407 885 449 ab
921 423 986 449 ne
974 408 1096 450 ‘ando
1131 401 1374 464 fpe3acu10,
1406 412 1600 450 averteret
1621 424 1717 452 ocu-

433 469 505 507 los.

489 524 565 563 VI.
596 522 722 563 Primi
755 523 935 564 consules
963 523 1086 578 prope
1115 524 1310 565 seminudi
1338 523 1570 579 subjugum
1593 526 1721 565 miffiz·

431 592 535 629 tum,
567 591 611 620 ut
633 581 799 635 quisque
816 582 941 636 gradu
963 582 1169 636 proximus
1190 592 1288 631 erat,
1319 582 1373 622 ita
1394 582 1626 636 ignominiae
1647 583 1718 622 ob-

428 639 588 695 JeEtus:
635 649 721 678 tum
758 639 945 693 deinceps
983 639 1143 694 singulae
1179 639 1374 694 legiones.·
1406 639 1716 680 circumstabant

432 697 574 736 armati
606 695 755 749 hostes,
786 696 1071 751 exprobrantes
1105 696 1414 750 eludentesque:
1445 697 1566 752 gladii
1597 698 1719 737 etiam

432 754 629 811 plerisque
661 755 869 795 intentati:
917 757 956 794 &
990 754 1187 795 vulnerati
1222 754 1387 807 quidam
1421 755 1650 808 necatique,
1693 756 1720 794 fi

432 813 568 852 vultus
588 826 729 853 eorum
746 812 982 867 indignitate
1003 822 1138 852 rerum
1165 812 1294 852 acrior
1313 811 1509 852 vietorem
1530 812 1718 852 offendis-2

434 869 502 910 fet.
536 868 590 909 ita
623 876 648 923 †
678 869 855 910 tradurffi
886 869 959 909 sub
987 871 1151 925 jugum,
1186 871 1244 919 &,
1275 870 1384 922 quod
1420 867 1522 922 laen&
1559 870 1719 924 gravius

433 934 532 976 erat,
563 941 634 982 per
665 927 842 967 hostium
873 928 1024 968 oculos.
1057 941 1183 980 quum
1218 941 1239 966 e
1267 926 1366 966 saltu
1386 927 1603 977 evafiffent,
1634 927 1720 978 etfi,

433 986 543 1025 velut
578 985 627 1025 ab
661 984 799 1026 inferis
827 985 1012 1034 extrafifi,
1043 994 1129 1025 tum
1151 982 1330 1038 primum
1351 985 1483 1024 lucem
1519 984 1721 1038 adspicere

433 1043 501 1082 vifi
523 1041 631 1092 sunt,
662 1051 798 1081 tamen
834 1042 915 1094 ipsa
937 1043 1006 1081 lux
1028 1043 1081 1083 ita
1104 1042 1284 1082 deforme
1306 1041 1556 1083 intuentibus
1575 1048 1722 1097 agmen

434 1100 545 1139 o'mni
579 1108 708 1138 morte
740 1097 889 1138 tristior
920 1098 1014 1137 fuit
1071 1101 1227 1152 Itaque,
1259 1110 1386 1153 quum
1422 1109 1513 1139 ante
1554 1099 1721 1140 noctem

434 1156 620 1213 Capuam
653 1155 860 1210 pervenire
887 1156 1056 1208 possent,
1087 1156 1229 1196 incerti
1257 1159 1306 1197 de
1333 1156 1411 1196 fide
1433 1157 1648 1206 sociorum,
1681 1159 1721 1197 δε

433 1212 545 1269 quod
567 1214 699 1268 pudor
725 1212 1010 1268 praepediebat,
1039 1212 1144 1253 circa
1163 1213 1268 1252 viam
1287 1214 1397 1254 haud
1414 1216 1552 1268 procul
1582 1215 1723 1269 Capua

433 1273 620 1313 omnium
655 1271 773 1326 egeni
807 1285 975 1336 corpora
994 1270 1110 1310 humi
1130 1270 1442 1325 prostraverunt.
1498 1272 1623 1330 Qod
1655 1271 1725 1312 ubi

433 1329 490 1370 est
521 1329 706 1394 Capuam
727 1329 984 1378 nunciatum,
1014 1328 1134 1369 evicit
1167 1327 1366 1368 miseratio
1392 1329 1498 1383 justa
1526 1330 1725 1370 sociorum

433 1387 660 1447 superbiam
691 1387 914 1442 ingenitam
945 1386 1175 1440 Campanis.
1211 1385 1423 1426 confestim
1457 1386 1623 1441 insignia
1657 1387 1727 1427 sua.

433 1442 685 1506 consulibus,
730 1444 876 1495 fasces,
905 1443 1086 1497 lietores,
1129 1458 1257 1496 arma,
1299 1457 1440 1497 equos,
1471 1444 1722 1494 vestimenta,

433 1512 688 1544 commeatus
723 1501 917 1543 militibus
951 1501 1125 1558 benigne
1161 1501 1355 1542 mittunt.
1399 1503 1436 1542 8<
1474 1501 1727 1543 venientibus

433 1562 622 1614 Capuam
657 1560 831 1602 cun&us
866 1559 1024 1601 senatus
1063 1559 1399 1615 populusque,o
1376 1558 1536 1599 obviam
1572 1559 1728 1615 egressi,

428 1618 547 1675 justis
568 1617 757 1659 omnibus
776 1617 1054 1672 hospitalibus,
1085 1617 1325 1671 privatisque
1350 1619 1388 1657 &
1416 1617 1602 1671 publicis,
1633 1617 1728 1657 fun-2

432 1685 586 1731 guntur
607 1675 775 1716 officiis:
805 1690 937 1729 neque
970 1676 1048 1716 illis
1081 1675 1280 1715 sociorum
1301 1675 1486 1726 comitas,
1516 1675 1730 1728 vultusque

433 1734 614 1788 benigni,
648 1737 687 1774 ὅτ
724 1734 899 1787 alloquia
934 1747 1017 1773 non
1051 1732 1176 1773 modo
1210 1733 1434 1772 sermonem
1470 1733 1627 1782 elicere,
1659 1732 1726 1772 sed

433 1805 502 1843 ne,
535 1801 580 1831 ut
599 1791 739 1832 ocutos
759 1792 924 1844 quidem
944 1792 1188 1841 attollerent,
1219 1800 1288 1832 aut
1309 1790 1556 1831 consolantes
1577 1790 1729 1830 amicos

434 1848 577 1890 contra
597 1849 866 1898 intuerentur,
897 1848 1054 1890 efficere
1085 1857 1283 1902 poterant.
1346 1847 1464 1888 Adeo
1486 1848 1601 1901 super
1622 1862 1725 1888 moe-

434 1920 568 1947 rorem
604 1908 735 1960 pudor
767 1907 933 1961 quidam
958 1906 1099 1961 fugere
1121 1906 1321 1959 colloquia
1358 1908 1396 1944 Sc
1431 1915 1561 1945 coetus
1595 1905 1728 1945 homi-

434 1979 535 2004 num
557 1964 737 2019 cogebat.
800 1964 962 2005 Postero
996 1965 1060 2004 die
1091 1977 1218 2018 quum
1235 1965 1403 2018 juvenes
1425 1962 1592 2012 nobiles,
1625 1963 1725 2002 misfi

436 2037 456 2061 a
479 2022 634 2076 Capua,
666 2032 710 2061 ut
731 2021 1028 2076 proficiscentes
1062 2022 1112 2060 ad
1147 2021 1271 2061 finem
1293 2021 1560 2074 Campanum
1592 2021 1727 2074 prose-

435 2089 676 2132 querentur,
714 2080 986 2128 revertifl'ent3
1017 2078 1227 2132 vocatique
1263 2077 1304 2117 in
1343 2079 1496 2118 curiam
1531 2092 1728 2132 percunc-

435 2137 614 2177 tantibus
635 2137 855 2192 majoribus
877 2147 990 2185 natu,
1021 2136 1132 2175 multo
1150 2135 1226 2191 fibi
1246 2135 1433 2191 massiores
1457 2132 1508 2177 E&
1527 2137 1729 2190 abjeHicris

435 2196 554 2234 animi
572 2195 678 2248 vy'os,
710 2193 931 2243 referrent3
962 2193 1049 2233 adea
1069 2193 1203 2247 silens,
1233 2209 1276 2232 ac
1298 2192 1413 2246 prop}
1435 2203 1577 2233 mutum
1597 2209 1727 2247 agmen

437 2251 555 2306 incff
580 2268 598 2290 e
612 2271 623 2290 .-
657 2254 718 2305 (ῐ)
737 2260 857 2291 tacere
875 2252 1027 2290 indolem
1048 2252 1150 2290 illam
1171 2252 1397 2299 Romanam,
1427 2252 1626 2306 ablatosque
1644 2266 1729 2291 cum

437 2311 556 2349 armis
575 2310 726 2349 animos.
747 2325 816 2348 non
838 2309 986 2348 reddere
1005 2310 1183 2363 salutem,
1216 2324 1282 2348 uon
1291 2309 1543 2363 salutantibus
1563 2310 1652 2349 dare
1671 2324 1729 2348 re-

426 2368 614 2422 sponsum,
645 2381 713 2405 non
743 2367 875 2422 hscere
905 2382 1108 2420 quenquam
1136 2378 1216 2420 prae
1237 2375 1332 2405 matu
1357 2367 1520 2422 potugffi’,
1549 2375 1728 2421 tanquam

425 2425 638 2481 ferentibus
657 2423 776 2464 adhuc
793 2425 994 2464 cervicibus
1002 2426 1158 2479 jugum,
1175 2425 1248 2479 sub
1268 2440 1335 2478 quo
1355 2423 1464 2480 emffi
1481 2424 1597 2480 ff’nt.
1640 2424 1730 2464 Ha-

1650 2483 1731 2521 bere

488 2598 522 2628 C.
540 2596 568 2628 6.
594 2598 649 2638 (1)
673 2598 749 2629 Non
766 2607 933 2639 apparere.
955 2604 991 2628 nt
1011 2597 1075 2629 Cic.
1098 2598 1118 2628 l.
1137 2606 1164 2629 2.
1187 2598 1228 2628 de
1250 2596 1316 2628 Off.
1335 2608 1360 2628 c.
1380 2607 1406 2628 1.
1423 2599 1511 2628 literae
1537 2599 1727 2628 conticuerunt.

443 2643 502 2672 Sed
520 2644 680 2674 Gruterus
697 2643 778 2673 bene
795 2644 943 2673 emendat
951 2646 1049 2684 jarem
1062 2657 1072 2673 .·
1097 2650 1133 2674 ut
1150 2648 1266 2673 fraqam
1293 2645 1404 2673 indolem
1429 2642 1551 2683 alioqui
1583 2642 1729 2676 dicimus,

443 2687 476 2716 δε
499 2688 559 2717 alta
586 2689 685 2717 indoles
709 2686 921 2718 Hasdrubalis
947 2689 1034 2728 apud
1051 2688 1195 2718 nostrum
1220 2687 1239 2717 l.
1271 2696 1321 2718 21.
1338 2698 1363 2717 c.
1382 2697 1410 2717 2.
1454 2686 1503 2718 sic
1531 2686 1627 2718 etiam
1642 2686 1729 2716 infra

441 2731 463 2762 l.
485 2740 539 2763 10,
563 2742 587 2763 c.
616 2742 632 2772 3
636 2742 668 2772 5,
682 2733 904 2773 militumjacere
919 2735 1033 2765 animos.
1079 2731 1146 2766 Cic.
1161 2733 1202 2765 de
1218 2731 1322 2764 Amic.
1339 2742 1368 2764 c.¹
1396 2730 1445 2763 16.
1461 2739 1488 2762 ut
1503 2734 1587 2764 amici
1591 2734 1730 2772 jacentem

1610 2787 1729 2806 a'lgll'm
