1853 3158
362 263 645 313 LIBER
702 259 801 307 VII.
860 258 1045 308 CAP.
1105 257 1169 310 X„

122 388 284 442 cipuam
313 386 457 428 sortem
484 381 651 439 periculi
671 391 806 436 petere
827 382 992 422 nollent.
1024 392 1112 421 tum
1139 380 1193 420 T.
1215 377 1410 427 Manlius,

123 447 173 486 L.
199 446 320 495 filius,
351 444 420 499 qui
439 452 594 497 patrem
614 455 637 481 a
657 441 865 480 vexatione
894 440 1107 480 tribunicia
1127 438 1414 487 vindicaverat,

124 518 174 544 ex
194 504 359 544 statione
379 501 429 542 ad
449 498 687 540 diE‘tatorem
709 497 859 552 pergit:
894 499 1034 555 Injzffc
1061 506 1137 548 tuo,
1167 496 1314 549 inquit,
1344 496 1415 533 im-

120 571 288 614 perator,
317 567 421 599 extra
451 558 611 598 ordinem
647 570 835 610 nunquam
847 558 1116 609 pugnaverim,
1146 570 1214 594 non
1220 554 1260 608 st
1278 562 1416 593 certam

129 621 322 659 viHoriam
342 616 499 656 videam.
561 616 602 655 Si
620 623 663 654 tu
675 615 880 667 permittis,
911 614 988 652 volo
1020 628 1079 666 ego
1099 613 1154 651 illi
1173 613 1291 651 belluae
1310 611 1417 665 qsten-

129 677 227 727 dere,
256 674 397 730 quando
422 671 509 714 adeb
527 672 643 730 firox
669 671 858 726 praesultat
891 670 1038 725 hostium
1048 669 1187 723 stgnis,
1218 685 1273 708 me
1303 684 1347 708 ex
1373 667 1419 721 ed

116 734 279 790 familid
297 741 433 782 ortum,
464 747 540 786 quae
560 730 754 771 Gallorum
772 742 903 783 agmen
923 744 967 767 ex
987 738 1076 780 rupe
1093 727 1258 779 Tarpeia?
1279 726 1417 780 dejecit.

130 791 240 831 Tum
259 789 449 841 diQator,
477 795 502 842 †
522 787 658 828 MaHe
686 789 842 836 virtute,
872 785 1019 839 inquit,
1049 797 1092 824 ac
1116 786 1252 836 pietate
1286 786 1324 823 in
1350 794 1422 837 pa-

126 858 238 898 trem,
261 850 515 902 patriamque,
547 845 595 887 T.
628 845 778 894 Manli,
806 844 881 900 fsto.
942 843 1079 897 Perge,
1114 841 1166 882 &5
1188 855 1311 880 nomen
1344 842 1423 880 Ro-

128 921 281 946 manum
310 907 508 955 invic7um,
524 904 754 959 juvantibus
785 902 892 950 Diis,
917 899 1058 957 praesta.
1121 899 1295 939 Armant
1330 899 1424 937 inde

123 965 317 1019 juvenem
333 964 519 1018 aequales.
551 964 615 1016 (α)
635 959 814 1015 pedestre
830 959 988 999 scutum
1005 957 1126 1012 capit,
1158 959 1221 1012 (3)
1241 956 1424 1010 Hispano

126 1022 303 1076 cingitur
322 1022 470 1077 gladio,
491 1020 541 1060 ad
560 1019 789 1074 propiorem
809 1016 932 1057 habili
952 1028 1143 1071 pugnam.
1208 1014 1426 1054 Armatum

128 1080 451 1133 adornatumque
471 1075 661 1118 adversus
684 1076 853 1116 Gallum
874 1073 1014 1115 stolide
1049 1074 1202 1121 laetum,
1235 1075 1276 1113 <Sc
1309 1074 1427 1125 (quo-

130 1138 240 1178 niam
262 1137 302 1177 id
323 1149 485 1191 quoque
507 1135 702 1175 memoria
722 1134 893 1188 dignum
914 1131 1087 1184 antiquis
1109 1130 1237 1170 visum
1256 1129 1331 1184 est)
1352 1129 1428 1168 lin-

130 1209 254 1250 guam
269 1195 391 1235 etiam
412 1194 461 1234 ab
482 1193 598 1233 irrisu
613 1192 878 1242 exserentem,
908 1190 1151 1243 producunt.
1214 1190 1274 1241 (4)
1306 1187 1430 1226 Reci-

132 1254 250 1307 piunt
288 1253 381 1293 inde
416 1252 456 1292 se
489 1252 540 1290 ad
572 1249 807 1290 stationem:
840 1248 881 1289 &
913 1249 994 1287 duo
1030 1246 1072 1285 in
1102 1245 1236 1285 medio
1269 1244 1429 1295 armati,

132 1314 197 1366 (5)
218 1309 435 1365 spestaculi
456 1308 584 1362 magis
605 1320 732 1355 more,
763 1305 887 1359 quam
907 1306 995 1360 lege
1015 1303 1124 1352 belli,
1141 1302 1432 1354 destituuntur,

132 1381 392 1421 nequaquam
418 1366 504 1406 visu
535 1379 580 1405 ac
613 1364 742 1419 specie
763 1362 1051 1404 aestimantibus
1082 1375 1208 1415 pares.
1271 1360 1431 1414 Corpus

134 1425 247 1466 alteri
269 1423 546 1478 magnitudine
566 1422 776 1471 eximium,
805 1419 1028 1461 versicolori
1049 1419 1153 1460 veste
1175 1418 1372 1472 pi&isque
1393 1421 1431 1457 Sc

135 1497 235 1523 auro
256 1482 406 1523 caelatis
437 1481 642 1536 refulgens
677 1478 822 1519 armis:
853 1478 984 1518 media
1018 1478 1058 1517 in
1094 1478 1218 1517 altero
1250 1475 1433 1516 militaris

135 1540 300 1590 statura,
316 1539 555 1592 modicaque
578 1538 619 1577 in
640 1537 761 1577 armis
780 1535 980 1576 habilibus
997 1535 1122 1590 magis
1139 1533 1261 1588 quam
1278 1534 1433 1574 decoris

136 1597 299 1652 species.
331 1610 413 1636 non
435 1606 592 1646 cantus,
623 1609 705 1635 non
732 1594 943 1634 exsultatio
964 1606 1249 1645 armorumque
1271 1591 1434 1647 agitatio

137 1669 255 1705 vana,
287 1654 351 1695 sed
387 1654 530 1708 peritus
565 1654 793 1693 animorum
821 1654 882 1705 (6)
913 1651 1061 1703 iraeque
1092 1650 1222 1689 tacitae
1254 1651 1434 1702 plenum,

136 1726 301 1752 ornnem
321 1711 513 1751 ferociam
529 1710 570 1750 in
586 1709 799 1750 discrimen
815 1708 945 1763 ipsum
967 1708 1196 1748 certaminis
1215 1707 1434 1747 distulerat.

138 1769 227 1811 Ubi
248 1769 460 1810 constitere
490 1768 594 1808 inter
621 1768 720 1807 duas
741 1767 861 1816 acies,
890 1775 951 1805 tot
973 1764 1079 1805 circa
1100 1765 1331 1805 mortalium
1351 1765 1438 1804 ani-

140 1828 218 1868 mis
236 1827 303 1881 spe
335 1836 526 1879 metuque
557 1824 842 1880 pendentibus,
874 1824 1037 1873 Gallus,
1067 1824 1178 1864 velut
1212 1824 1338 1863 moles
1374 1821 1438 1862 su-

139 1885 262 1940 perne
303 1884 534 1932 imminens,
575 1882 758 1938 proje&o
798 1880 897 1922 laev'a
937 1881 1064 1929 scuto,
1107 1881 1148 1919 in
1189 1881 1437 1920 advenientis

140 1957 251 1982 arma
271 1942 395 1982 hostis
414 1955 564 1981 vanum
587 1944 647 1995 (7)
675 1939 804 1980 caefim
836 1954 931 1979 cum
964 1938 1117 1993 ingenti
1153 1937 1284 1977 sonitu
1304 1938 1437 1977 ensem

142 2001 301 2056 dejecit.
362 2000 590 2049 Romanus,
622 2011 815 2039 mucrone
848 1996 1043 2046 surre&o,
1073 2010 1202 2050 quum
1234 1998 1296 2050 (8)
1326 1995 1439 2035 scuto

1280 2053 1440 2095 scutum

148 2184 243 2206 onem
259 2183 332 2206 ante
349 2175 459 2207 oeulos
475 2173 598 2206 habuit.
648 2174 704 2215 (2)
728 2174 792 2206 Pro
816 2171 930 2215 parma
949 2168 1114 2210 nimirum,
1136 2181 1233 2213 quam
1250 2171 1372 2213 equites
1389 2183 1441 2213 ge-

148 2220 271 2250 rebant.
295 2221 361 2251 vid.
376 2228 446 2252 not.
465 2230 494 2252 2.
509 2221 551 2250 ad
567 2231 592 2250 c.
610 2219 660 2258 38.
677 2220 696 2249 l.
716 2231 748 2256 4.
793 2220 850 2259 (3)
873 2216 1031 2259 Prolepsis
1052 2218 1102 2248 cst.
1151 2216 1268 2248 Gladio
1295 2217 1443 2257 pedestri,

149 2264 207 2305 qui
235 2264 364 2305 quidem
394 2264 481 2296 Livii
506 2274 576 2295 aevo
603 2263 808 2295 vocitabatur
837 2265 867 2293 ἂ
894 2271 962 2294 erat
992 2263 1148 2304 H1spanu1,
1169 2262 1232 2293 live
1263 2263 1444 2304 Ηῇραηιξω,

151 2316 266 2349 utpote
292 2318 389 2348 quem
413 2308 552 2340 Romani
574 2309 614 2339 ab
632 2308 784 2350 Hispanis
801 2308 998 2339 Annibalico
1026 2307 1112 2338 bello
1135 2307 1275 2338 mutuati
1303 2309 1442 2337 fuerant.

152 2356 256 2384 Porro
271 2353 394 2395 gladius
411 2353 604 2395 Hispanicus
620 2353 779 2390 brevitate
796 2353 911 2384 habilis
928 2360 1007 2389 erat,
1023 2356 1196 2394 pariterque,
1219 2351 1326 2391 inquit
1345 2352 1441 2393 Poly-

151 2398 222 2429 bius
239 2398 259 2428 l.
276 2397 304 2428 6.
323 2399 361 2429 &³
377 2400 543 2439 adpunc‘iim
556 2400 700 2428 laedendum
716 2400 856 2435 excellens,
881 2399 919 2429 ΞΕ*
929 2400 967 2426 ad
976 2399 1058 2439 cfstm
1073 2411 1105 2427 ex
1123 2398 1444 2438 utrdyuepartcferien-

150 2447 213 2474 dum
237 2444 388 2474 vehemens.
435 2443 490 2484 (4)
514 2444 638 2483 Nempe
662 2443 770 2473 ceteri*
821 2442 874 2483 (5)
897 2441 1026 2474 Alludit
1043 2442 1157 2472 Livius
1173 2442 1214 2472 ad
1227 2440 1444 2482 gladiatorum

153 2499 285 2530 pugnas.
330 2486 434 2528 Supra
460 2487 482 2516 l.
509 2496 538 2518 1.
556 2498 580 2517 c.
600 2497 649 2526 25.
671 2488 783 2518 minime>
804 2495 919 2529 gratum
933 2489 1121 2527 speivaculum.
1171 2486 1226 2527 (6)
1251 2487 1374 2516 Notum
1402 2485 1445 2515 est

153 2534 235 2564 illud
251 2533 474 2567 Homericum,
497 2533 559 2562 ἕσαν
587 2545 655 2571 caym
672 2545 758 2570 μενεα
775 2544 918 2564 memma.
964 2532 1020 2572 (7)
1045 2531 1145 2563 Gallis
1171 2530 1268 2571 gladii
1289 2529 1445 2571 praelongi

153 2585 258 2614 erant,
279 2588 315 2608 ac
333 2576 396 2607 sinc
417 2576 644 2613 mucronibus3
667 2577 742 2607 teste
758 2576 853 2606 Livio
870 2576 893 2607 l.
910 2585 959 2606 22.
979 2587 1003 2605 c.
1024 2576 1074 2612 46.
1122 2578 1232 2616 Itaque
1257 2575 1359 2605 caesim
1376 2583 1446 2605 tan-

153 2623 224 2655 tum
239 2622 335 2652 ferire
350 2628 500 2662 poterant
517 2620 646 2651 hostem.
691 2621 746 2661 (8)
769 2622 814 2651 Ut
831 2621 871 2651 de
887 2620 988 2662 gradu
1007 2621 1125 2651 hostem
1142 2621 1304 2660 dejiceret,
1328 2620 1370 2654 δε,
1393 2630 1446 2649 oc·

154 2667 277 2698 cafione
293 2665 368 2697 data
385 2677 421 2696 cx
438 2665 562 2696 incerto
579 2676 613 2696 ac
633 2665 801 2696 vaccilanti
818 2666 886 2706 ejus
907 2672 1009 2701 motu,
1032 2666 1092 2696 sese
1110 2665 1209 2706 puiset
1226 2664 1312 2695 inter
1328 2675 1447 2706 corpus

155 2713 222 2753 ejus
239 2721 391 2751 armaque
407 2711 549 2755 (scutum
562 2709 601 2741 sc„
630 2707 809 2752 projectum
822 2709 1028 2751 gladiumque
1042 2710 1260 2751 praelongum)
1274 2709 1447 2739 insinuare,

178 2762 181 2765 ’
1280 2756 1332 2793 (9)
1361 2754 1447 2782 Intra
