1832 3137
398 268 681 309 LIBER
742 269 794 308 11.
856 270 1035 312 CAP.
1096 274 1210 313 XIII.

160 382 270 434 minis
306 379 451 435 nequssi
466 401 480 425 ,·
532 381 681 417 trecenti
713 381 988 434 conjuravimus
1015 385 1196 436 principes
1223 387 1436 438 juventutis

161 437 349 487 Romanae,
380 446 420 476 ut
455 437 493 477 iu
527 444 561 474 te
581 435 650 475 lade
687 438 753 476 vis}
785 439 1046 491 grcgffizremur.
1109 441 1205 480 Asea
1218 444 1438 496 primafhrs

146 495 248 550 ficit.
269 495 388 542 ceteri,
420 501 461 532 ut
494 495 619 546 mique
652 495 815 533 ceciderit
836 494 946 552 (12)
975 498 1109 549 primo,
1140 499 1256 551 quoad
1275 499 1384 556 (13)
1407 509 1440 538 le

161 560 393 605 opportunum
401 550 562 605 fhrtumz
578 550 727 599 dederit,
744 552 813 604 suo
829 553 971 605 qug‘sque
990 563 1155 606 tempore,
1185 556 1352 597 aderunt.

174 606 179 609 ’
216 608 330 648 XIII.
353 608 540 657 Mucium
557 607 773 659 dimissum,
799 609 863 647 cui
878 610 1010 661 postea
1028 611 1219 650 Scaevolae
1238 615 1300 665 (1)
1322 629 1343 652 a
1362 615 1440 653 cla·
1459 625 1576 663 Pmstm
1591 626 1618 653 «ῖς

161 668 212 705 de
246 667 395 704 dextrae
430 663 573 704 mansis
611 678 835 718 cognomen
871 667 1057 715 inditum,
1088 669 1249 722 legatia
1269 670 1520 710 P0r1'e1152pm
1537 672 1602 709 “gis-

164 717 341 762 Romam
363 721 483 762 secuti
502 722 607 773 sunt.
671 720 787 761 Adeo
810 733 986 762 moverat
1003 738 1095 763 eum
1119 729 1158 766 &
1191 726 1308 778 primi
1337 728 1441 779 peri-

161 780 244 819 culi
266 779 394 828 casus,
425 793 504 831 quo
526 778 624 817 nihil
647 778 683 817 se
706 790 848 832 praeter
867 794 1041 820 errorem
1064 782 1296 822 insidiatoris
1326 785 1442 822 texis-

163 836 236 887 set,
271 839 307 876 Sc
332 836 535 876 subeunda
557 835 759 875 dimicatio
781 837 912 885 toties,
938 848 1035 889 quot
1053 839 1247 893 conjurati
1269 840 1443 892 superes-

160 893 261 946 sent,
291 902 335 932 ut
351 893 461 947 pacis
482 893 731 933 conditiones
765 895 868 933 ultro
890 893 1010 934 ferret
1040 896 1249 935 Romanis.
1309 897 1444 948 μᾶλ-

160 960 248 1002 tum
282 950 322 989 in
344 949 639 990 cond-itionibus
676 951 942 1004 nequicquam
964 953 1012 991 de
1030 953 1261 1005 Tarquiniis
1282 953 1322 991 in
1358 968 1445 1008 reg-

161 1022 261 1046 num
297 1007 566 1058 restituendis,
597 1008 722 1062 magis
759 1009 851 1060 quia
871 1009 910 1048 id
938 1023 1081 1063 negare
1103 1010 1182 1063 ipse
1213 1011 1446 1063 nequiverat

160 1064 409 1118 Tarquiniis,
440 1066 562 1118 quam
582 1067 689 1118 quod
711 1075 900 1119 negatum
922 1066 968 1105 iri
1001 1066 1067 1105 fibi
1101 1067 1147 1106 ab
1168 1068 1365 1108 Romanis
1388 1069 1446 1122 ig·-

161 1132 333 1163 noraret.
393 1122 459 1162 De
495 1137 589 1177 agro
626 1125 683 1177 (2)
705 1122 944 1177 Vejentibus
980 1124 1221 1164 restituendo
1261 1125 1447 1178 impetra-

161 1188 250 1226 tum
269 1195 277 1218 :
308 1180 560 1233 expressaque
580 1182 642 1234 (3)
663 1180 864 1220 neeeflitas
881 1180 1031 1220 obfides
1053 1182 1171 1221 dandi
1186 1182 1397 1230 Romanis,
1421 1184 1445 1220 fi

162 1236 348 1288 Janiculo
383 1237 607 1290 praefidium
644 1238 787 1277 deduci
819 1238 976 1277 vellent.
1037 1239 1114 1278 His
1151 1239 1445 1279 conditionibus

163 1294 379 1347 composita
412 1309 522 1347 pace,
553 1294 774 1334 exercitum
797 1294 843 1334 ab
868 1295 1053 1347 Janiculo
1075 1297 1238 1337 deduxit
1258 1296 1444 1342 Porsena,

167 1353 205 1404 ἃ
226 1366 320 1405 agro
338 1351 526 1391 Romano
542 1351 710 1391 excessit.
771 1352 908 1391 Patres
930 1352 977 1392 C.
997 1353 1141 1392 Mucio
1158 1353 1313 1391 virtutis
1330 1353 1449 1392 causa
1461 1378 1493 1396 ᾧ.

164 1417 273 1459 trans
285 1408 466 1447 Tiberim
484 1423 623 1463 agrum
638 1410 744 1448 dono
761 1410 921 1460 dedere,
939 1423 1028 1462 quae
1049 1409 1181 1462 postea
1198 1409 1286 1448 sunt
1308 1409 1447 1448 Mucia

163 1474 276 1518 prata
293 1466 499 1519 appellata.
540 1467 661 1520 Ergo,
694 1466 746 1505 ita
767 1465 960 1514 honorata
982 1466 1145 1516 virtute,
1168 1466 1327 1506 feminae
1348 1480 1448 1519 quo·
1469 1488 1570 1516 Clalia.

164 1536 243 1574 que
266 1523 315 1561 ad
329 1522 488 1576 publica
504 1523 647 1562 decora
667 1523 819 1572 excitae.
842 1523 893 1561 Et
905 1523 1048 1571 Cloelia
1063 1523 1189 1577 virgo,
1210 1538 1289 1572 una
1311 1538 1357 1562 ex
1379 1523 1449 1563 ob-

165 1579 326 1627 fidibus,
346 1594 472 1631 quum
494 1580 618 1619 castra
638 1579 896 1618 Etruscorum
918 1577 1020 1620 forte
1056 1579 1164 1619 haud
1195 1582 1334 1633 procul
1366 1581 1452 1633 ripa

164 1636 323 1675 Tiberis
350 1638 478 1675 locata
499 1637 634 1684 effent,
656 1635 840 1675 frustrata
867 1636 1063 1684 custodes,
1085 1637 1166 1675 dux
1188 1637 1357 1691 agminis
1373 1638 1452 1676 vir-

165 1693 307 1746 ginum
338 1693 439 1732 inter
458 1694 536 1732 tela
565 1693 741 1732 hostium
775 1693 957 1732 Tiberim
992 1694 1184 1732 tranavit:
1216 1693 1452 1747 sospitesque

165 1763 307 1789 omnes
329 1750 507 1789 Romam
528 1750 577 1789 ad
606 1750 851 1802 propinquos
879 1749 1061 1788 restituit.
1122 1751 1246 1807 Qod
1282 1750 1349 1789 ubi
1371 1751 1454 1803 regi

166 1806 403 1846 nunciatum
425 1806 495 1856 est,
527 1807 660 1859 primo
682 1806 864 1845 incensus
880 1805 936 1845 ira
961 1817 1136 1846 oratores
1159 1808 1334 1846 Romam
1352 1808 1455 1846 misit

167 1865 218 1903 ad
235 1863 421 1903 Cloeliam
443 1863 616 1903 obfidem
651 1863 966 1916 deposcendarm
999 1864 1092 1903 alias
1113 1863 1220 1903 haud
1242 1865 1375 1918 magni
1398 1863 1455 1907 fa-,

168 1935 284 1960 cere:
314 1921 457 1960 deinde
480 1921 520 1959 in
546 1920 850 1960 admirationem
871 1920 1018 1969 versus,
1036 1922 1155 1974 supra
1180 1921 1327 1960 Coclites
1356 1921 1456 1961 Mu-

164 1979 302 2032 ciosque
321 1977 452 2017 dicere
467 1978 667 2034 idfacinus
687 1979 761 2032 ff,
785 1981 824 2017 &
847 1992 927 2030 prae
950 1978 986 2018 se
1009 1977 1127 2025 ferre,
1148 1978 1456 2030 quenmdmocium,

151 2034 195 2089 st
206 2051 272 2074 non
288 2034 444 2074 dedatur
458 2036 559 2089 obses,
574 2045 643 2087 pro
657 2043 760 2087 rupto
767 2036 810 2088 β’
817 2035 946 2090 foedus
961 2034 1171 2073 habiturum
1187 2057 1200 2078 ;
1208 2034 1267 2088 stc
1281 2035 1454 2081 deditam,

170 2092 384 2131 inviolatam
404 2093 455 2130 ad
460 2093 546 2146 filos
561 2092 801 2146 remffcrum.
843 2092 1050 2143 Utrinque
1068 2091 1244 2131 constitit
1261 2090 1381 2130 fides:
1416 2094 1456 2131 δε

172 2149 350 2192 Romani
364 2149 509 2204 pignus
526 2149 634 2203 pacis
656 2163 704 2188 ex
726 2148 880 2188 foedere
898 2148 1153 2188 restituerunt
1172 2164 1180 2188 :
1219 2151 1258 2189 &
1274 2138 1378 2202 apud
1400 2162 1461 2186 re-

1368 2218 1459 2260 gem

169 2319 241 2360 jure
255 2317 333 2349 belli
352 2329 371 2349 a
381 2325 413 2348 te
423 2318 546 2358 exigere
558 2317 686 2359 possem.
732 2317 780 2349 Sic
792 2318 876 2351 infra
888 2319 906 2349 L
922 2330 949 2356 4.
973 2330 998 2350 c.
1013 2328 1062 2358 33.
1078 2320 1258 2360 liherifrenis
1271 2321 1338 2359 equi.
1385 2316 1461 2358 (12)

173 2363 357 2394 Resecanda
369 2361 498 2393 videtur
514 2373 579 2392 vox
600 2367 702 2404 primo.
747 2366 794 2393 At
807 2364 960 2403 quoniam
977 2374 1046 2394 eam
1063 2363 1186 2394 codices
1202 2363 1379 2393 constanter
1401 2361 1463 2391 ser-

173 2415 263 2443 vant,
285 2407 461 2437 videndum
476 2417 586 2437 annon
602 2417 678 2437 vera
694 2406 731 2437 fit
744 2407 839 2438 lectio
857 2418 953 2447 quam
971 2408 1076 2448 plures
1093 2409 1230 2438 habeant
1247 2405 1465 2446 manuscripti,

174 2458 303 2492 utcunque
327 2453 450 2481 ceciderit
459 2454 562 2492 primo,
584 2451 616 2481 h.
640 2463 665 2482 e.
686 2459 816 2493 utcunque
843 2463 892 2482 res
911 2455 1033 2482 ceciderit
1060 2452 1138 2482 mihi
1157 2455 1259 2494 primo,
1281 2450 1464 2490 quicunque

176 2495 275 2526 fuerit
292 2494 393 2526 exitus
410 2495 488 2524 mihi
503 2495 591 2535 cujus
603 2495 708 2536 prima
724 2495 785 2526 fuit
799 2496 873 2526 sors.
918 2497 996 2537 (13)
1019 2498 1141 2533 Donec,
1155 2495 1252 2536 magis
1265 2494 1466 2525 commodam

176 2543 275 2580 quam
286 2550 343 2581 ego
358 2546 469 2569 nactus
482 2539 560 2576 sum,
584 2540 779 2570 occasionem
796 2547 827 2571 te
840 2540 1052 2571 interficiendi
1086 2543 1216 2571 fortuna
1233 2538 1364 2570 dederit.

223 2585 258 2615 C.
277 2593 326 2622 13.
343 2584 397 2624 (1)
413 2585 520 2614 Scaeva
547 2583 572 2613 is
589 2583 707 2615 dicitur
725 2584 780 2624 qui
808 2596 904 2615 manu
934 2584 1052 2615 sinistra
1078 2596 1138 2626 pro
1163 2584 1273 2615 dextra
1300 2582 1422 2614 utitur:
1450 2592 1467 2612 a

180 2631 295 2658 Graeco
313 2628 435 2660 σκακῷπ
483 2628 536 2667 (2)
558 2627 729 2671 Dionysius
758 2637 869 2659 narrat
898 2630 985 2669 quod
1003 2630 1141 2660 Porsena
1169 2629 1252 2661 hunc
1275 2638 1386 2668 agrum
1403 2636 1468 2656 non

179 2671 370 2702 Veientibus
388 2670 508 2702 restitui
528 2672 710 2712 postulavit,
736 2673 787 2703 sed
816 2673 871 2703 fibi
889 2673 1029 2714 pretium
1046 2673 1132 2713 quafi
1160 2673 1245 2714 pacis
1271 2671 1357 2707 dari3
1381 2669 1469 2709 quod

181 2716 287 2747 verius
305 2716 445 2751 videtur,
467 2727 541 2746 nam
563 2716 675 2747 Livius
694 2728 767 2747 eum
783 2729 800 2747 a
818 2718 956 2748 Porsena
981 2718 1160 2748 restitutum
1176 2715 1327 2747 Romanis
1350 2720 1468 2747 narrat,

180 2760 265 2791 infra
277 2771 301 2792 c.
315 2770 366 2799 15.
414 2760 469 2802 (3)
493 2762 606 2792 Fateor
619 2772 669 2793 me
681 2760 715 2793 in
728 2761 789 2793 hoc
805 2762 877 2793 loco
889 2762 982 2794 valde
995 2762 1121 2794 harere.
1168 2763 1359 2802 Interpretes
1371 2757 1472 2792 filent»

1303 2804 1333 2834 8<
1349 2800 1470 2833 codices
