1832 3137
389 268 672 313 LIBER
732 269 1004 314 LCAP.
1062 273 1217 317 xxxi
1606 297 1660 340 47

164 383 351 425 Romana
369 381 472 423 acies
490 381 627 421 valuit.
687 380 754 421 Ab
774 382 974 435 equitibus
994 395 1155 439 repente
1175 386 1343 429 inveffis
1364 395 1448 428 tur-

163 441 245 481 bati
265 441 423 482 ordines
443 439 533 478 sunt
556 438 821 480 Sabinorum:
851 455 924 481 nec
945 456 1078 498 pugna
1100 445 1242 485 deinde
1262 446 1337 487 illis
1353 460 1448 487 con-

163 499 278 547 stare,
309 512 382 538 nec
395 496 492 551 fuga
508 496 696 550 explicari
717 497 794 536 fine
814 498 959 552 magna
978 502 1084 540 caede
1106 503 1248 555 potuit.

220 555 377 596 XXXI.
428 554 612 594 Devi&is
628 553 801 604 Sabinis,
827 570 954 608 quum
976 557 1016 595 in
1033 558 1177 614 magna
1198 561 1323 615 gloria
1338 575 1450 617 mag·
1469 576 1619 619 Lapidibus

162 613 303 667 nisque
337 611 480 666 opibus
512 626 683 667 regnum
708 612 820 651 Tulli
854 628 898 653 ac
931 623 1014 654 tota
1041 630 1103 656 res
1126 618 1312 658 Romana
1343 621 1450 668 effet,
1464 622 1670 666 pluitinAlba-

165 671 403 711 nunciatum
437 670 521 725 regi
543 669 804 722 Patribusque
831 670 904 720 est,
936 671 977 710 in
1003 684 1140 713 monte
1165 675 1323 716 Albano
1355 678 1453 731 lapi·
1470 682 1502 699 ⁷¹⁰
1518 674 1611 698 ''Mt“

165 729 282 769 dibus
304 728 455 782 pluisse.
516 727 640 784 Qod
662 742 789 781 quum
811 728 919 767 credi
940 729 1005 768 vix
1027 732 1163 784 posset,
1194 733 1314 773 miffis
1336 736 1384 773 ad
1413 735 1454 774 id

163 786 372 827 visendum
407 785 655 839 prodigium,
693 785 734 824 in
767 786 1000 840 conspeetu,
1043 787 1151 828 haud
1186 791 1298 830 aliter
1330 789 1454 844 quam

163 859 293 898 quum
310 843 546 899 grandinem
562 843 671 882 venti
688 843 951 897 glomeratam
969 845 1009 884 in
1027 854 1150 886 terras
1167 857 1305 901 agunt,
1328 849 1457 890 crebri

166 902 346 942 cecidere
379 902 484 941 coelo
505 900 668 954 lapides.
728 901 813 940 Vifi
836 902 956 941 etiam
980 904 1115 943 audire
1143 919 1284 945 vocem
1318 906 1457 961 ingen-

165 969 250 999 tem
283 973 330 998 ex
357 958 503 998 summi
534 957 755 998 cacuminis
787 959 894 1008 luco,
932 962 993 1014 (1)
1022 970 1065 1000 ut
1098 963 1227 1015 patrio
1248 963 1327 1002 ritu
1351 965 1458 1004 sacra

167 1016 319 1056 Albani
340 1015 535 1066 facerent,
567 1030 673 1069 quae,
704 1017 813 1055 velut
833 1017 924 1057 Diis
947 1033 1109 1072 quoque
1132 1020 1246 1059 simul
1274 1035 1367 1061 curn
1389 1037 1458 1075 pa-

165 1075 241 1114 tria
265 1074 438 1123 relictis,
473 1073 664 1113 oblivioni
698 1075 916 1124 dederant3
964 1078 1000 1115 Sc
1037 1086 1106 1115 aut
1132 1077 1319 1118 Romana
1352 1079 1460 1120 sacra

167 1129 435 1186 susceperant,
467 1141 551 1182 aut,
586 1131 779 1182 fortunae,
815 1142 859 1171 ut
893 1133 952 1182 fit,
989 1133 1148 1184 obirati,
1186 1138 1339 1176 cultum
1368 1138 1459 1176 reli-

167 1199 339 1242 querant
369 1188 523 1229 Deam.
589 1190 788 1229 Romanis
822 1205 983 1244 quoque
1018 1191 1065 1231 ab
1099 1193 1241 1232 eodem
1275 1195 1459 1250 prodigio

167 1247 403 1287 novendiale
428 1250 491 1302 (2)
518 1247 674 1286 sacrum
703 1246 861 1301 publice
895 1248 1120 1303 susceptum
1146 1251 1227 1291 est:
1263 1253 1328 1291 seu
1362 1267 1459 1292 voce

164 1304 319 1345 coelesti
351 1319 399 1345 ex
434 1305 594 1345 Albano
628 1315 764 1345 monte
787 1305 916 1356 missa,
954 1309 1064 1360 (nam
1092 1308 1131 1347 id
1154 1323 1315 1362 quoque
1339 1310 1460 1349 tradi-

166 1365 250 1416 tur)
283 1362 350 1402 seu
383 1363 610 1416 aruspicum
643 1363 813 1402 monitu.
856 1366 997 1403 manfit
1030 1374 1135 1405 certe
1169 1366 1357 1415 sollenne,
1400 1378 1460 1416 ut,

167 1421 412 1473 quandoque
447 1423 508 1474 (3)
540 1421 646 1459 idem
678 1421 908 1475 prodigium
941 1422 1216 1473 nunciaretur,
1252 1424 1361 1464 feriae
1390 1439 1462 1478 per

167 1491 314 1516 novem
335 1478 419 1517 dies
440 1486 665 1531 agerentur.
726 1478 850 1518 Haud
882 1479 935 1518 ita
957 1481 1086 1518 multo
1118 1478 1206 1535 post
1238 1481 1461 1535 pestilentia

168 1534 394 1574 laboratum
431 1535 500 1574 est.
546 1536 651 1574 unde
689 1550 816 1588 quum
848 1536 1007 1589 pigritia
1042 1538 1240 1577 militandi
1273 1539 1460 1590 oriretur,

169 1593 280 1631 nulla
313 1602 447 1632 tamen
473 1591 521 1631 ab
552 1593 672 1632 armis
702 1593 814 1645 quies
846 1593 1014 1633 dabatur
1043 1594 1091 1633 ab
1122 1595 1308 1636 bellicoso
1339 1611 1459 1651 rege3

170 1649 384 1689 salubriora
406 1650 530 1689 etiam
554 1651 740 1689 credente
763 1650 930 1700 militiae,
963 1649 1085 1704 quam
1107 1653 1231 1702 domi,
1263 1655 1462 1708 juvenum

170 1721 339 1760 corpora
360 1707 459 1746 effe:
490 1708 617 1747 donec
640 1706 720 1760 ipse
738 1721 899 1760 quoque
921 1709 1141 1762 longinquo
1164 1713 1225 1765 (4)
1247 1711 1387 1751 morbo
1404 1712 1462 1752 est

169 1764 402 1818 implicitus.
461 1764 581 1804 Tunc
612 1762 712 1804 adeo
747 1764 865 1804 fracti
901 1766 1014 1805 simul
1047 1781 1140 1807 cum
1175 1783 1341 1822 corpore
1370 1769 1462 1809 sunt

171 1821 331 1875 spiritus
364 1822 419 1861 illi
441 1822 610 1870 feroces,
642 1831 701 1870 ut,
734 1823 802 1875 qui
836 1822 935 1862 nihil
958 1822 1048 1864 ante
1082 1835 1190 1865 ratus
1212 1827 1304 1865 effet
1326 1825 1462 1867 minus

171 1879 344 1934 regium,
378 1878 502 1933 quam
523 1880 640 1922 sacris
674 1881 817 1919 dedere
847 1880 1043 1932 animum,
1079 1882 1242 1936 repente
1276 1884 1462 1925 omnibus

172 1938 329 1992 magnis
350 1937 556 1991 parvisque
579 1937 921 1991 superstitionibus
942 1939 1139 1980 obnoxius
1157 1943 1343 1995 degeret3
1373 1943 1463 1982 reli-

171 1994 436 2050 gionibusque
453 1996 573 2035 etiam
591 1997 786 2049 populum
805 1996 1000 2049 impleret.
1021 1996 1143 2052 vulgo
1162 2000 1246 2053 jam
1263 1999 1462 2049 homines,

174 2067 270 2092 eum
305 2052 450 2092 statum
479 2068 628 2102 rerum,
664 2054 733 2106 qui
765 2053 836 2093 sub
861 2053 999 2093 Numa
1030 2070 1122 2110 rege
1150 2057 1293 2105 fuerat,
1330 2058 1462 2110 requi-

174 2119 322 2159 rentes,
365 2125 487 2150 unam
528 2125 646 2164 opem
680 2111 795 2165 aegris
829 2112 1062 2165 corporibus
1095 2113 1291 2162 relictam,
1330 2116 1353 2154 fi
1386 2129 1462 2168 pax

174 2167 369 2220 veniaque
389 2168 438 2208 ab
460 2168 551 2208 Diis
580 2169 790 2222 impetrata
811 2170 918 2217 efl'et,
951 2170 1176 2210 credebant.
1238 2171 1371 2225 Ipsum
1402 2187 1463 2212 τεε-

175 2239 283 2279 gem,
314 2227 493 2274 tradunt,
528 2227 755 2266 volventem
787 2228 1098 2267 commentarios
1132 2229 1295 2279 Numoe,
1337 2244 1463 2282 quum

176 2282 231 2322 ibi
264 2284 450 2336 quaedam
483 2285 641 2324 occulta
674 2284 863 2324 sollennia
895 2284 1085 2325 sacrificia
1118 2287 1207 2338 jovi
1245 2290 1306 2341 (5)
1337 2288 1464 2327 Elicio

177 2339 285 2380 facta
308 2340 526 2390 inveniffet,
556 2351 765 2395 operatum
789 2344 849 2397 (6)
878 2341 940 2382 his
962 2342 1078 2384 sacris
1101 2344 1136 2384 se
1159 2344 1368 2385 abdidiffe:
1400 2345 1463 2385 sed

1383 2417 1463 2443 110ss

223 2515 261 2546 C.
279 2523 331 2554 31.
364 2515 418 2557 (1)
437 2517 543 2553 Vocem,
565 2526 690 2558 nempe,
711 2516 886 2558 jubentem.
934 2519 988 2559 (2)
1006 2520 1179 2549 Novendloel'e
1203 2519 1325 2550 sacrun]
1349 2520 1467 2561 duplex

180 2559 241 2590 fuit
255 2571 263 2597 ;
286 2560 423 2590 alterum
440 2562 528 2601 quod
544 2569 673 2592 mortuo
690 2561 758 2592 fieri
775 2562 894 2593 solebat
912 2573 998 2594 nono
1015 2564 1076 2600 die,
1099 2564 1265 2605 postquam
1282 2572 1348 2595 erat
1366 2565 1468 2605 scpul-

181 2612 253 2635 tus:
279 2604 416 2635 alterum
432 2606 488 2647 (de
504 2616 569 2645 quo
586 2605 638 2636 hle
655 2605 776 2648 agitur)
792 2609 881 2647 quod
897 2618 952 2648 per
969 2619 1086 2639 novem
1100 2609 1269 2640 continuos
1286 2609 1350 2640 dies
1364 2610 1469 2645 fiebat,

180 2649 221 2679 ad
245 2649 438 2690 expiandum
462 2649 655 2691 prodigium.
701 2651 756 2691 (3)
779 2651 855 2682 Vid.
881 2663 913 2682 n.
933 2662 963 2691 3.
989 2654 1029 2684 ad
1051 2664 1076 2683 c.
1094 2663 1145 2690 ²4·
1172 2654 1276 2695 supra.
1325 2655 1378 2695 (4)
1393 2656 1467 2683 Lon-

175 2696 292 2735 ginquus
310 2694 390 2735 saepe
407 2705 467 2736 pro
494 2697 568 2736 longo
585 2695 637 2726 seu
652 2698 773 2726 diuturno
790 2697 876 2737 apud
893 2698 1045 2728 nostrum.
1094 2698 1142 2730 Sic
1159 2699 1190 2728 δε
1209 2701 1284 2730 Caes.
1305 2699 1380 2729 Bell.
1405 2698 1466 2728 civ,

184 2746 211 2767 1.
230 2738 284 2779 29.v
307 2742 466 2781 oppugnatio
489 2739 641 2782 long-itiqua.
688 2741 743 2781 (5)
766 2741 838 2771 Vid.
863 2742 958 2783 supr&
983 2754 1007 2774 c.
1033 2752 1084 2774 20.
1132 2745 1243 2785 Jovem
1268 2743 1330 2774 dici
1354 2745 1469 2773 Elii-ium

182 2781 267 2820 ideo,
289 2785 379 2824 quod
394 2784 435 2815 ad
452 2792 551 2816 terras
568 2788 719 2824 elim-etur,
742 2786 833 2818 docet
853 2787 949 2818 Ovid.
965 2788 1040 2819 Fast.
1063 2799 1090 2827 3.
1113 2797 1186 2827 327.
1235 2788 1289 2827 (6)
1306 2787 1470 2819 Abdidiffe

1431 2840 1465 2862 ut
