1853 3158
364 282 648 328 LIBER
706 281 827 323 VIII.
885 281 1072 324 CAP.
1130 284 1249 326 vm.

165 399 350 443 habebat.
386 402 514 456 prima
548 398 652 439 acies
686 397 831 438 hastati
865 408 998 451 erant,
1029 401 1226 455 manipuli
1255 402 1317 456 (6)
1345 400 1464 455 quin-

167 460 317 511 decim,
348 459 535 499 distantes
564 458 668 496 inter
701 456 739 495 se
777 457 984 497 modicum
1005 458 1201 512 spatium:
1232 459 1464 513 manipulus

167 519 274 558 leves
308 517 466 557 vicenos
488 515 653 564 milites,
687 514 805 553 aliam
827 524 886 553 tui
884 513 986 554 bam
1009 517 1256 557 scutatorum
1276 516 1462 557 habebat.

168 577 276 615 leves
307 584 455 622 autem,
487 572 558 625 qui
588 571 742 612 hastam
763 574 824 625 (7)
851 571 1012 612 tantum
1046 574 1230 639 gaesaque
1264 585 1467 630 gererent,

170 633 428 672 vocabantur.
490 630 593 670 Haec
630 630 759 682 prima
779 629 892 669 frons
926 630 967 669 in
1002 634 1087 671 acie
1109 633 1282 672 florem
1267 646 1466 688 Juvenum

170 688 473 743 pubescentium
494 689 544 728 ad
564 687 749 727 militiam
769 685 955 727 habebat.
1016 689 1239 729 Robustior
1257 690 1351 731 inde
1372 700 1468 731 aetas

170 748 338 787 totidem
378 746 693 800 manipulorum,
736 743 883 798 quibus
921 745 1172 799 principibus
1210 747 1267 787 est
1303 762 1469 799 nomen,

169 804 243 844 hos
277 803 559 857 sequebantur,
592 803 732 844 scutati
768 815 924 851 omnes,
955 803 1175 857 insignibus
1210 804 1384 845 maxime
1407 820 1469 845 ar—

170 862 260 901 mis.
277 861 355 902 hoc
373 864 434 916 (8)
452 862 615 916 triginta
633 860 933 913 manipulorum
961 875 1106 915 agmen
1138 863 1387 914 antepilanos
1408 866 1468 917 (9)

170 919 439 972 appellabant,
474 919 569 973 quia
589 918 661 958 sub
680 921 770 972 (10)
793 917 910 971 lignis
925 919 1011 973 jam
1033 919 1100 959 alii
1122 921 1160 973 (1
1176 921 1214 973 1)
1235 920 1470 972 quindecim

170 977 333 1018 ordines
369 976 628 1017 locabantur:
659 990 708 1016 ex
748 975 895 1028 quibus
931 979 1021 1031 (12)
1054 977 1155 1016 ordo
1196 977 1471 1031 unusquisque

167 1046 246 1075 tres
268 1045 400 1089 partes
422 1037 512 1090 (13)
533 1033 718 1074 habebat.
753 1046 893 1072 earum
924 1034 1255 1088 unamquamque
1279 1037 1369 1090 (14)
1391 1036 1471 1088 pri-

1354 1108 1470 1134 mun}

169 1226 247 1258 dum
264 1227 392 1269 Lipsius
408 1228 534 1259 censet:
559 1230 623 1259 ordo
639 1231 792 1271 sexagenos
809 1229 910 1258 milites
936 1230 975 1260 δ’
997 1230 1073 1265 duos,
1094 1231 1274 1259 centurionem
1293 1229 1332 1260 ΕΞΪ
1348 1231 1473 1260 vexilla-

168 1275 243 1303 rium
270 1287 351 1303 mum
379 1275 506 1304 habebat.
555 1273 711 1316 Polybius
728 1274 747 1303 l.
774 1272 802 1304 6.
821 1274 932 1314 aperte
961 1273 996 1303 in
1021 1273 1170 1313 quolibet
1197 1273 1366 1314 manipulo
1390 1275 1472 1306 duas

170 1317 334 1359 distinguit
352 1326 471 1358 partes,
486 1319 634 1349 dextram
646 1319 677 1348 δε
694 1318 866 1348 sinistram:
892 1318 1010 1358 cuique
1023 1318 1109 1359 parti
1127 1319 1220 1349 suum
1236 1318 1473 1356 centurionem,

168 1361 326 1403 suumque
353 1362 538 1403 signiferum
565 1361 710 1404 affiguat.
758 1364 831 1394 Hoc
860 1373 962 1393 unum
978 1363 1151 1404 discrepat,
1172 1364 1263 1403 quod
1279 1364 1368 1404 apud
1394 1374 1471 1396 eum

168 1408 252 1437 ordo
281 1407 323 1438 est
340 1407 531 1449 sexagenum
556 1408 708 1444 militum,
731 1406 784 1438 hic
810 1408 1002 1449 sexagenum
1037 1409 1068 1437 ὃς
1095 1409 1247 1439 duorum.
1293 1408 1355 1439 Sed
1381 1408 1468 1439 hunc

170 1462 344 1482 numerum
360 1452 490 1483 firmum
507 1452 566 1484 esse
584 1454 615 1483 δε
641 1464 756 1483 verum
773 1463 810 1483 cx
826 1463 865 1483 eo
883 1460 983 1493 patet,
1005 1454 1095 1493 quod
1111 1452 1199 1483 infra
1215 1452 1249 1483 in
1274 1452 1378 1484 tribus
1396 1464 1471 1484 vex-

171 1496 246 1534 illis,
269 1496 332 1528 five
359 1497 540 1533 ordinibus,
571 1505 702 1529 centum
731 1499 762 1528 δε
795 1497 962 1539 onstoginta
991 1497 1043 1528 sex
1071 1497 1218 1528 homines
1245 1506 1471 1529 numerantur.

170 1541 227 1582 (6)
252 1543 337 1583 Lege
368 1545 504 1584 manipuli
529 1545 623 1579 decem,
645 1543 697 1573 vel
725 1544 912 1584 manipulique
937 1546 1035 1580 decem,
1057 1551 1094 1573 ut
1121 1542 1181 1573 sint
1208 1542 1243 1572 in
1259 1541 1329 1573 tota
1345 1543 1471 1585 legione

172 1585 331 1627 manipuli
359 1586 501 1628 triginta.
548 1588 604 1628 (7)
621 1589 745 1628 Nempe
772 1587 1006 1628 jaculatoriam.
1054 1589 1173 1628 Gaesum,
1205 1587 1270 1618 five
1299 1591 1397 1629 Gesum
1425 1596 1471 1619 te-

173 1631 244 1661 lum
275 1630 438 1662 Gallicum
461 1640 531 1662 erat
548 1640 657 1663 totum
682 1643 698 1662 e
725 1634 826 1663 ferro.
871 1632 928 1673 (8)
950 1634 1048 1674 Lege,
1069 1643 1108 1663 ex
1133 1640 1209 1663 ante
1224 1632 1332 1669 dietis,
1352 1636 1468 1675 viginti.

173 1676 230 1715 (9)
256 1676 341 1719 Qia
369 1676 588 1716 sequebantur
612 1676 728 1714 triarii,
751 1676 807 1716 qui
832 1676 926 1707 aliter
945 1679 1040 1718 pilam'
1055 1677 1274 1708 vocabantur.
1320 1678 1471 1718 Namque

173 1721 279 1761 pilum
295 1721 468 1762 proprium
490 1723 596 1752 fuerat
613 1721 722 1764 primo
738 1721 840 1751 telum
856 1720 1054 1752 triariorum.
1105 1721 1216 1752 Postea
1236 1721 1304 1762 pilo
1327 1721 1374 1752 usi
1398 1723 1471 1754 sunt

174 1765 299 1802 hastati,
325 1765 380 1805 qui
403 1777 420 1796 a
442 1765 605 1807 principio
627 1766 732 1803 hastis,
757 1767 787 1796 ὃς
804 1765 967 1807 principes
984 1766 1040 1807 qui
1057 1773 1153 1797 antea
1177 1766 1291 1807 gladiis
1308 1777 1474 1808 pugnave-

175 1818 258 1841 rant.
302 1809 424 1841 'I'riarii
450 1821 528 1841 vero
554 1821 615 1853 pro
632 1810 706 1852 pilis
722 1811 957 1852 assumpserunt
975 1811 1086 1842 hastas.
1130 1813 1209 1852 (10)
1226 1811 1354 1852 Cuique
1371 1812 1473 1844 mani-

173 1856 254 1899 pulo
282 1855 337 1886 sua
368 1863 460 1886 erant
478 1855 572 1897 signa.
620 1857 681 1886 Sed
707 1856 789 1897 saepe
802 1858 888 1899 figure
906 1856 1093 1897 simpliciter
1120 1856 1200 1898 poni
1227 1857 1383 1888 videntur
1411 1869 1473 1899 pro

174 1900 347 1942 praecipuis
374 1900 507 1942 legionis
535 1900 639 1942 signis,
661 1911 733 1941 quze
762 1901 893 1941 quidem
919 1901 1075 1932 videntur
1101 1900 1192 1932 fuiffe
1217 1902 1306 1942 apud
1330 1901 1473 1935 triarios.

174 1945 306 1986 Aquilae
323 1947 419 1982 certe,
441 1946 529 1986 quod
547 1957 718 1977 commune
742 1953 811 1976 erat
836 1945 937 1977 totius
963 1945 1098 1987 legionis
1125 1946 1260 1988 signum,
1283 1948 1473 1988 praepositus

177 1989 246 2021 erat
278 1990 427 2021 centurio
462 1990 561 2031 primi
601 1990 670 2032 pili,
707 1990 771 2022 sive
801 1991 951 2022 centurio
990 1991 1087 2032 primi
1120 1991 1311 2022 triariorum
1340 1992 1474 2024 ordinis.

173 2037 253 2075 (ΙΙ)
270 2037 334 2066 Pro
350 2038 496 2076 qziinilcim
512 2038 619 2067 ordines
634 2037 805 2073 locabantur,
827 2035 954 2076 Lipslus
971 2035 1032 2078 legi
1048 2036 1139 2077 jubet
1155 2038 1240 2067 decem
1256 2037 1391 2079 (nempe
1406 2049 1474 2069 ma-

177 2080 300 2122 nipuli)
316 2083 408 2111 ordine
424 2083 594 2116 locabantur,
606 2081 670 2118 vel,
685 2081 817 2122 prorsus
831 2080 945 2111 omissa
961 2091 1052 2117 voce,
1066 2084 1149 2111 decem
1161 2082 1332 2112 locabantur.
1378 2083 1474 2114 Prior

177 2136 253 2166 pars
269 2126 456 2167 conjectura
482 2126 615 2156 omnino
639 2126 826 2167 recipienda
844 2126 995 2156 videtur:
1021 2125 1228 2157 consentiunt
1244 2126 1332 2157 enim
1348 2136 1473 2159 veteres

178 2169 213 2200 in
241 2171 328 2201 omni
345 2170 480 2212 legione,
503 2171 679 2202 numeratis
693 2170 784 2201 simul
799 2170 929 2207 triariis,
951 2171 1080 2201 tantum
1106 2170 1196 2202 fuiffe
1213 2170 1348 2213 triginta
1371 2173 1474 2203 mania

179 2214 282 2259 pulos.
330 2216 444 2246 Ordines
470 2218 551 2246 xero
580 2215 767 2246 Gronovius
794 2215 927 2247 retineri
954 2215 1041 2257 poffe
1067 2216 1267 2254 arbitratum
1292 2217 1324 2247 &
1340 2217 1438 2258 quide
1442 2229 1472 2248 m

179 2269 242 2300 pro
269 2260 459 2300 manipulis:
486 2271 553 2301 quo
584 2261 675 2291 sensu
704 2263 790 2292 certe
821 2271 886 2291 nox
912 2261 1079 2292 interdum
1107 2261 1256 2292 sumitur.
1302 2263 1382 2304 (12)
1407 2261 1473 2294 Hic

180 2303 278 2334 etiam
294 2304 420 2345 Lipfius
438 2305 522 2336 tollit
539 2316 652 2336 vocem
668 2308 738 2336 ordo.
763 2320 805 2335 zm
801 2308 947 2347 squisque‚
970 2317 1087 2347 nempe
1099 2306 1295 2347 manipulus.
1343 2309 1474 2338 Grono-

180 2348 252 2379 vius
274 2357 383 2380 autem
404 2349 493 2380 illam
513 2349 642 2386 retinet,
660 2350 846 2391 accipitque
862 2361 923 2392 pro
942 2350 1121 2392 manipulo.
1169 2352 1246 2392 (13)
1264 2353 1390 2394 Nempe
1415 2352 1473 2383 tri-

179 2392 276 2430 arios,
299 2393 450 2431 rorarios,
473 2396 504 2424 δε
522 2395 689 2433 accens053
713 2404 749 2426 ut
774 2406 850 2426 mox
864 2395 1002 2426 dicetur.
1046 2395 1125 2446 (¹3³)
1148 2396 1276 2438 Lipsius
1300 2398 1472 2428 emendat·

178 2451 297 2468 earumx
298 2452 504 2480 numquamque
526 2439 664 2480 primam
674 2442 766 2481 piJum
782 2441 895 2470 vocahaa
896 2448 930 2471 1.t
979 2441 1062 2478 Tres,
1083 2441 1203 2481 inquit,
1225 2441 1298 2472 sunt
1314 2442 1476 2484 manipull

180 2483 335 2524 cujusque
352 2492 470 2524 parter»,
492 2494 557 2514 non
584 2485 656 2514 duae
683 2492 719 2515 ut
748 2484 781 2514 in
798 2484 973 2535 prioribus.
1020 2485 1162 2516 Primam
1177 2496 1341 2527 quamque
1357 2487 1474 2518 harum

179 2538 239 2603 pgr
243 2528 324 2559 tium
340 2529 430 2569 (lunt
457 2527 527 2559 enir
524 2539 543 2558 i
565 2529 676 2560 decem
702 2529 748 2559 ita
764 2529 889 2570 primae,
911 2529 1015 2560 triarii
1040 2531 1169 2570 omnes)
1183 2530 1351 2572 appellant
1367 2533 1476 2562 Pilum

230 2584 269 2604 nc
291 2577 419 2623 primu-m
431 2575 521 2614 pilum
537 2577 640 2611 ducere,
665 2575 798 2616 &primi
808 2576 868 2616 pili
888 2578 1066 2606 centurionem
1091 2575 1235 2617 legimus.
1279 2576 1349 2606 Alii
1365 2584 1475 2608 autem

179 2627 292 2649 omnes
309 2618 496 2649 triariorum
513 2618 642 2649 ordines
657 2619 696 2659 (i.
714 2630 739 2649 e.
756 2629 1018 2660 unamquamque
1047 2621 1185 2661 primam
1212 2629 1339 2661 partem
1355 2621 1475 2653 horum

178 2663 291 2694 decem
307 2662 562 2704 manipulorum,
583 2663 639 2704 qui
656 2663 769 2710 singuli
784 2672 850 2695 tres
874 2671 982 2706 partes
997 2664 1180 2705 habebant)
1189 2667 1365 2708 primospilos
1386 2666 1475 2697 voci-

180 2714 266 2743 tatos
288 2716 418 2750 putant.
466 2710 505 2740 F
494 2716 505 2735 r
534 2708 567 2739 in
597 2709 679 2740 banc
696 2709 887 2741 sententiam
904 2710 1092 2742 Gronovius
1108 2711 1280 2744 emendat·
1302 2724 1397 2742 earum
1409 2714 1475 2751 pri

1402 2768 1476 2786 mam

1605 301 1684 344 ¹39
