1832 3137
368 269 404 310 L
433 269 451 310 I
482 269 514 309 B
544 268 578 308 E
608 267 647 307 R
708 267 760 307 II.
821 267 855 308 C
887 269 925 309 A
956 270 1001 310 P.
1060 269 1215 311 XVIII.
1568 292 1644 334 109

156 379 331 421 {afflone
361 378 582 433 Tarquinia
611 378 746 428 essent,
787 378 844 432 (id
883 393 1042 432 quoque
1085 380 1192 419 enim
1245 379 1430 434 traditur)
1451 400 1631 430 prfmmdic,

156 452 298 490 parum
311 437 505 477 creditum
527 438 590 488 fit,
609 450 682 476 nec
700 435 788 489 quis
804 435 981 489 primum
1002 435 1173 477 di&ator
1189 446 1344 477 creatus
1372 439 1430 487 sit,
1449 451 1530 475 tam.

157 495 248 535 satis
267 494 429 535 constat.
447 495 553 548 apud
570 493 801 533 veterrimos
822 502 954 532 tamen
976 494 1158 533 melotes
1179 495 1229 533 T.
1250 495 1432 534 Lartium

157 552 393 592 dietatorem
423 553 613 605 primum,
646 550 714 604 Sp.
748 550 920 590 Caffium
970 551 1201 605 magistrum
1234 552 1431 604 equitum,

156 620 308 649 creatos
329 610 498 649 invenio.
560 607 796 648 Consulares
817 610 878 661 (4)
895 605 1048 661 legere:
1078 607 1131 647 ita
1147 609 1209 647 lex
1234 611 1294 662 (5)
1315 609 1431 663 jube-

157 665 237 716 bat,
258 668 306 706 de
333 666 526 706 dietatore
555 666 726 706 creando
757 666 846 704 lata.
907 664 968 703 Εό
1001 665 1127 718 magis
1155 666 1345 715 adducor,
1387 676 1431 705 ut

157 724 333 774 credam,
353 724 551 772 Lartium,
573 723 642 776 qui
671 721 884 763 consularis
913 723 974 775 (6)
1002 731 1098 771 erat,
1139 720 1286 775 potius,
1310 724 1431 775 quam

156 780 344 821 Manium
364 781 588 830 Valerium,
608 781 668 819 M.
692 779 836 829 filium,
855 779 988 818 Volefi
1010 788 1210 831 nepotem,
1232 779 1300 832 qui
1333 794 1432 818 non-

158 839 255 877 dum
276 839 412 878 consul
432 838 576 887 fuerat,
608 837 916 886 moderatorem,
949 838 989 876 &
1007 836 1238 891 magistrum
1265 836 1433 876 consuli-

159 895 232 936 bus
249 897 482 950 appofitum.
505 896 573 949 qui
591 897 666 949 (7),
682 895 706 933 fi
729 894 900 933 maxime
921 907 969 932 ex
986 894 1031 932 ea
1044 892 1191 936 familia
1212 893 1289 947 legi
1309 893 1435 933 dieta-

160 962 287 993 torem
308 955 467 1002 vellent,
499 963 652 1006 patrem
673 949 802 990 multo
829 948 962 1005 potius
989 950 1049 989 M.
1082 950 1304 1000 Valerium,
1329 951 1437 1004 spec-

160 1021 251 1051 tatae
291 1012 447 1051 virtutis
481 1014 521 1051 &
569 1009 814 1050 consularem
854 1008 983 1048 virum
1023 1008 1211 1061 legiffeiit.
1292 1008 1437 1048 Creato

160 1069 354 1109 metatore
376 1066 553 1122 primum
574 1068 735 1117 Romae,
756 1067 964 1120 postquam
986 1067 1046 1119 (8)
1067 1064 1244 1118 praeferri
1284 1065 1438 1105 secures

160 1126 359 1177 viderunt,
380 1140 549 1181 magnus
580 1125 736 1178 plebem
776 1132 905 1163 metus
937 1122 1100 1171 inceffit,
1133 1131 1177 1161 ut
1209 1122 1440 1162 intentiores

163 1185 284 1224 effent
305 1185 354 1224 ad
374 1184 484 1224 dieto
505 1184 739 1237 parendum.
761 1195 890 1234 neque
912 1176 1033 1228 enim,
1057 1189 1101 1219 ut
1127 1179 1168 1218 in
1199 1179 1440 1228 consulibus,

163 1242 232 1295 qui
248 1243 332 1296 pari
349 1241 539 1295 potestate
561 1241 695 1288 effent‚
713 1238 872 1279 alterius
887 1237 1095 1287 auxilium,
1124 1250 1253 1289 neque
1270 1239 1330 1290 (9)
1350 1250 1442 1289 pro-

162 1300 317 1340 vocatio
343 1308 452 1347 erat;
475 1312 603 1351 neque
633 1299 759 1336 ullum
781 1296 962 1348 usquam,
992 1295 1060 1333 nisi
1082 1295 1122 1333 in
1143 1295 1238 1333 cura
1264 1294 1443 1346 parendi,

165 1358 371 1398 auxilium.
437 1356 595 1396 Sabinis
631 1356 750 1394 etiam
787 1362 942 1393 creatus
984 1353 1126 1391 Romae
1168 1350 1338 1390 <necator
1373 1348 1440 1403 (eo

165 1416 291 1470 magis
313 1411 423 1468 quod
437 1423 597 1467 propter
611 1412 646 1451 se
669 1421 845 1452 creatum
860 1409 1122 1462 crediderant)
1145 1417 1295 1446 metum
1313 1407 1442 1446 incus-

167 1473 223 1512 fit.
246 1474 379 1524 itaque
401 1472 550 1525 legatos
572 1471 620 1509 de
641 1483 737 1523 pace
759 1469 936 1507 mittunt.
959 1465 1118 1518 quibus,
1134 1465 1338 1504 orantibus
1359 1465 1442 1504 dic-

170 1540 335 1569 tatorem
357 1529 629 1580 senatumque,
647 1537 691 1566 ut
711 1526 866 1565 veniam
887 1523 1029 1563 erroris
1050 1521 1278 1561 hominibus
1295 1521 1443 1560 adoles-

168 1587 349 1627 centibus
363 1588 515 1632 darent,
532 1584 790 1636 responsum3
823 1582 949 1635 ignqsci
976 1580 1241 1633 adolff-entibus
1259 1580 1363 1633 posse,
1380 1580 1442 1632 se.-

170 1645 273 1684 nibus
289 1659 355 1683 non
369 1644 473 1698 pff²‚
493 1644 556 1696 qui
574 1642 662 1680 bella
681 1657 723 1680 ex
743 1641 840 1679 bellis
853 1639 1029 1692 firerent.
1052 1636 1189 1676 aCtum
1221 1646 1353 1675 tamen
1386 1636 1443 1674 est.

1395 1694 1444 1731 de

169 1818 355 1861 iunzfit‚quia
365 1830 398 1848 ex
405 1817 530 1858 fafz'iom‘
548 1813 703 1856 Tarquinis}
718 1815 803 1856 effent.
848 1810 1019 1843 Traditum
1035 1811 1077 1842 est
1093 1809 1231 1851 primum
1253 1808 1443 1840 dic-”tatorem

170 1863 243 1894 ideo
267 1871 409 1894 creatum
438 1860 536 1897 fuisse,
562 1860 637 1900 quia
668 1859 810 1890 consules
841 1868 878 1888 ex
902 1855 1040 1888 faetione
1067 1855 1244 1895 Tarquini}
1271 1854 1376 1889 essent,
1408 1865 1444 1884 ac

172 1907 307 1948 proinde
323 1907 359 1937 iis
376 1917 490 1947 parum
507 1905 578 1936 fidei
589 1905 768 1936 haberetur.
813 1902 1055 1934 Observandum
1079 1908 1183 1930 autem
1209 1898 1295 1939 quod
1321 1899 1444 1940 Diony*

171 1951 230 1982 slus
244 1952 338 1993 primi
354 1950 519 1982 dictatoris
536 1950 728 1980 creationem
745 1947 844 1989 rejicit
860 1947 893 1977 in
916 1953 1066 1987 quartum
1091 1944 1205 1974 abhinc
1233 1954 1361 1978 annum,
1379 1953 1444 1982 quo

170 1997 210 2027 T.
223 1997 351 2028 Lartius
367 1996 484 2026 iterum
512 1995 621 2025 consul
637 1994 697 2024 fuit
708 2004 780 2024 cum
799 1995 850 2034 Q
865 1991 977 2023 Cloelio
991 2003 996 2019 z
1034 1990 1169 2029 ideoque
1192 1996 1333 2018 creatum
1358 1987 1446 2021 dicit,

173 2049 208 2072 ut
227 2041 315 2082 plebs
328 2041 458 2072 nomina
474 2041 549 2070 dare
560 2039 593 2069 in
605 2038 726 2069 bellum
741 2037 893 2068 Latinum
909 2042 1086 2076 cogeretur,
1113 2034 1199 2073 quod
1225 2043 1281 2072 per
1305 2032 1446 2062 consules

172 2085 255 2117 effici
271 2097 337 2117 non
354 2084 452 2126 poffet
469 2085 511 2115 ob
528 2084 626 2125 legem
642 2082 811 2113 Valeriam.
857 2081 1005 2111 Dic‘tator
1029 2078 1090 2109 alio
1118 2078 1246 2108 nornine
1271 2076 1446 2107 vocabatur

173 2132 298 2174 magister
307 2133 412 2172 populi.
437 2130 511 2170 Ejus
529 2128 673 2170 potestas,
684 2126 876 2158 sollennibus
888 2123 1117 2166 magistratibus
1133 2121 1300 2163 abrogatis,
1312 2120 1448 2150 maxima.

174 2183 262 2213 erat3
285 2183 317 2206 at
333 2174 482 2206 semestris
496 2174 628 2205 tantum.
673 2172 727 2213 (4)
746 2172 900 2211 Confidam-s
922 2170 1006 2199 recte
1023 2167 1137 2208 accipit
1165 2165 1448 2197 Drakenborchius

176 2220 248 2251 casu
265 2219 380 2261 primo,
392 2230 529 2260 namque
545 2218 619 2248 inde
636 2224 858 2258 argumentum
885 2213 964 2255 petit
988 2212 1109 2247 Livius,
1138 2212 1225 2251 quod
1252 2209 1448 2240 verisimilius

176 2264 214 2295 fit
225 2264 401 2295 consulares
414 2263 459 2294 sui
476 2262 698 2304 potius,quam
718 2259 876 2291 inferioris
903 2257 1033 2294 ordinis,
1055 2257 1160 2287 virum
1188 2256 1229 2286 ad
1255 2254 1448 2285 dictaturam

176 2308 316 2339 evexiffe.
362 2307 542 2340 Crevierius
559 2306 675 2347 aliique
686 2316 798 2337 vocem
813 2306 958 2345 cotfizlares
982 2301 1141 2342 accipiunt
1170 2300 1240 2330 casu
1265 2305 1389 2339 quarto,
1416 2298 1449 2326 δε

178 2352 417 2395 subintelligunt
423 2360 530 2395 patres.
574 2355 621 2382 At
634 2359 703 2382 tum
713 2357 782 2380 certo
797 2352 895 2379 certius
912 2350 993 2378 foret
1020 2345 1169 2376 Manium
1200 2343 1361 2374 Valerium
1384 2352 1447 2371 non

178 2397 268 2428 fuiffe
294 2398 434 2439 primum
449 2397 659 2433 did‘tatorem;
675 2394 785 2425 Livius
801 2401 908 2424 autem
929 2393 1185 2434 verffimilitudinem
1202 2388 1324 2419 tantum
1350 2386 1449 2416 osten-2

178 2443 234 2474 dit.
246 2444 280 2472 E.
323 2442 378 2482 (5)
393 2444 459 2472 Lex
474 2442 527 2473 illa
543 2442 648 2482 postea
664 2439 838 2470 immutata„
883 2436 1030 2467 Dietator
1044 2435 1127 2466 enini
1144 2434 1183 2464 ab
1199 2434 1352 2464 alterutro
1374 2441 1448 2461 con-

180 2488 257 2524 sule,
267 2487 318 2517 vel
334 2487 374 2517 ab
388 2498 452 2517 uno
464 2497 502 2517 ex
518 2485 654 2517 tribunis
679 2483 817 2514 militum
848 2480 1004 2513 consulari
1032 2479 1194 2521 potestate,
1216 2475 1448 2507 nominabatur.

180 2531 346 2573 (6)l1nmo
366 2531 485 2568 consul,
510 2530 682 2561 secundum
709 2528 905 2570 Dionysium.
951 2525 998 2555 Sic
1027 2532 1133 2555 autem
1157 2522 1298 2563 loquitur
1329 2519 1451 2555 Livius,

182 2576 257 2617 quia
273 2577 313 2607 de
325 2587 409 2606 anno
426 2586 490 2616 quo
501 2582 624 2606 creatus
640 2574 682 2605 est
697 2572 742 2603 nil
759 2583 819 2613 pro
849 2578 936 2602 certo
957 2569 1101 2601 affirmat.
1146 2568 1199 2608 (7)
1221 2567 1343 2605 Nempe
1361 2565 1449 2604 coaefiz-

182 2625 266 2658 lares,
281 2631 419 2662 quorum
434 2619 554 2651 mentio
569 2617 730 2660 praecessit.
775 2617 828 2657 (8)
846 2614 1035 2647 Consulibus
1051 2612 1135 2644 enim
1155 2622 1218 2642 non
1239 2608 1448 2651 praefereban-

183 2674 238 2697 tur
261 2665 293 2697 in
312 2665 389 2696 urbe
406 2665 534 2697 secures.
550 2664 614 2695 vid.
629 2670 694 2695 not.
712 2672 740 2700 4.
757 2663 795 2693 ad
813 2672 837 2693 c.
856 2669 884 2699 7.
900 2660 1003 2701 supra.
1048 2658 1102 2699 (9)
1132 2659 1176 2688 At
1205 2655 1307 2699 postca
1335 2662 1451 2700 provo-

1368 2704 1450 2726 catm·
