1853 3158
137 611 271 642 illanlius
285 613 313 642 in

134 669 268 686 currerem

134 714 158 729 5⁵7:
161 701 221 743 fissis
225 725 230 730 .

125 1575 254 1619 Qerelae
266 1575 296 1604 de

119 1621 228 1660 prodito

125 1665 252 1695 alsIanJio.

215 1714 240 1759 †

822 311 874 352 T.
935 308 1188 354 LIVII

360 425 478 466 bant:
496 425 561 466 sed
577 429 638 481 (4)
651 426 799 467 invi&
814 426 882 467 fibi
896 429 1078 481 quaedam
1093 420 1472 482 patientiffimajusti
1487 426 1640 481 imperii

358 484 496 525 civitas
517 484 678 524 fecerat.
712 499 785 524 nec
814 483 1002 526 adversus
1024 487 1275 527 dietatoriam
1302 485 1383 524 vim
1406 496 1473 526 aut
1494 485 1642 525 tribuni

356 541 497 595 plebis,
520 552 588 582 aut
605 542 684 595 ipsa
701 542 827 597 plebs,
843 544 1021 583 attollere
1037 545 1174 584 oculos
1188 554 1254 584 aut
1270 543 1418 583 hiscere
1432 542 1642 584 audebant.

356 599 558 654 Conjecto
597 600 638 639 in
680 614 880 641 carcerem
916 601 1090 652 Manlio,
1133 602 1223 642 satis
1259 601 1424 649 constat,
1456 614 1642 655 magnam

353 667 507 710 partem
530 657 655 710 plebis
678 664 703 710 †
721 658 867 698 vestem
885 660 1063 707 mutasse,
1095 660 1242 698 multos
1271 664 1296 711 †
1316 660 1500 699 mortales
1521 658 1643 711 capil-

353 716 437 754 lum
459 730 504 755 ac
525 715 688 756 barbam
706 717 764 770 (ς)
786 716 1012 770 promisisse,
1031 718 1091 770 (6)
1108 716 1433 769 obversatamque
1451 715 1643 756 vestibulo

352 773 521 814 carceris
540 773 722 813 moestam
743 773 913 813 turbam.
973 773 1164 814 Dictator
1177 774 1225 813 de
1244 774 1399 814 Volscis
1421 774 1643 827 triumpha-

350 831 406 869 vit
426 846 434 870 :
477 831 715 885 invidiaeque
751 831 878 885 magIS
918 830 1163 884 triumphus,
1206 830 1329 884 quam
1369 832 1520 885 gloriae,
1551 831 1643 870 fuit.

351 888 515 946 Qippe
536 889 644 937 domi,
676 904 743 928 non
765 890 916 938 militiae,
941 897 1096 942 partum
1116 904 1196 928 eum
1213 910 1227 934 ;
1260 892 1452 943 aHumque
1479 890 1521 928 de
1547 890 1641 936 cive,

349 961 418 984 mn
435 946 476 985 de
495 946 600 1002 haste,
622 946 845 986 fremebant
861 962 870 986 ε
902 962 1015 986 unum
1029 947 1070 986 de
1090 946 1172 1001 taff?
1186 945 1526 1001 tanticmfispwbiae,
1545 944 1646 999 qubd

349 1019 417 1043 mn
440 1003 507 1043 M.
522 1004 702 1043 Manlius
717 1013 802 1043 ante
820 1003 1030 1059 currumstt
1050 1004 1192 1043 duffius.
1236 1004 1408 1056 Jamque
1424 1003 1531 1043 haud
1549 1018 1641 1057 pro-

348 1062 412 1100 cul
435 1061 625 1100 seditione
647 1075 710 1100 res
741 1070 850 1100 erat:
882 1063 997 1116 cujus
1030 1061 1224 1101 leniendae
1247 1061 1382 1110 causa,
1414 1061 1639 1115 postulante

347 1119 475 1167 nullo,
507 1118 670 1171 largitor
686 1118 935 1157 voluntarius
956 1118 1119 1172 repente
1139 1119 1296 1158 senatus
1319 1118 1467 1169 factus,
1484 1122 1545 1173 (7)
1567 1119 1639 1159 Sa-

347 1175 494 1214 tricum
517 1175 716 1215 coloniam
739 1176 820 1214 duo
851 1175 961 1214 milla
996 1176 1144 1215 civium
1177 1177 1457 1217 Romanorum
1494 1177 1640 1216 deduci

342 1233 463 1287 juffit.
484 1232 577 1272 bina
595 1233 739 1288 jugera
763 1235 801 1273 &
824 1232 993 1272 semiffes
1015 1233 1098 1286 agri
1120 1232 1306 1286 affignati.
1371 1234 1495 1291 Qod
1513 1248 1641 1287 quum

349 1292 387 1328 ὃ(
412 1305 580 1344 parvum
604 1293 645 1331 &
674 1290 811 1344 paucis
834 1291 989 1340 datum,
1024 1292 1061 1330 Sc
1095 1291 1321 1330 mercedem
1351 1292 1424 1330 esse
1442 1292 1636 1344 prodendi

345 1347 411 1387 M.
435 1348 584 1389 Manlii
611 1348 993 1402 interpretarentur;
1025 1347 1204 1387 remedio
1225 1347 1402 1387 irritatur
1422 1349 1572 1389 seditio.
1598 1352 1639 1390 &

338 1408 425 1462 jam
445 1406 573 1461 magis
596 1405 757 1461 insignis
785 1408 825 1446 &
848 1408 909 1460 (8)
931 1405 1111 1445 sordibus
1145 1407 1181 1444 δι
1214 1404 1315 1444 facie
1339 1419 1500 1445 reorum
1523 1406 1640 1447 turba

344 1464 552 1503 Manliana
566 1473 663 1512 erat,
678 1463 914 1517 amotusque
927 1463 1013 1517 post
1027 1462 1279 1516 triumphum
1294 1461 1543 1503 abdicatione
1558 1464 1641 1504 dic-

344 1530 486 1561 taturae
508 1530 636 1561 terror
662 1524 699 1562 &
723 1522 903 1576 linguam
927 1524 967 1562 &
990 1521 1145 1561 animos
1162 1519 1395 1560 liberaverat
1413 1520 1648 1562 hominum.-

375 1623 377 1626 .
402 1579 540 1619 XVII.
574 1579 855 1619 Audiebantur
876 1579 1011 1632 itaque
1036 1579 1243 1632 propalam
1259 1592 1377 1618 voces
1398 1578 1643 1632 exprobran-
1664 1606 1666 1608 v

344 1637 446 1677 tium
468 1637 737 1689 multitudini,
769 1635 869 1691 qubd
881 1636 1076 1692 defirffores
1089 1637 1177 1691 filos
1186 1636 1332 1690 semper
1361 1638 1400 1674 in
1418 1638 1641 1689 praecipitem

342 1697 457 1735 locum
463 1695 606 1751 fiwore
620 1696 737 1746 tollat,
766 1694 892 1735 deinde
912 1697 950 1733 in
976 1694 1043 1748 ipsb
1063 1694 1269 1748 discrimine
1280 1695 1442 1747 periculi
1460 1694 1639 1749 destituat.

346 1754 405 1792 Sic
422 1753 482 1806 Sp.
509 1752 682 1807 chffium,
714 1754 753 1791 in
780 1767 887 1805 agros
899 1752 1036 1804 plebem
1056 1760 1258 1799 vocantem,
1271 1750 1332 1804 fic
1359 1751 1420 1803 Sp.
1447 1751 1639 1801 Maelium,

342 1813 387 1851 ab
402 1827 460 1851 ore
480 1812 619 1850 civium
625 1811 774 1866 firmem
777 1811 862 1864 fitis
878 1808 1040 1864 impensis
1053 1809 1338 1863 propulsantem,
1368 1809 1535 1864 opprcffis
1548 1831 1562 1854 ,·
1579 1809 1640 1864 stc

344 1869 413 1909 M.
432 1868 647 1917 Manlium,
679 1869 831 1922 mersam
857 1868 908 1908 &²
926 1867 1091 1907 obrutam
1097 1866 1245 1922 foenore
1248 1874 1397 1919 partem
1413 1868 1577 1906 civitatis
1598 1869 1639 1906 in

341 1987 522 2029 custodemque.
567 1988 679 2025 Atque
705 1983 746 2016 fic
763 1984 907 2027 prassdere
930 1993 991 2025 pro
1007 1985 1080 2021 tueri
1095 1982 1278 2024 usurpatur.
1323 1983 1377 2023 (4)
1403 1985 1449 2014 Ita
1465 1984 1640 2016 verebatur

342 2032 490 2071 quaedam
506 2030 653 2071 imperia,
676 2038 711 2061 ut
728 2041 841 2061 eorum
864 2029 931 2060 vim
957 2028 1013 2059 fibi
1036 2027 1104 2069 ipsa
1128 2027 1285 2061 iiivie'tam
1309 2029 1437 2059 faceret.
1483 2029 1537 2070 (5)
1561 2030 1639 2061 Non

341 2076 499 2107 radebant
516 2074 648 2115 quidem
662 2075 798 2106 barbam
813 2082 938 2105 veteres
963 2072 1113 2110 Romani,
1137 2072 1212 2103 teste
1233 2069 1304 2113 ipso
1319 2072 1426 2109 Livio,
1449 2073 1544 2114 supra
1567 2074 1589 2104 l.
1607 2084 1639 2112 5.

342 2132 370 2152 c.
390 2131 441 2158 41.
465 2121 518 2151 sed
535 2128 642 2150 tamen
658 2130 729 2150 eam
745 2120 915 2150 attondere
931 2118 1134 2158 aliquatenus
1157 2118 1187 2147 ὃς
1213 2128 1406 2158 componere
1423 2117 1507 2148 soliti
1525 2126 1635 2149 erant:

341 2165 375 2196 in
392 2166 483 2196 ludtu
500 2164 679 2206 neglecstam
696 2163 945 2205 promissamque
958 2162 1057 2194 fluere
1070 2161 1228 2194 sinebant.
1252 2162 1326 2193 Vid.
1342 2162 1438 2204 supra
1451 2163 1474 2194 1.
1494 2171 1525 2195 2.
1543 2174 1568 2193 c.
1587 2172 1639 2202 232

341 2210 504 2241 'l‘onsores
528 2209 561 2239 in
588 2209 712 2239 Italiam
733 2220 771 2239 ex
788 2207 893 2238 Sicilia
910 2207 1028 2239 venisse
1045 2218 1131 2238 anno
1148 2207 1278 2237 demum
1303 2218 1333 2237 u.
1350 2218 1375 2237 c.
1400 2217 1474 2245 454.
1497 2207 1637 2239 affirmat

342 2254 465 2286 Plinius
482 2254 501 2284 l.
521 2263 547 2292 7.
564 2265 590 2284 c.
609 2263 663 2294 59.
689 2261 784 2289 antea
800 2252 944 2284 intonsos
961 2252 1051 2284 fuifl‘e
1068 2254 1245 2283 Romanos.
1292 2251 1346 2293 (6)
1370 2252 1419 2282 Sic
1437 2251 1523 2282 infra
1540 2252 1561 2282 l.
1582 2262 1637 2292 23.

340 2312 367 2331 c.
384 2309 435 2339 27.
457 2300 602 2339 obverfizri
616 2299 723 2342 cqstris.
748 2298 768 2328 l.
797 2307 847 2338 29.
876 2308 905 2329 c.
925 2307 975 2335 24.
998 2299 1141 2338 obverfizri
1152 2300 1293 2338 praetorio.
1339 2298 1399 2328 Sed
1416 2298 1447 2326 &
1465 2307 1539 2327 curn
1555 2308 1638 2338 prae·

342 2345 498 2387 pofitione
509 2354 744 2383 nonnunquam
762 2341 976 2380 construitur3
999 2350 1036 2373 ut
1051 2344 1194 2382 obversari
1206 2344 1304 2383 inforo
1321 2341 1340 2372 l.
1355 2351 1405 2380 33.
1422 2352 1447 2372 c.
1465 2350 1516 2379 47.
1539 2342 1562 2372 l.
1582 2342 1637 2381 38.

340 2402 369 2423 c.
391 2400 417 2421 1.
464 2390 479 2430 (
486 2389 520 2428 7)
543 2387 681 2429 Aliquot
708 2387 832 2418 codices
850 2387 970 2418 habent
995 2389 1131 2421 Sutrium,
1161 2397 1234 2417 cum
1251 2386 1369 2427 quibus
1386 2385 1543 2418 consentit
1561 2387 1640 2420 Vel-‚

340 2435 419 2471 leius
436 2435 455 2464 1.
475 2444 504 2464 1.
519 2444 547 2465 c.
568 2443 617 2471 14.
663 2433 724 2467 Sed
741 2434 882 2463 Satricum
898 2435 999 2465 colonia
1015 2439 1215 2464 memoratur
1228 2431 1313 2464 infra
1327 2443 1357 2462 c,
1376 2441 1427 2463 22.
1472 2432 1582 2474 Qare
1598 2442 1638 2470 ex

340 2480 436 2510 Livio
452 2477 594 2509 Velleius
612 2477 820 2518 corrigendus
846 2476 988 2507 videtur.
1035 2477 1089 2518 (8)
1116 2476 1208 2507 Prius
1238 2479 1276 2507 δ’
1302 2476 1494 2516 quibusdam
1518 2476 1635 2507 codici-

340 2526 400 2555 bus
417 2524 521 2560 abest;
544 2533 611 2563 quo
636 2522 800 2563 expuncto
817 2521 972 2562 posterius
998 2522 1035 2553 δ’
1052 2532 1114 2563 pro
1131 2520 1289 2562 particula
1306 2520 1475 2563 exegetica,
1497 2527 1533 2551 ut
1559 2519 1636 2557 alias

339 2571 432 2610 saepe,
454 2567 679 2609 accipiendum
702 2566 772 2597 erit.
818 2569 901 2596 Facie
924 2579 1041 2603 reorum,
1063 2566 1337 2606 quemadmodum
1353 2565 1438 2596 infra
1455 2565 1474 2595 l.
1493 2565 1521 2595 8.
1538 2576 1562 2595 c.
1581 2573 1632 2603 37.

339 2614 419 2644 dixit
440 2616 533 2654 specte
563 2625 691 2643 reorum:
717 2611 831 2642 habitu
863 2611 981 2648 moesto,
1004 2612 1177 2648 sordidato,
1201 2610 1356 2650 squalido,
1378 2609 1480 2651 qualis
1504 2619 1637 2644 reorum

337 2658 400 2690 effe
413 2658 546 2689 solebat.
593 2655 692 2687 Simili
706 2656 794 2687 sensu
811 2658 905 2686 vultus
919 2655 1092 2686 adhibetur
1109 2657 1196 2696 apud
1210 2656 1304 2685 Ovid.
1321 2655 1340 2684 l.
1356 2665 1381 2685 1.
1408 2656 1543 2684 Metam.
1558 2664 1588 2683 v.
1606 2654 1636 2684 6.

337 2708 385 2735 At
403 2703 424 2733 fi
444 2703 620 2743 &fin-dibus
641 2702 679 2732 ἶς’
692 2703 775 2741 facie
803 2701 995 2731 servandum
1021 2700 1174 2740 sit‚sordes
1194 2700 1349 2740 respicere
1367 2697 1494 2741 poffunt
1517 2698 1635 2729 vestem

339 2756 506 2787 mutatam,
521 2749 614 2789 facies
633 2754 742 2779 autem
759 2745 911 2788 capillum
928 2756 963 2777 ac
980 2745 1115 2778 barbam
1133 2744 1324 2787 promissam.
1431 2787 1473 2827 sl

1446 2795 1632 2828 wertatcm
