1905 3168
179 268 257 317 138

171 447 209 476 U.
223 456 247 475 c.
267 443 339 485 269.

166 494 206 521 A.
225 493 259 521 C.
277 491 349 529 483.

164 538 228 567 Ser.
251 537 371 567 Corne-

168 581 223 617 lio,
247 582 358 621 QFa-

169 624 223 656 bio
241 624 320 656 Coff.

164 890 205 919 U.
221 900 246 919 c.
264 897 336 927 270.

160 938 201 964 A.
215 936 249 964 C.
267 936 341 971 482.

156 980 195 1009 L.
219 980 363 1018 AEmilio,

158 1025 292 1055 Kaesone
306 1028 362 1058 Fa-

157 1068 212 1100 bio
231 1069 311 1102 Coff.

144 1939 184 1970 U.
201 1951 225 1970 c.
240 1951 255 1972 2
265 1950 312 1978 71.

144 1988 183 2015 A.
198 1987 231 2016 C.
250 1986 323 2023 481.

143 2031 192 2060 M.
212 2031 320 2067 Fabio,

138 2077 175 2105 L.
192 2075 323 2107 Valerio

142 2120 223 2152 Cofl‘.

854 265 904 306 T.
966 264 1224 307 LIVII

393 381 464 429 est,
484 394 505 420 a
520 380 782 434 quaestorihus
801 384 861 435 (9)
884 381 936 421 K.
954 381 1077 422 Fabio
1095 385 1136 423 &c
1158 382 1206 422 L.
1220 382 1386 422 Valerio
1408 382 1514 422 diem
1532 383 1683 425 dietam

391 439 690 491 perduellionis,
712 441 1028 492 damnatumque
1050 440 1189 494 populi
1202 440 1381 495 judicio:
1411 441 1562 481 dirutas
1584 442 1684 495 pub-

390 493 464 535 lice
482 497 600 537 aedes.
623 511 668 536 ea
688 497 744 537 est
773 511 861 536 area
883 507 973 538 ante
989 498 1165 541 Telluris
1193 498 1334 538 aedem.
1395 496 1590 539 Ceterum
1606 498 1683 540 five

389 553 487 594 illud
509 554 789 604 domesticum,
810 555 883 594 five
906 554 1113 609 publicum
1134 555 1211 595 fuit
1228 556 1444 610 judicium,
1470 557 1684 597 damnatur

387 611 473 651 Ser.
493 612 697 661 Cornelio,
729 612 930 677 QFabio
949 613 1192 654 consulibus.

443 669 575 710 XLII.
608 671 733 710 Haud
754 672 944 711 diuturna
961 670 1018 711 ira
1031 672 1169 725 populi
1190 671 1232 710 in
1252 671 1430 711 Caffium
1451 671 1541 712 fuit.
1574 673 1681 712 Dul-

385 729 484 767 cedo
506 729 670 784 agrariae
706 729 803 784 legis
840 729 920 782 ipsa
942 743 1012 782 per
1043 729 1096 778 se,
1128 730 1293 782 dempto
1312 729 1493 779 auerore,
1525 730 1681 771 subibat

384 786 562 826 animos:
594 786 837 840 accensaque
858 800 904 826 ea
926 787 1124 840 cupiditas
1144 785 1200 825 est
1217 786 1464 840 malignitate
1486 789 1678 837 Patra-1113

383 844 470 896 qui,
503 844 670 885 deviCtis
704 859 751 884 eo
772 859 877 884 anno
899 844 1057 884 Volscis
1080 843 1324 896 AEquisque‚
1356 844 1525 883 militem
1545 847 1678 899 praeda

381 901 630 942 fraudavere.
646 903 839 956 quicquid
861 910 1024 957 captum
1046 915 1094 941 ex
1111 900 1292 942 hostii-us
1311 901 1383 951 est,
1403 903 1583 942 vendidit
1603 905 1694 943 Far-⁴

381 959 469 1003 bius
488 960 639 1009 consul,
672 975 716 1000 ac
739 959 892 1014 redegit
910 960 950 998 in
971 959 1193 1013 publicum.
1215 958 1392 998 Invisum
1409 969 1493 999 erat
1506 961 1676 1001 Fabium

379 1031 529 1057 nomen
566 1018 671 1072 plebi
699 1028 862 1071 propter
893 1017 1144 1064 novissimum
1167 1016 1399 1059 consulem:
1430 1028 1594 1058 tenuere
1616 1029 1676 1059 ta-

379 1090 472 1117 men
494 1076 647 1124 Patres,
680 1085 724 1115 ut
742 1090 835 1115 cum
856 1075 905 1114 L.
929 1075 1099 1115 AEmilio
1116 1076 1168 1115 K.
1192 1074 1339 1115 Fabius
1363 1075 1500 1115 consul
1522 1091 1676 1117 creare-

376 1143 455 1173 tur.
498 1134 556 1174 Eo
579 1133 758 1173 infestior
779 1133 887 1173 faita
903 1133 1039 1187 plebes
1070 1133 1261 1173 seditione
1283 1133 1500 1174 domestica
1521 1133 1673 1175 bellum.

375 1201 586 1235 externum
604 1191 749 1231 excivit
765 1207 773 1231 :
803 1191 908 1232 bello
925 1192 1068 1231 deinde
1099 1191 1234 1231 civiles
1250 1191 1456 1231 discordiae
1477 1192 1676 1232 intermis-

375 1249 438 1297 sae,
459 1264 543 1289 uno
567 1249 701 1289 animo
718 1249 856 1290 Patres
879 1263 923 1289 ac
942 1249 1077 1303 plebes
1098 1249 1335 1289 rebellantes
1348 1249 1519 1300 Volscos
1540 1252 1577 1289 Sc
1598 1251 1673 1290 AE-

373 1321 491 1359 quos,
524 1308 626 1347 duce
649 1307 834 1356 AEmilio,
856 1306 1043 1361 prospera
1065 1307 1200 1361 pugna
1216 1307 1360 1346 vicere.
1420 1307 1517 1347 Plus
1533 1316 1670 1348 tamen

372 1364 549 1404 hostium
571 1364 682 1419 fuga,
715 1364 838 1418 quarn
870 1365 1078 1418 proelium,
1109 1364 1345 1418 absumpsit:
1376 1362 1477 1404 adeo
1496 1366 1672 1418 pertina-

371 1422 471 1462 citer
502 1421 611 1462 fusos
643 1419 809 1462 insecuti
832 1422 922 1468 sunt
954 1422 1122 1476 equites.
1183 1422 1360 1463 Castoris
1398 1423 1504 1462 aedes
1526 1425 1670 1464 eodem

372 1494 477 1520 anno
499 1480 636 1521 Idibus
658 1480 937 1539 Qin&ilibus
973 1480 1155 1520 dedicata
1191 1479 1260 1520 est.
1295 1489 1386 1519 vota
1416 1490 1501 1519 erat
1521 1480 1670 1521 Latino

370 1536 489 1587 bello,
523 1541 582 1592 (1)
613 1539 821 1578 Postumio
852 1538 1062 1578 dieTtatore.
1087 1538 1192 1578 filius
1214 1539 1315 1593 ejus,
1347 1538 1536 1581 duumvir
1556 1540 1605 1579 ad
1627 1540 1670 1581 id

370 1595 498 1648 ipsum
517 1606 689 1647 creatus,
712 1597 922 1642 dedicavit.
983 1595 1193 1635 Sollicitati
1213 1597 1251 1636 &
1275 1610 1323 1635 eo
1341 1610 1445 1636 anno
1468 1596 1558 1636 sunt
1578 1598 1668 1637 dul-

369 1654 509 1693 cedine
532 1655 695 1709 agrariae
712 1654 809 1709 legis
831 1653 954 1693 animi
967 1653 1106 1707 plebis.
1167 1653 1341 1693 Tribuni
1363 1654 1496 1707 plebis>
1512 1657 1571 1709 (2)
1594 1669 1667 1709 po-

367 1713 547 1765 pularem
569 1712 805 1766 potestatem
827 1713 913 1766 lege
936 1711 1118 1765 populari
1140 1711 1405 1752 celebrabant.
1423 1712 1576 1760 Patres,
1599 1713 1666 1755 sav

366 1769 417 1808 tis
439 1769 634 1824 superque
656 1773 714 1824 (3)
735 1771 899 1825 gratuiti
932 1769 1079 1809 furoris
1101 1770 1142 1808 in
1164 1769 1423 1809 multitudine
1455 1771 1663 1811 credentes

364 1827 454 1876 effe,
505 1829 735 1883 largitiones
777 1827 1087 1880 temeritatisque
1133 1827 1393 1866 invitamenta
1432 1827 1662 1868 horrebant.

365 1886 548 1925 acerrimi
561 1885 746 1926 Patribus
763 1887 885 1926 duces
907 1887 956 1925 ad
974 1885 1231 1925 refistendum
1250 1885 1431 1925 consules
1445 1885 1571 1925 fuere.
1604 1887 1662 1926 Ea

366 1943 488 1997 igitur
500 1959 591 1997 pars
604 1944 835 1997 reipublicae
855 1944 968 1993 vicit,
1000 1957 1073 1982 nec
1097 1943 1137 1981 in
1157 1944 1330 1996 ,praesens
1351 1944 1505 1992 niod63
1537 1944 1601 1984 sed
1619 1944 1661 1984 in

366 2002 592 2042 venientem
607 2003 727 2042 etiam
743 2017 893 2041 annum
914 2003 975 2041 M.
998 2000 1167 2041 Fabium
1191 2003 1252 2055 (4)
1274 2001 1455 2041 Kaesonis
1478 2001 1661 2052 fratrem,

369 2062 406 2100 ez
431 2060 557 2113 magis
594 2061 761 2099 invisum
797 2062 966 2099 alterum
1000 2058 1124 2113 plebi,
1157 2059 1405 2098 accusatione
1433 2059 1502 2113 Sp.
1526 2060 1660 2111 Cassii,

364 2118 412 2157 L.
435 2118 645 2157 Valerium
682 2117 864 2158 consules
885 2117 1006 2157 dedit.
1069 2116 1278 2157 Certatum
1300 2132 1347 2164 eo
1370 2132 1530 2170 quoque
1553 2132 1659 2158 anno

363 2190 455 2216 cum
488 2175 658 2217 tribunis
680 2176 749 2217 est.
783 2191 882 2216 vana
903 2177 984 2227 lex,
1015 2175 1186 2228 vanique
1223 2175 1320 2230 legis
1342 2175 1545 2225 auum-es,
1573 2177 1657 2230 jac-

1534 2235 1663 2282 tandQ

352 2348 399 2383 vim]
419 2351 591 2393 supprcsssi.
638 2350 686 2381 Sic
704 2351 787 2381 infra}
800 2362 825 2381 c.
846 2350 1166 2392 481pr0xt'151rifhrmam
1184 2351 1333 2380 latrorinik
1383 2351 1436 2391 (9)
1453 2350 1470 2380 i.
1489 2361 1515 2381 e.
1535 2352 1656 2392 Kafim’„

362 2395 411 2427 scu
434 2399 543 2437 C2sstm3
558 2396 658 2436 'cujus
674 2395 881 2437 praenoniinis
898 2395 989 2426 litera
1004 2397 1033 2426 K
1050 2395 1183 2435 antiqua
1200 2403 1276 2425 nota
1293 2396 1343 2426 cst.
1393 2397 1496 2426 Porro
1510 2395 1576 2426 haec
1589 2395 1654 2436 pri-

360 2438 412 2471 mas
429 2442 515 2482 apud
532 2440 661 2471 Livium
675 2440 795 2471 mentio
812 2440 1003 2481 quaestorum
1017 2441 1166 2471 occurrit.
1202 2441 1281 2483 Qve
1289 2440 1380 2470 stores
1391 2451 1409 2470 a
1421 2443 1557 2480 quaerendo
1574 2440 1653 2471 dieti

361 2487 443 2521 sunt,
466 2487 555 2526 quod
576 2486 803 2525 conquirerent
827 2485 975 2527 pecunias
992 2485 1147 2527 publicas,
1168 2492 1266 2526 atquc
1278 2485 1374 2516 etiam
1390 2484 1554 2519 maleficia,
1579 2495 1652 2526 quae

361 2532 465 2571 poster.
480 2530 639 2560 triumviri
654 2530 803 2571 capitales
814 2530 1044 2571 conquisivere.

406 2576 440 2605 C.
461 2585 512 2612 42.
530 2575 584 2616 (1)
607 2575 680 2605 Vid.
699 2575 793 2616 suprsi
811 2587 835 2607 c.
857 2585 906 2606 20.
955 2576 1011 2616 (2)
1034 2575 1224 2606 Potestatem
1241 2575 1338 2610 suam,
1356 2585 1427 2615 quae
1444 2585 1502 2616 per
1515 2575 1545 2604 se
1560 2582 1651 2615 grata

361 2620 483 2660 populo
494 2628 573 2657 crat,
594 2620 661 2661 lege
674 2619 726 2650 illa
739 2620 954 2657 celebrabant,
976 2619 994 2650 i.
1014 2631 1041 2651 e.
1061 2619 1304 2651 celebratiorem
1317 2621 1427 2650 favore
1440 2619 1606 2650 hominum
1619 2621 1651 2649 δε

360 2673 475 2705 magno
493 2664 575 2695 circa
593 2665 622 2695 se
639 2664 757 2694 civium
774 2665 929 2695 concursu
943 2664 1136 2695 efficiebant.
1185 2665 1240 2705 (3)
1264 2664 1448 2705 Spontanei,
1474 2663 1568 2695 etiam
1585 2664 1651 2694 fine

362 2710 422 2740 usiza,
438 2710 597 2751 proposita.
615 2711 768 2741 mercede.
815 2711 868 2751 (4)
893 2712 930 2741 fit
958 2709 1105 2753 QFabii
1123 2720 1264 2751 quoque,
1287 2709 1342 2751 qui
1360 2708 1456 2741 tertio
1472 2710 1545 2740 ante
1564 2719 1649 2738 anne

509 2756 512 2757 ⁷
630 2759 642 2763 ⁴
1404 2765 1406 2768 ·
1539 2753 1661 2798 consus&
