<?xml version="1.0" encoding="UTF-8"?>
<!DOCTYPE html PUBLIC "-//W3C//DTD XHTML 1.0 Transitional//EN"
    "http://www.w3.org/TR/xhtml1/DTD/xhtml1-transitional.dtd">
<html xmlns="http://www.w3.org/1999/xhtml" xml:lang="en" lang="en">
 <head>
  <title>
</title>
<meta http-equiv="Content-Type" content="text/html;charset=utf-8" />
  <meta name='ocr-system' content='tesseract 3.04.00' />
  <meta name='ocr-capabilities' content='ocr_page ocr_carea ocr_par ocr_line ocrx_word'/>
</head>
<body>
  <div class='ocr_page' id='page_1' title='image "./historiaeromanae01livyuoft_0315.png"; bbox 0 0 1853 3158; ppageno 0'>
   <div class='ocr_carea' id='block_1_1' title="bbox 388 264 1694 318">
    <p class='ocr_par' dir='ltr' id='par_1_1' title="bbox 388 264 1694 318">
     <span class='ocr_line' id='line_1_1' title="bbox 388 264 1694 318; baseline -0.003 -6"><span class='ocrx_word' id='word_1_1' title='bbox 388 264 676 312; x_wconf 88' lang='lat' dir='ltr'><strong>LIBER</strong></span> <span class='ocrx_word' id='word_1_2' title='bbox 735 264 813 309; x_wconf 86' lang='lat' dir='ltr'><strong>IV.</strong></span> <span class='ocrx_word' id='word_1_3' title='bbox 874 266 1057 310; x_wconf 84' lang='lat' dir='ltr'><strong>cAP.</strong></span> <span class='ocrx_word' id='word_1_4' title='bbox 1119 267 1256 310; x_wconf 71' lang='lat' dir='ltr'>XXII„</span> <span class='ocrx_word' id='word_1_5' title='bbox 1615 269 1694 318; x_wconf 71' lang='lat'><strong>287</strong></span> 
     </span>
    </p>
   </div>
   <div class='ocr_carea' id='block_1_2' title="bbox 174 379 1712 1923">
    <p class='ocr_par' dir='ltr' id='par_1_2' title="bbox 174 379 1476 539">
     <span class='ocr_line' id='line_1_2' title="bbox 174 379 1475 440; baseline -0.002 -16"><span class='ocrx_word' id='word_1_6' title='bbox 174 385 371 440; x_wconf 75' lang='lat' dir='ltr'>collegam</span> <span class='ocrx_word' id='word_1_7' title='bbox 395 383 631 431; x_wconf 86' lang='lat' dir='ltr'>consuleret,</span> <span class='ocrx_word' id='word_1_8' title='bbox 662 391 859 434; x_wconf 85' lang='lat' dir='ltr'><strong>moratus,</strong></span> <span class='ocrx_word' id='word_1_9' title='bbox 890 383 1150 437; x_wconf 81' lang='lat' dir='ltr'><strong>permittente</strong></span> <span class='ocrx_word' id='word_1_10' title='bbox 1172 398 1236 432; x_wconf 80' lang='lat' dir='ltr'><strong>eo,</strong></span> <span class='ocrx_word' id='word_1_11' title='bbox 1268 385 1330 438; x_wconf 87' lang='lat'><strong>(9)</strong></span> <span class='ocrx_word' id='word_1_12' title='bbox 1351 379 1475 422; x_wconf 50' lang='lat' dir='ltr'><strong>nocte</strong></span> 
     </span>
     <span class='ocr_line' id='line_1_3' title="bbox 175 440 1476 496; baseline -0.002 -14"><span class='ocrx_word' id='word_1_13' title='bbox 175 441 417 482; x_wconf 56' lang='lat' dir='ltr'><strong>dictatorem</strong></span> <span class='ocrx_word' id='word_1_14' title='bbox 450 440 562 480; x_wconf 84' lang='lat' dir='ltr'>dixit.</span> <span class='ocrx_word' id='word_1_15' title='bbox 601 440 633 480; x_wconf 90' lang='lat' dir='ltr'><strong>is</strong></span> <span class='ocrx_word' id='word_1_16' title='bbox 668 440 737 480; x_wconf 83' lang='lat' dir='ltr'><strong>fibi</strong></span> <span class='ocrx_word' id='word_1_17' title='bbox 771 441 1007 496; x_wconf 84' lang='lat' dir='ltr'><strong>magistrum</strong></span> <span class='ocrx_word' id='word_1_18' title='bbox 1029 441 1214 495; x_wconf 88' lang='lat' dir='ltr'><strong>equitum</strong></span> <span class='ocrx_word' id='word_1_19' title='bbox 1236 440 1476 481; x_wconf 86' lang='lat' dir='ltr'><strong>Postumum</strong></span> 
     </span>
     <span class='ocr_line' id='line_1_4' title="bbox 178 497 687 539; baseline -0.006 0"><span class='ocrx_word' id='word_1_20' title='bbox 178 499 394 539; x_wconf 83' lang='lat' dir='ltr'><strong>AEbutium</strong></span> <span class='ocrx_word' id='word_1_21' title='bbox 416 498 556 537; x_wconf 81' lang='lat' dir='ltr'><strong>Elvam</strong></span> <span class='ocrx_word' id='word_1_22' title='bbox 576 497 687 537; x_wconf 89' lang='lat' dir='ltr'><strong>dicit.</strong></span> 
     </span>
    </p>

    <p class='ocr_par' dir='ltr' id='par_1_3' title="bbox 175 552 1712 1923">
     <span class='ocr_line' id='line_1_5' title="bbox 234 552 1477 608; baseline -0.002 -12"><span class='ocrx_word' id='word_1_23' title='bbox 234 556 370 596; x_wconf 88' lang='lat' dir='ltr'>XXII.</span> <span class='ocrx_word' id='word_1_24' title='bbox 402 554 594 595; x_wconf 57' lang='lat' dir='ltr'><strong>Dictator</strong></span> <span class='ocrx_word' id='word_1_25' title='bbox 610 569 751 594; x_wconf 83' lang='lat' dir='ltr'><strong>omnes</strong></span> <span class='ocrx_word' id='word_1_26' title='bbox 772 555 861 595; x_wconf 88' lang='lat' dir='ltr'><strong>luce</strong></span> <span class='ocrx_word' id='word_1_27' title='bbox 883 554 1013 608; x_wconf 68' lang='lat' dir='ltr'><strong>prima</strong></span> <span class='ocrx_word' id='word_1_28' title='bbox 1035 564 1146 594; x_wconf 83' lang='lat' dir='ltr'><strong>extra</strong></span> <span class='ocrx_word' id='word_1_29' title='bbox 1168 563 1327 607; x_wconf 83' lang='lat' dir='ltr'><strong>portam</strong></span> <span class='ocrx_word' id='word_1_30' title='bbox 1349 552 1477 594; x_wconf 88' lang='lat' dir='ltr'><strong>Colli-</strong></span> 
     </span>
     <span class='ocr_line' id='line_1_6' title="bbox 176 611 1478 667; baseline -0.002 -15"><span class='ocrx_word' id='word_1_31' title='bbox 176 627 270 653; x_wconf 85' lang='lat' dir='ltr'><strong>nam</strong></span> <span class='ocrx_word' id='word_1_32' title='bbox 287 613 411 653; x_wconf 87' lang='lat' dir='ltr'><strong>adeffe</strong></span> <span class='ocrx_word' id='word_1_33' title='bbox 428 611 557 667; x_wconf 88' lang='lat' dir='ltr'><strong>jubet.</strong></span> <span class='ocrx_word' id='word_1_34' title='bbox 576 612 885 664; x_wconf 82' lang='lat' dir='ltr'><strong>quibuscunque</strong></span> <span class='ocrx_word' id='word_1_35' title='bbox 899 612 1003 651; x_wconf 84' lang='lat' dir='ltr'><strong>vires</strong></span> <span class='ocrx_word' id='word_1_36' title='bbox 1022 612 1284 664; x_wconf 79' lang='lat' dir='ltr'><strong>suppetebant</strong></span> <span class='ocrx_word' id='word_1_37' title='bbox 1301 613 1350 651; x_wconf 85' lang='lat' dir='ltr'><strong>ad</strong></span> <span class='ocrx_word' id='word_1_38' title='bbox 1367 625 1478 651; x_wconf 82' lang='lat' dir='ltr'><strong>arma</strong></span> 
     </span>
     <span class='ocr_line' id='line_1_7' title="bbox 176 667 1480 723; baseline -0.003 -13"><span class='ocrx_word' id='word_1_39' title='bbox 176 670 358 721; x_wconf 72' lang='lat' dir='ltr'><strong>ferenda,</strong></span> <span class='ocrx_word' id='word_1_40' title='bbox 393 667 538 723; x_wconf 72' lang='lat' dir='ltr'><strong>praesto</strong></span> <span class='ocrx_word' id='word_1_41' title='bbox 560 668 698 710; x_wconf 84' lang='lat' dir='ltr'><strong>fuere:</strong></span> <span class='ocrx_word' id='word_1_42' title='bbox 730 672 792 723; x_wconf 84' lang='lat'><strong>(1)</strong></span> <span class='ocrx_word' id='word_1_43' title='bbox 815 670 922 723; x_wconf 79' lang='lat' dir='ltr'><strong>signa</strong></span> <span class='ocrx_word' id='word_1_44' title='bbox 956 683 1005 708; x_wconf 81' lang='lat' dir='ltr'><strong>ex</strong></span> <span class='ocrx_word' id='word_1_45' title='bbox 1033 669 1173 708; x_wconf 79' lang='lat' dir='ltr'><strong>aerario</strong></span> <span class='ocrx_word' id='word_1_46' title='bbox 1210 678 1397 722; x_wconf 82' lang='lat' dir='ltr'><strong>prompta</strong></span> <span class='ocrx_word' id='word_1_47' title='bbox 1419 667 1480 707; x_wconf 80' lang='lat' dir='ltr'><strong>fe-</strong></span> 
     </span>
     <span class='ocr_line' id='line_1_8' title="bbox 177 725 1479 784; baseline -0.003 -17"><span class='ocrx_word' id='word_1_48' title='bbox 177 737 321 768; x_wconf 84' lang='lat' dir='ltr'><strong>runtur</strong></span> <span class='ocrx_word' id='word_1_49' title='bbox 341 727 391 766; x_wconf 88' lang='lat' dir='ltr'><strong>ad</strong></span> <span class='ocrx_word' id='word_1_50' title='bbox 422 726 677 766; x_wconf 61' lang='lat' dir='ltr'><strong>dictatorem.</strong></span> <span class='ocrx_word' id='word_1_51' title='bbox 740 727 845 784; x_wconf 78' lang='lat' dir='ltr'><strong>Qae</strong></span> <span class='ocrx_word' id='word_1_52' title='bbox 868 740 996 779; x_wconf 89' lang='lat' dir='ltr'><strong>quum</strong></span> <span class='ocrx_word' id='word_1_53' title='bbox 1020 736 1249 779; x_wconf 73' lang='lat' dir='ltr'><strong>agerentur,</strong></span> <span class='ocrx_word' id='word_1_54' title='bbox 1281 726 1414 765; x_wconf 81' lang='lat' dir='ltr'><strong>hostes</strong></span> <span class='ocrx_word' id='word_1_55' title='bbox 1438 725 1479 763; x_wconf 90' lang='lat' dir='ltr'><strong>in</strong></span> 
     </span>
     <span class='ocr_line' id='line_1_9' title="bbox 175 782 1481 837; baseline -0.003 -13"><span class='ocrx_word' id='word_1_56' title='bbox 175 786 263 825; x_wconf 83' lang='lat' dir='ltr'><strong>loca</strong></span> <span class='ocrx_word' id='word_1_57' title='bbox 285 784 425 824; x_wconf 85' lang='lat' dir='ltr'><strong>altiora</strong></span> <span class='ocrx_word' id='word_1_58' title='bbox 453 784 690 824; x_wconf 81' lang='lat' dir='ltr'><strong>conceffere.</strong></span> <span class='ocrx_word' id='word_1_59' title='bbox 724 783 774 823; x_wconf 76' lang='lat' dir='ltr'><strong>eo</strong></span> <span class='ocrx_word' id='word_1_60' title='bbox 797 784 971 823; x_wconf 62' lang='lat' dir='ltr'><strong>dictator</strong></span> <span class='ocrx_word' id='word_1_61' title='bbox 999 783 1159 837; x_wconf 78' lang='lat' dir='ltr'><strong>agmine</strong></span> <span class='ocrx_word' id='word_1_62' title='bbox 1188 783 1333 821; x_wconf 83' lang='lat' dir='ltr'><strong>infesto</strong></span> <span class='ocrx_word' id='word_1_63' title='bbox 1354 782 1481 821; x_wconf 81' lang='lat' dir='ltr'><strong>subit:</strong></span> 
     </span>
     <span class='ocr_line' id='line_1_10' title="bbox 177 840 1483 895; baseline -0.002 -14"><span class='ocrx_word' id='word_1_64' title='bbox 177 855 251 882; x_wconf 82' lang='lat' dir='ltr'><strong>nec</strong></span> <span class='ocrx_word' id='word_1_65' title='bbox 273 842 414 895; x_wconf 90' lang='lat' dir='ltr'><strong>procul</strong></span> <span class='ocrx_word' id='word_1_66' title='bbox 442 841 652 881; x_wconf 87' lang='lat' dir='ltr'><strong>Nomento</strong></span> <span class='ocrx_word' id='word_1_67' title='bbox 675 841 792 895; x_wconf 82' lang='lat' dir='ltr'><strong>{ignis</strong></span> <span class='ocrx_word' id='word_1_68' title='bbox 825 840 994 889; x_wconf 84' lang='lat' dir='ltr'><strong>collatis,</strong></span> <span class='ocrx_word' id='word_1_69' title='bbox 1026 840 1133 879; x_wconf 88' lang='lat' dir='ltr'><strong>fudit</strong></span> <span class='ocrx_word' id='word_1_70' title='bbox 1149 840 1335 879; x_wconf 82' lang='lat' dir='ltr'><strong>Etruscas</strong></span> <span class='ocrx_word' id='word_1_71' title='bbox 1358 840 1483 893; x_wconf 82' lang='lat' dir='ltr'><strong>legio-</strong></span> 
     </span>
     <span class='ocr_line' id='line_1_11' title="bbox 176 897 1681 955; baseline -0.003 -17"><span class='ocrx_word' id='word_1_72' title='bbox 176 912 261 939; x_wconf 81' lang='lat' dir='ltr'><strong>nes.</strong></span> <span class='ocrx_word' id='word_1_73' title='bbox 284 898 482 952; x_wconf 89' lang='lat' dir='ltr'><strong>compulit</strong></span> <span class='ocrx_word' id='word_1_74' title='bbox 495 898 587 938; x_wconf 90' lang='lat' dir='ltr'><strong>inde</strong></span> <span class='ocrx_word' id='word_1_75' title='bbox 612 898 818 937; x_wconf 87' lang='lat' dir='ltr'><strong>in-urbem</strong></span> <span class='ocrx_word' id='word_1_76' title='bbox 833 898 1023 947; x_wconf 81' lang='lat' dir='ltr'><strong>Fidenas,</strong></span> <span class='ocrx_word' id='word_1_77' title='bbox 1054 898 1239 950; x_wconf 86' lang='lat' dir='ltr'><strong>valloque</strong></span> <span class='ocrx_word' id='word_1_78' title='bbox 1256 897 1484 936; x_wconf 79' lang='lat' dir='ltr'><strong>circumde-</strong></span> <span class='ocrx_word' id='word_1_79' title='bbox 1502 916 1619 945; x_wconf 61' lang='lat' dir='ltr'><strong>fidenas</strong></span> <span class='ocrx_word' id='word_1_80' title='bbox 1634 921 1681 955; x_wconf 50' lang='grc' dir='ltr'><em>Ψ</em></span> 
     </span>
     <span class='ocr_line' id='line_1_12' title="bbox 177 954 1620 1008; baseline -0.005 -13"><span class='ocrx_word' id='word_1_81' title='bbox 177 956 249 995; x_wconf 88' lang='lat' dir='ltr'><strong>dit.</strong></span> <span class='ocrx_word' id='word_1_82' title='bbox 309 956 390 996; x_wconf 88' lang='lat' dir='ltr'><strong>Sed</strong></span> <span class='ocrx_word' id='word_1_83' title='bbox 410 969 541 1007; x_wconf 90' lang='lat' dir='ltr'><strong>neque</strong></span> <span class='ocrx_word' id='word_1_84' title='bbox 569 954 682 995; x_wconf 85' lang='lat' dir='ltr'><strong>scalis</strong></span> <span class='ocrx_word' id='word_1_85' title='bbox 710 955 797 1008; x_wconf 84' lang='lat' dir='ltr'><strong>capi</strong></span> <span class='ocrx_word' id='word_1_86' title='bbox 820 964 976 1008; x_wconf 83' lang='lat' dir='ltr'><strong>poterat</strong></span> <span class='ocrx_word' id='word_1_87' title='bbox 1006 954 1100 994; x_wconf 84' lang='lat' dir='ltr'><strong>urbs</strong></span> <span class='ocrx_word' id='word_1_88' title='bbox 1123 956 1200 993; x_wconf 76' lang='lat' dir='ltr'><strong>alta</strong></span> <span class='ocrx_word' id='word_1_89' title='bbox 1225 957 1265 994; x_wconf 65' lang='grc' dir='ltr'>ἃ</span> <span class='ocrx_word' id='word_1_90' title='bbox 1298 954 1453 992; x_wconf 87' lang='lat' dir='ltr'><strong>munita</strong></span> <span class='ocrx_word' id='word_1_91' title='bbox 1469 969 1481 1001; x_wconf 80' lang='lat'><em>3</em></span> <span class='ocrx_word' id='word_1_92' title='bbox 1497 966 1620 1002; x_wconf 66' lang='lat' dir='ltr'><strong>pugnat.</strong></span> 
     </span>
     <span class='ocr_line' id='line_1_13' title="bbox 178 1011 1486 1065; baseline -0.002 -13"><span class='ocrx_word' id='word_1_93' title='bbox 178 1026 308 1065; x_wconf 86' lang='lat' dir='ltr'><strong>neque</strong></span> <span class='ocrx_word' id='word_1_94' title='bbox 324 1013 366 1052; x_wconf 90' lang='lat' dir='ltr'><strong>in</strong></span> <span class='ocrx_word' id='word_1_95' title='bbox 381 1011 584 1052; x_wconf 82' lang='lat' dir='ltr'><strong>obsidione</strong></span> <span class='ocrx_word' id='word_1_96' title='bbox 604 1012 663 1052; x_wconf 85' lang='lat' dir='ltr'><strong>vis</strong></span> <span class='ocrx_word' id='word_1_97' title='bbox 686 1014 765 1052; x_wconf 87' lang='lat' dir='ltr'><strong>ulla</strong></span> <span class='ocrx_word' id='word_1_98' title='bbox 786 1022 884 1060; x_wconf 81' lang='lat' dir='ltr'><strong>erat,</strong></span> <span class='ocrx_word' id='word_1_99' title='bbox 917 1013 1011 1064; x_wconf 85' lang='lat' dir='ltr'><strong>quia</strong></span> <span class='ocrx_word' id='word_1_100' title='bbox 1032 1011 1287 1050; x_wconf 79' lang='lat' dir='ltr'><strong>frumentum</strong></span> <span class='ocrx_word' id='word_1_101' title='bbox 1310 1025 1392 1049; x_wconf 85' lang='lat' dir='ltr'><strong>non</strong></span> <span class='ocrx_word' id='word_1_102' title='bbox 1414 1024 1486 1049; x_wconf 85' lang='lat' dir='ltr'><strong>ne-</strong></span> 
     </span>
     <span class='ocr_line' id='line_1_14' title="bbox 176 1066 1484 1123; baseline -0.002 -14"><span class='ocrx_word' id='word_1_103' title='bbox 176 1069 340 1110; x_wconf 86' lang='lat' dir='ltr'><strong>ceflitati</strong></span> <span class='ocrx_word' id='word_1_104' title='bbox 354 1068 478 1109; x_wconf 72' lang='lat' dir='ltr'><strong>modo</strong></span> <span class='ocrx_word' id='word_1_105' title='bbox 496 1069 602 1119; x_wconf 82' lang='lat' dir='ltr'><strong>satis,</strong></span> <span class='ocrx_word' id='word_1_106' title='bbox 633 1069 700 1109; x_wconf 89' lang='lat' dir='ltr'><strong>sed</strong></span> <span class='ocrx_word' id='word_1_107' title='bbox 715 1070 842 1123; x_wconf 80' lang='lat' dir='ltr'><strong>copiae</strong></span> <span class='ocrx_word' id='word_1_108' title='bbox 858 1083 1036 1123; x_wconf 88' lang='lat' dir='ltr'><strong>quoque,</strong></span> <span class='ocrx_word' id='word_1_109' title='bbox 1068 1068 1227 1108; x_wconf 78' lang='lat' dir='ltr'><strong>abunde</strong></span> <span class='ocrx_word' id='word_1_110' title='bbox 1251 1071 1309 1123; x_wconf 76' lang='lat' dir='ltr'><strong>(a)</strong></span> <span class='ocrx_word' id='word_1_111' title='bbox 1329 1082 1376 1107; x_wconf 77' lang='lat' dir='ltr'><strong>ex</strong></span> <span class='ocrx_word' id='word_1_112' title='bbox 1392 1066 1484 1107; x_wconf 70' lang='lat' dir='ltr'><strong>ante</strong></span> 
     </span>
     <span class='ocr_line' id='line_1_15' title="bbox 178 1126 1486 1181; baseline -0.002 -14"><span class='ocrx_word' id='word_1_113' title='bbox 178 1126 377 1167; x_wconf 60' lang='lat' dir='ltr'><strong>convecto</strong></span> <span class='ocrx_word' id='word_1_114' title='bbox 398 1126 630 1166; x_wconf 88' lang='lat' dir='ltr'><strong>sufficiebat.</strong></span> <span class='ocrx_word' id='word_1_115' title='bbox 693 1127 768 1176; x_wconf 86' lang='lat' dir='ltr'><strong>Ita,</strong></span> <span class='ocrx_word' id='word_1_116' title='bbox 800 1126 1061 1181; x_wconf 78' lang='lat' dir='ltr'><strong>expugnandi</strong></span> <span class='ocrx_word' id='word_1_117' title='bbox 1083 1126 1231 1179; x_wconf 72' lang='lat' dir='ltr'><strong>pariter</strong></span> <span class='ocrx_word' id='word_1_118' title='bbox 1255 1128 1313 1180; x_wconf 81' lang='lat'><strong>(3)</strong></span> <span class='ocrx_word' id='word_1_119' title='bbox 1337 1139 1486 1180; x_wconf 58' lang='lat' dir='ltr'><strong>cogeno</strong></span> 
     </span>
     <span class='ocr_line' id='line_1_16' title="bbox 179 1183 1486 1238; baseline -0.002 -14"><span class='ocrx_word' id='word_1_120' title='bbox 179 1184 299 1237; x_wconf 87' lang='lat' dir='ltr'><strong>dique</strong></span> <span class='ocrx_word' id='word_1_121' title='bbox 317 1185 366 1224; x_wconf 88' lang='lat' dir='ltr'><strong>ad</strong></span> <span class='ocrx_word' id='word_1_122' title='bbox 383 1184 631 1224; x_wconf 88' lang='lat' dir='ltr'><strong>deditionem</strong></span> <span class='ocrx_word' id='word_1_123' title='bbox 649 1184 715 1238; x_wconf 89' lang='lat' dir='ltr'><strong>spe</strong></span> <span class='ocrx_word' id='word_1_124' title='bbox 733 1184 888 1233; x_wconf 67' lang='lat' dir='ltr'><strong>amissa,</strong></span> <span class='ocrx_word' id='word_1_125' title='bbox 921 1184 1096 1223; x_wconf 53' lang='lat' dir='ltr'><strong>dictator</strong></span> <span class='ocrx_word' id='word_1_126' title='bbox 1116 1184 1157 1222; x_wconf 86' lang='lat' dir='ltr'><strong>in</strong></span> <span class='ocrx_word' id='word_1_127' title='bbox 1175 1183 1287 1231; x_wconf 82' lang='lat' dir='ltr'><strong>locis,</strong></span> <span class='ocrx_word' id='word_1_128' title='bbox 1321 1193 1486 1236; x_wconf 80' lang='lat' dir='ltr'><strong>propter</strong></span> 
     </span>
     <span class='ocr_line' id='line_1_17' title="bbox 180 1239 1487 1295; baseline -0.002 -15"><span class='ocrx_word' id='word_1_129' title='bbox 180 1241 525 1295; x_wconf 82' lang='lat' dir='ltr'><strong>propinquitatem</strong></span> <span class='ocrx_word' id='word_1_130' title='bbox 547 1242 669 1292; x_wconf 81' lang='lat' dir='ltr'><strong>notis,</strong></span> <span class='ocrx_word' id='word_1_131' title='bbox 701 1242 749 1281; x_wconf 79' lang='lat' dir='ltr'><strong>ab</strong></span> <span class='ocrx_word' id='word_1_132' title='bbox 772 1242 907 1281; x_wconf 68' lang='lat' dir='ltr'><strong>aversa</strong></span> <span class='ocrx_word' id='word_1_133' title='bbox 929 1251 1040 1295; x_wconf 83' lang='lat' dir='ltr'><strong>parte</strong></span> <span class='ocrx_word' id='word_1_134' title='bbox 1063 1241 1171 1280; x_wconf 75' lang='lat' dir='ltr'><strong>urbis</strong></span> <span class='ocrx_word' id='word_1_135' title='bbox 1208 1239 1385 1279; x_wconf 74' lang='lat' dir='ltr'><strong>maxime</strong></span> <span class='ocrx_word' id='word_1_136' title='bbox 1416 1253 1487 1279; x_wconf 85' lang='lat' dir='ltr'><strong>ne-</strong></span> 
     </span>
     <span class='ocr_line' id='line_1_18' title="bbox 179 1297 1486 1352; baseline -0.002 -15"><span class='ocrx_word' id='word_1_137' title='bbox 179 1299 326 1352; x_wconf 58' lang='lat' dir='ltr'><strong>glecta,</strong></span> <span class='ocrx_word' id='word_1_138' title='bbox 358 1299 451 1352; x_wconf 88' lang='lat' dir='ltr'><strong>quia</strong></span> <span class='ocrx_word' id='word_1_139' title='bbox 484 1297 620 1352; x_wconf 62' lang='lat' dir='ltr'><strong>suapte</strong></span> <span class='ocrx_word' id='word_1_140' title='bbox 643 1300 786 1338; x_wconf 67' lang='lat' dir='ltr'><strong>natura</strong></span> <span class='ocrx_word' id='word_1_141' title='bbox 806 1299 995 1338; x_wconf 88' lang='lat' dir='ltr'><strong>tutissima</strong></span> <span class='ocrx_word' id='word_1_142' title='bbox 1018 1308 1116 1347; x_wconf 80' lang='lat' dir='ltr'><strong>erat,</strong></span> <span class='ocrx_word' id='word_1_143' title='bbox 1152 1312 1269 1352; x_wconf 81' lang='lat' dir='ltr'><strong>agere</strong></span> <span class='ocrx_word' id='word_1_144' title='bbox 1290 1298 1331 1336; x_wconf 88' lang='lat' dir='ltr'><strong>in</strong></span> <span class='ocrx_word' id='word_1_145' title='bbox 1353 1310 1486 1336; x_wconf 86' lang='lat' dir='ltr'><strong>arcem</strong></span> 
     </span>
     <span class='ocr_line' id='line_1_19' title="bbox 179 1354 1488 1410; baseline -0.002 -16"><span class='ocrx_word' id='word_1_146' title='bbox 179 1355 417 1395; x_wconf 89' lang='lat' dir='ltr'><strong>cuniculum</strong></span> <span class='ocrx_word' id='word_1_147' title='bbox 453 1355 638 1395; x_wconf 89' lang='lat' dir='ltr'><strong>instituit.</strong></span> <span class='ocrx_word' id='word_1_148' title='bbox 669 1356 764 1410; x_wconf 88' lang='lat' dir='ltr'><strong>ipse,</strong></span> <span class='ocrx_word' id='word_1_149' title='bbox 797 1356 1061 1396; x_wconf 81' lang='lat' dir='ltr'><strong>diverfissimis</strong></span> <span class='ocrx_word' id='word_1_150' title='bbox 1082 1355 1181 1395; x_wconf 86' lang='lat' dir='ltr'><strong>locis</strong></span> <span class='ocrx_word' id='word_1_151' title='bbox 1198 1354 1408 1394; x_wconf 87' lang='lat' dir='ltr'><strong>subeundo</strong></span> <span class='ocrx_word' id='word_1_152' title='bbox 1438 1354 1488 1393; x_wconf 82' lang='lat' dir='ltr'><strong>ad</strong></span> 
     </span>
     <span class='ocr_line' id='line_1_20' title="bbox 183 1411 1491 1465; baseline -0.001 -14"><span class='ocrx_word' id='word_1_153' title='bbox 183 1413 336 1452; x_wconf 86' lang='lat' dir='ltr'><strong>moenia</strong></span> <span class='ocrx_word' id='word_1_154' title='bbox 356 1412 647 1465; x_wconf 79' lang='lat' dir='ltr'><strong>quadrifariam</strong></span> <span class='ocrx_word' id='word_1_155' title='bbox 678 1413 802 1453; x_wconf 89' lang='lat' dir='ltr'><strong>diviso</strong></span> <span class='ocrx_word' id='word_1_156' title='bbox 825 1414 1022 1462; x_wconf 84' lang='lat' dir='ltr'><strong>exercitu,</strong></span> <span class='ocrx_word' id='word_1_157' title='bbox 1055 1413 1125 1465; x_wconf 87' lang='lat' dir='ltr'><strong>qui</strong></span> <span class='ocrx_word' id='word_1_158' title='bbox 1147 1413 1212 1451; x_wconf 88' lang='lat' dir='ltr'><strong>alii</strong></span> <span class='ocrx_word' id='word_1_159' title='bbox 1244 1412 1330 1451; x_wconf 82' lang='lat' dir='ltr'><strong>aliis</strong></span> <span class='ocrx_word' id='word_1_160' title='bbox 1353 1411 1491 1451; x_wconf 72' lang='lat' dir='ltr'><strong>suece—</strong></span> 
     </span>
     <span class='ocr_line' id='line_1_21' title="bbox 183 1468 1490 1524; baseline -0.001 -16"><span class='ocrx_word' id='word_1_161' title='bbox 183 1471 325 1509; x_wconf 88' lang='lat' dir='ltr'><strong>derent</strong></span> <span class='ocrx_word' id='word_1_162' title='bbox 345 1471 394 1509; x_wconf 88' lang='lat' dir='ltr'><strong>ad</strong></span> <span class='ocrx_word' id='word_1_163' title='bbox 424 1483 618 1524; x_wconf 86' lang='lat' dir='ltr'><strong>pugnam,</strong></span> <span class='ocrx_word' id='word_1_164' title='bbox 642 1473 703 1524; x_wconf 85' lang='lat'><strong>(4)</strong></span> <span class='ocrx_word' id='word_1_165' title='bbox 723 1471 949 1511; x_wconf 88' lang='lat' dir='ltr'><strong>continenti</strong></span> <span class='ocrx_word' id='word_1_166' title='bbox 972 1471 1035 1509; x_wconf 88' lang='lat' dir='ltr'><strong>die</strong></span> <span class='ocrx_word' id='word_1_167' title='bbox 1063 1484 1107 1509; x_wconf 89' lang='lat' dir='ltr'><strong>ac</strong></span> <span class='ocrx_word' id='word_1_168' title='bbox 1138 1469 1258 1508; x_wconf 69' lang='lat' dir='ltr'><strong>no&amp;e</strong></span> <span class='ocrx_word' id='word_1_169' title='bbox 1276 1470 1423 1522; x_wconf 81' lang='lat' dir='ltr'><strong>proelio</strong></span> <span class='ocrx_word' id='word_1_170' title='bbox 1441 1468 1490 1507; x_wconf 86' lang='lat' dir='ltr'><strong>ab</strong></span> 
     </span>
     <span class='ocr_line' id='line_1_22' title="bbox 184 1526 1490 1580; baseline -0.001 -15"><span class='ocrx_word' id='word_1_171' title='bbox 184 1527 297 1566; x_wconf 77' lang='lat' dir='ltr'><strong>sensu</strong></span> <span class='ocrx_word' id='word_1_172' title='bbox 333 1527 465 1580; x_wconf 82' lang='lat' dir='ltr'><strong>operis</strong></span> <span class='ocrx_word' id='word_1_173' title='bbox 498 1526 632 1567; x_wconf 86' lang='lat' dir='ltr'><strong>hostes</strong></span> <span class='ocrx_word' id='word_1_174' title='bbox 667 1527 892 1568; x_wconf 81' lang='lat' dir='ltr'><strong>avertebat:</strong></span> <span class='ocrx_word' id='word_1_175' title='bbox 923 1529 1071 1576; x_wconf 87' lang='lat' dir='ltr'><strong>donec,</strong></span> <span class='ocrx_word' id='word_1_176' title='bbox 1103 1526 1275 1580; x_wconf 79' lang='lat' dir='ltr'><strong>perfofio</strong></span> <span class='ocrx_word' id='word_1_177' title='bbox 1305 1541 1326 1565; x_wconf 86' lang='lat' dir='ltr'><strong>a</strong></span> <span class='ocrx_word' id='word_1_178' title='bbox 1352 1526 1490 1566; x_wconf 84' lang='lat' dir='ltr'><strong>castris</strong></span> 
     </span>
     <span class='ocr_line' id='line_1_23' title="bbox 184 1583 1712 1638; baseline -0.002 -16"><span class='ocrx_word' id='word_1_179' title='bbox 184 1593 339 1632; x_wconf 86' lang='lat' dir='ltr'><strong>monte,</strong></span> <span class='ocrx_word' id='word_1_180' title='bbox 371 1583 506 1622; x_wconf 63' lang='lat' dir='ltr'><strong>erecta</strong></span> <span class='ocrx_word' id='word_1_181' title='bbox 526 1584 568 1622; x_wconf 89' lang='lat' dir='ltr'><strong>in</strong></span> <span class='ocrx_word' id='word_1_182' title='bbox 590 1598 723 1624; x_wconf 82' lang='lat' dir='ltr'><strong>arcem</strong></span> <span class='ocrx_word' id='word_1_183' title='bbox 752 1585 814 1624; x_wconf 88' lang='lat' dir='ltr'><strong>via</strong></span> <span class='ocrx_word' id='word_1_184' title='bbox 847 1585 929 1632; x_wconf 89' lang='lat' dir='ltr'><strong>est·‚</strong></span> <span class='ocrx_word' id='word_1_185' title='bbox 964 1587 1023 1638; x_wconf 76' lang='lat'><strong>(5)</strong></span> <span class='ocrx_word' id='word_1_186' title='bbox 1048 1584 1290 1636; x_wconf 75' lang='lat' dir='ltr'><strong>intentisque</strong></span> <span class='ocrx_word' id='word_1_187' title='bbox 1312 1583 1490 1622; x_wconf 81' lang='lat' dir='ltr'><strong>Etruscis</strong></span> <span class='ocrx_word' id='word_1_188' title='bbox 1513 1589 1641 1621; x_wconf 36' lang='lat' dir='ltr'><strong>cmii-2152</strong></span> <span class='ocrx_word' id='word_1_189' title='bbox 1666 1601 1712 1619; x_wconf 52' lang='grc' dir='ltr'><strong>ω</strong></span> 
     </span>
     <span class='ocr_line' id='line_1_24' title="bbox 183 1640 1562 1694; baseline -0.001 -14"><span class='ocrx_word' id='word_1_190' title='bbox 183 1641 233 1680; x_wconf 87' lang='lat' dir='ltr'><strong>ad</strong></span> <span class='ocrx_word' id='word_1_191' title='bbox 254 1654 375 1680; x_wconf 85' lang='lat' dir='ltr'><strong>vanas</strong></span> <span class='ocrx_word' id='word_1_192' title='bbox 397 1655 418 1679; x_wconf 88' lang='lat' dir='ltr'><strong>a</strong></span> <span class='ocrx_word' id='word_1_193' title='bbox 440 1648 551 1680; x_wconf 86' lang='lat' dir='ltr'><strong>certo</strong></span> <span class='ocrx_word' id='word_1_194' title='bbox 572 1642 752 1694; x_wconf 89' lang='lat' dir='ltr'><strong>periculo</strong></span> <span class='ocrx_word' id='word_1_195' title='bbox 767 1642 912 1689; x_wconf 82' lang='lat' dir='ltr'><strong>minas,</strong></span> <span class='ocrx_word' id='word_1_196' title='bbox 944 1643 1097 1680; x_wconf 78' lang='lat' dir='ltr'><strong>clamor</strong></span> <span class='ocrx_word' id='word_1_197' title='bbox 1118 1641 1234 1693; x_wconf 83' lang='lat' dir='ltr'><strong>supra</strong></span> <span class='ocrx_word' id='word_1_198' title='bbox 1252 1650 1375 1693; x_wconf 82' lang='lat' dir='ltr'><strong>caput</strong></span> <span class='ocrx_word' id='word_1_199' title='bbox 1400 1640 1562 1679; x_wconf 35' lang='lat' dir='ltr'><strong>hos-1³³²*</strong></span> 
     </span>
     <span class='ocr_line' id='line_1_25' title="bbox 183 1697 1491 1750; baseline 0.002 -15"><span class='ocrx_word' id='word_1_200' title='bbox 183 1697 263 1736; x_wconf 79' lang='lat' dir='ltr'><strong>tilis</strong></span> <span class='ocrx_word' id='word_1_201' title='bbox 283 1705 442 1750; x_wconf 85' lang='lat' dir='ltr'><strong>captam</strong></span> <span class='ocrx_word' id='word_1_202' title='bbox 464 1697 607 1737; x_wconf 89' lang='lat' dir='ltr'><strong>urbem</strong></span> <span class='ocrx_word' id='word_1_203' title='bbox 629 1698 816 1737; x_wconf 87' lang='lat' dir='ltr'><strong>ostendit.</strong></span> <span class='ocrx_word' id='word_1_204' title='bbox 878 1698 938 1738; x_wconf 90' lang='lat' dir='ltr'><strong>Eo</strong></span> <span class='ocrx_word' id='word_1_205' title='bbox 960 1712 1066 1737; x_wconf 84' lang='lat' dir='ltr'><strong>anno</strong></span> <span class='ocrx_word' id='word_1_206' title='bbox 1090 1698 1137 1738; x_wconf 89' lang='lat' dir='ltr'><strong>C.</strong></span> <span class='ocrx_word' id='word_1_207' title='bbox 1162 1697 1308 1737; x_wconf 78' lang='lat' dir='ltr'><strong>Furius</strong></span> <span class='ocrx_word' id='word_1_208' title='bbox 1330 1697 1491 1737; x_wconf 73' lang='lat' dir='ltr'><strong>Pacilus</strong></span> 
     </span>
     <span class='ocr_line' id='line_1_26' title="bbox 185 1754 1487 1808; baseline -0.001 -14"><span class='ocrx_word' id='word_1_209' title='bbox 185 1757 226 1794; x_wconf 73' lang='grc' dir='ltr'><strong>ὅτ</strong></span> <span class='ocrx_word' id='word_1_210' title='bbox 257 1754 319 1794; x_wconf 88' lang='grc' dir='ltr'><strong>Μ.</strong></span> <span class='ocrx_word' id='word_1_211' title='bbox 341 1754 554 1808; x_wconf 84' lang='lat' dir='ltr'><strong>Geganius</strong></span> <span class='ocrx_word' id='word_1_212' title='bbox 575 1755 811 1795; x_wconf 84' lang='lat' dir='ltr'><strong>Macerinus</strong></span> <span class='ocrx_word' id='word_1_213' title='bbox 829 1755 1013 1795; x_wconf 85' lang='lat' dir='ltr'><strong>censores</strong></span> <span class='ocrx_word' id='word_1_214' title='bbox 1042 1755 1178 1794; x_wconf 89' lang='lat' dir='ltr'><strong>villam</strong></span> <span class='ocrx_word' id='word_1_215' title='bbox 1200 1756 1262 1808; x_wconf 89' lang='lat'><strong>(6)</strong></span> <span class='ocrx_word' id='word_1_216' title='bbox 1285 1754 1487 1807; x_wconf 85' lang='lat' dir='ltr'><strong>publicam</strong></span> 
     </span>
     <span class='ocr_line' id='line_1_27' title="bbox 181 1810 1491 1866; baseline 0.002 -16"><span class='ocrx_word' id='word_1_217' title='bbox 181 1811 223 1850; x_wconf 88' lang='lat' dir='ltr'><strong>in</strong></span> <span class='ocrx_word' id='word_1_218' title='bbox 246 1825 389 1865; x_wconf 86' lang='lat' dir='ltr'><strong>campo</strong></span> <span class='ocrx_word' id='word_1_219' title='bbox 412 1811 565 1851; x_wconf 86' lang='lat' dir='ltr'><strong>Martio</strong></span> <span class='ocrx_word' id='word_1_220' title='bbox 578 1811 857 1866; x_wconf 73' lang='lat' dir='ltr'><strong>probaverunt,</strong></span> <span class='ocrx_word' id='word_1_221' title='bbox 873 1815 959 1866; x_wconf 84' lang='lat'>(7):</span> <span class='ocrx_word' id='word_1_222' title='bbox 991 1811 1126 1866; x_wconf 88' lang='lat' dir='ltr'><strong>ibique</strong></span> <span class='ocrx_word' id='word_1_223' title='bbox 1145 1810 1325 1866; x_wconf 76' lang='lat' dir='ltr'><strong>primum</strong></span> <span class='ocrx_word' id='word_1_224' title='bbox 1348 1811 1491 1852; x_wconf 72' lang='lat' dir='ltr'><strong>census</strong></span> 
     </span>
     <span class='ocr_line' id='line_1_28' title="bbox 183 1867 553 1923; baseline 0.005 -16"><span class='ocrx_word' id='word_1_225' title='bbox 183 1869 324 1923; x_wconf 85' lang='lat' dir='ltr'><strong>populi</strong></span> <span class='ocrx_word' id='word_1_226' title='bbox 345 1868 402 1908; x_wconf 89' lang='lat' dir='ltr'><strong>est</strong></span> <span class='ocrx_word' id='word_1_227' title='bbox 423 1867 553 1909; x_wconf 65' lang='lat' dir='ltr'><strong>actus.</strong></span> 
     </span>
    </p>
   </div>
   <div class='ocr_carea' id='block_1_3' title="bbox 184 1983 1491 2070">
    <p class='ocr_par' dir='ltr' id='par_1_4' title="bbox 184 1983 1491 2070">
     <span class='ocr_line' id='line_1_29' title="bbox 184 1983 1491 2026; baseline 0.001 -11"><span class='ocrx_word' id='word_1_228' title='bbox 184 1991 251 2015; x_wconf 79' lang='lat' dir='ltr'><strong>tem</strong></span> <span class='ocrx_word' id='word_1_229' title='bbox 267 1983 368 2026; x_wconf 72' lang='lat' dir='ltr'><strong>prius,</strong></span> <span class='ocrx_word' id='word_1_230' title='bbox 388 1986 489 2025; x_wconf 66' lang='lat' dir='ltr'><strong>quam</strong></span> <span class='ocrx_word' id='word_1_231' title='bbox 505 1984 627 2016; x_wconf 84' lang='lat' dir='ltr'><strong>diceret</strong></span> <span class='ocrx_word' id='word_1_232' title='bbox 651 1984 858 2022; x_wconf 54' lang='lat' dir='ltr'><strong>dictatorem,</strong></span> <span class='ocrx_word' id='word_1_233' title='bbox 879 1992 1025 2016; x_wconf 79' lang='lat' dir='ltr'><strong>moratus</strong></span> <span class='ocrx_word' id='word_1_234' title='bbox 1041 1983 1084 2016; x_wconf 82' lang='lat' dir='ltr'><strong>est</strong></span> <span class='ocrx_word' id='word_1_235' title='bbox 1100 1985 1179 2016; x_wconf 90' lang='lat' dir='ltr'><strong>dum</strong></span> <span class='ocrx_word' id='word_1_236' title='bbox 1196 1984 1353 2025; x_wconf 79' lang='lat' dir='ltr'><strong>collegam</strong></span> <span class='ocrx_word' id='word_1_237' title='bbox 1379 1983 1491 2016; x_wconf 57' lang='lat' dir='ltr'><strong>consite</strong></span> 
     </span>
     <span class='ocr_line' id='line_1_30' title="bbox 184 2028 1327 2070; baseline 0.002 -12"><span class='ocrx_word' id='word_1_238' title='bbox 184 2028 278 2060; x_wconf 74' lang='lat' dir='ltr'><strong>Iex-et.</strong></span> <span class='ocrx_word' id='word_1_239' title='bbox 327 2029 380 2070; x_wconf 87' lang='lat'><strong>(9)</strong></span> <span class='ocrx_word' id='word_1_240' title='bbox 404 2031 478 2061; x_wconf 88' lang='lat' dir='ltr'><strong>Hoc</strong></span> <span class='ocrx_word' id='word_1_241' title='bbox 495 2030 639 2061; x_wconf 82' lang='lat' dir='ltr'><strong>sollenne</strong></span> <span class='ocrx_word' id='word_1_242' title='bbox 655 2029 727 2060; x_wconf 86' lang='lat' dir='ltr'><strong>fuit.</strong></span> <span class='ocrx_word' id='word_1_243' title='bbox 742 2030 811 2060; x_wconf 86' lang='lat' dir='ltr'><strong>vid.</strong></span> <span class='ocrx_word' id='word_1_244' title='bbox 829 2029 915 2059; x_wconf 65' lang='lat' dir='ltr'><strong>infra</strong></span> <span class='ocrx_word' id='word_1_245' title='bbox 929 2030 951 2060; x_wconf 94' lang='lat' dir='ltr'><strong>l.</strong></span> <span class='ocrx_word' id='word_1_246' title='bbox 966 2029 994 2060; x_wconf 88' lang='lat'><strong>8.</strong></span> <span class='ocrx_word' id='word_1_247' title='bbox 1010 2040 1037 2061; x_wconf 87' lang='lat' dir='ltr'><strong>c.</strong></span> <span class='ocrx_word' id='word_1_248' title='bbox 1058 2039 1107 2068; x_wconf 85' lang='lat'><strong>23.</strong></span> <span class='ocrx_word' id='word_1_249' title='bbox 1140 2030 1162 2059; x_wconf 89' lang='lat' dir='ltr'><strong>l.</strong></span> <span class='ocrx_word' id='word_1_250' title='bbox 1179 2039 1210 2070; x_wconf 94' lang='lat'><strong>9.</strong></span> <span class='ocrx_word' id='word_1_251' title='bbox 1230 2040 1257 2059; x_wconf 90' lang='lat' dir='ltr'><strong>c.</strong></span> <span class='ocrx_word' id='word_1_252' title='bbox 1272 2029 1327 2068; x_wconf 78' lang='lat'><strong>38.</strong></span> 
     </span>
    </p>
   </div>
   <div class='ocr_carea' id='block_1_4' title="bbox 10 2089 1497 2753">
    <p class='ocr_par' dir='ltr' id='par_1_5' title="bbox 10 2089 1497 2753">
     <span class='ocr_line' id='line_1_31' title="bbox 233 2089 1494 2133; baseline 0.001 -12"><span class='ocrx_word' id='word_1_253' title='bbox 233 2090 270 2121; x_wconf 83' lang='lat' dir='ltr'><strong>C.</strong></span> <span class='ocrx_word' id='word_1_254' title='bbox 288 2099 339 2123; x_wconf 81' lang='lat'><strong>22.</strong></span> <span class='ocrx_word' id='word_1_255' title='bbox 355 2092 412 2132; x_wconf 94' lang='lat'><strong>(1)</strong></span> <span class='ocrx_word' id='word_1_256' title='bbox 428 2091 579 2133; x_wconf 87' lang='lat' dir='ltr'><strong>Ejusdem</strong></span> <span class='ocrx_word' id='word_1_257' title='bbox 594 2091 694 2122; x_wconf 85' lang='lat' dir='ltr'><strong>moris</strong></span> <span class='ocrx_word' id='word_1_258' title='bbox 710 2091 834 2123; x_wconf 86' lang='lat' dir='ltr'><strong>mentio</strong></span> <span class='ocrx_word' id='word_1_259' title='bbox 850 2090 994 2123; x_wconf 86' lang='lat' dir='ltr'><strong>occurrit</strong></span> <span class='ocrx_word' id='word_1_260' title='bbox 1008 2090 1105 2133; x_wconf 69' lang='lat' dir='ltr'><strong>supra</strong></span> <span class='ocrx_word' id='word_1_261' title='bbox 1121 2091 1140 2121; x_wconf 90' lang='lat'><strong>1.</strong></span> <span class='ocrx_word' id='word_1_262' title='bbox 1155 2100 1186 2130; x_wconf 89' lang='lat'><strong>3.</strong></span> <span class='ocrx_word' id='word_1_263' title='bbox 1212 2102 1243 2121; x_wconf 86' lang='lat' dir='ltr'><strong>c.</strong></span> <span class='ocrx_word' id='word_1_264' title='bbox 1261 2091 1312 2130; x_wconf 89' lang='lat'><strong>69.</strong></span> <span class='ocrx_word' id='word_1_265' title='bbox 1328 2089 1413 2121; x_wconf 64' lang='lat' dir='ltr'><strong>infra</strong></span> <span class='ocrx_word' id='word_1_266' title='bbox 1427 2090 1446 2120; x_wconf 74' lang='lat'><strong>1,</strong></span> <span class='ocrx_word' id='word_1_267' title='bbox 1464 2099 1494 2129; x_wconf 80' lang='lat'><strong>7.</strong></span> 
     </span>
     <span class='ocr_line' id='line_1_32' title="bbox 186 2135 1493 2178; baseline 0 -12"><span class='ocrx_word' id='word_1_268' title='bbox 186 2145 213 2166; x_wconf 71' lang='lat' dir='ltr'><strong>c.</strong></span> <span class='ocrx_word' id='word_1_269' title='bbox 240 2145 290 2174; x_wconf 86' lang='lat'><strong>23.</strong></span> <span class='ocrx_word' id='word_1_270' title='bbox 335 2136 478 2176; x_wconf 79' lang='lat' dir='ltr'><strong>Aquilae,</strong></span> <span class='ocrx_word' id='word_1_271' title='bbox 500 2135 667 2177; x_wconf 87' lang='lat' dir='ltr'><strong>praecipua</strong></span> <span class='ocrx_word' id='word_1_272' title='bbox 688 2136 853 2178; x_wconf 86' lang='lat' dir='ltr'><strong>legionum</strong></span> <span class='ocrx_word' id='word_1_273' title='bbox 878 2135 976 2178; x_wconf 80' lang='lat' dir='ltr'><strong>signa,</strong></span> <span class='ocrx_word' id='word_1_274' title='bbox 998 2147 1116 2177; x_wconf 84' lang='lat' dir='ltr'><strong>magno</strong></span> <span class='ocrx_word' id='word_1_275' title='bbox 1137 2135 1170 2166; x_wconf 87' lang='lat' dir='ltr'><strong>in</strong></span> <span class='ocrx_word' id='word_1_276' title='bbox 1194 2136 1284 2166; x_wconf 83' lang='lat' dir='ltr'><strong>cultu</strong></span> <span class='ocrx_word' id='word_1_277' title='bbox 1301 2147 1319 2166; x_wconf 83' lang='lat' dir='ltr'><strong>a</strong></span> <span class='ocrx_word' id='word_1_278' title='bbox 1335 2135 1493 2166; x_wconf 75' lang='lat' dir='ltr'><strong>militibus</strong></span> 
     </span>
     <span class='ocr_line' id='line_1_33' title="bbox 189 2179 1495 2221; baseline 0 -12"><span class='ocrx_word' id='word_1_279' title='bbox 189 2179 343 2210; x_wconf 78' lang='lat' dir='ltr'><strong>Romanis</strong></span> <span class='ocrx_word' id='word_1_280' title='bbox 356 2180 572 2217; x_wconf 79' lang='lat' dir='ltr'><strong>habebantur,</strong></span> <span class='ocrx_word' id='word_1_281' title='bbox 596 2182 628 2211; x_wconf 71' lang='grc' dir='ltr'><strong>δε</strong></span> <span class='ocrx_word' id='word_1_282' title='bbox 645 2180 678 2211; x_wconf 92' lang='lat' dir='ltr'><strong>in</strong></span> <span class='ocrx_word' id='word_1_283' title='bbox 695 2180 821 2216; x_wconf 78' lang='lat' dir='ltr'><strong>aerario,</strong></span> <span class='ocrx_word' id='word_1_284' title='bbox 846 2182 936 2221; x_wconf 91' lang='lat' dir='ltr'><strong>quod</strong></span> <span class='ocrx_word' id='word_1_285' title='bbox 959 2180 992 2211; x_wconf 93' lang='lat' dir='ltr'><strong>in</strong></span> <span class='ocrx_word' id='word_1_286' title='bbox 1013 2182 1081 2211; x_wconf 85' lang='lat' dir='ltr'><strong>aede</strong></span> <span class='ocrx_word' id='word_1_287' title='bbox 1106 2179 1237 2211; x_wconf 83' lang='lat' dir='ltr'><strong>Saturni</strong></span> <span class='ocrx_word' id='word_1_288' title='bbox 1254 2187 1323 2211; x_wconf 87' lang='lat' dir='ltr'><strong>erat</strong></span> <span class='ocrx_word' id='word_1_289' title='bbox 1339 2179 1495 2210; x_wconf 82' lang='lat' dir='ltr'><strong>custodie-</strong></span> 
     </span>
     <span class='ocr_line' id='line_1_34' title="bbox 187 2223 1496 2266; baseline 0 -13"><span class='ocrx_word' id='word_1_290' title='bbox 187 2223 329 2255; x_wconf 79' lang='lat' dir='ltr'><strong>bantur:</strong></span> <span class='ocrx_word' id='word_1_291' title='bbox 355 2226 441 2256; x_wconf 88' lang='lat' dir='ltr'><strong>unde</strong></span> <span class='ocrx_word' id='word_1_292' title='bbox 459 2225 587 2256; x_wconf 66' lang='lat' dir='ltr'><strong>delectu</strong></span> <span class='ocrx_word' id='word_1_293' title='bbox 605 2225 718 2256; x_wconf 82' lang='lat' dir='ltr'><strong>habito</strong></span> <span class='ocrx_word' id='word_1_294' title='bbox 738 2225 858 2256; x_wconf 90' lang='lat' dir='ltr'><strong>iterum</strong></span> <span class='ocrx_word' id='word_1_295' title='bbox 875 2224 982 2266; x_wconf 87' lang='lat' dir='ltr'><strong>promi</strong></span> <span class='ocrx_word' id='word_1_296' title='bbox 1001 2225 1155 2256; x_wconf 79' lang='lat' dir='ltr'><strong>solebant.</strong></span> <span class='ocrx_word' id='word_1_297' title='bbox 1202 2225 1258 2266; x_wconf 84' lang='lat'><strong>(2)</strong></span> <span class='ocrx_word' id='word_1_298' title='bbox 1283 2226 1332 2254; x_wconf 82' lang='lat' dir='ltr'><strong>Ex</strong></span> <span class='ocrx_word' id='word_1_299' title='bbox 1349 2225 1414 2254; x_wconf 55' lang='lat' dir='ltr'><strong>ante</strong></span> <span class='ocrx_word' id='word_1_300' title='bbox 1433 2237 1496 2254; x_wconf 74' lang='lat' dir='ltr'><strong>con-</strong></span> 
     </span>
     <span class='ocr_line' id='line_1_35' title="bbox 189 2268 1495 2311; baseline 0.001 -14"><span class='ocrx_word' id='word_1_301' title='bbox 189 2272 265 2298; x_wconf 70' lang='grc' dir='ltr'><em>ωεέῖο</em></span> <span class='ocrx_word' id='word_1_302' title='bbox 282 2268 381 2299; x_wconf 83' lang='lat' dir='ltr'><strong>Livio</strong></span> <span class='ocrx_word' id='word_1_303' title='bbox 391 2269 468 2300; x_wconf 70' lang='lat' dir='ltr'><strong>alibi</strong></span> <span class='ocrx_word' id='word_1_304' title='bbox 485 2270 583 2300; x_wconf 88' lang='lat' dir='ltr'><strong>etiam</strong></span> <span class='ocrx_word' id='word_1_305' title='bbox 599 2270 784 2311; x_wconf 87' lang='lat' dir='ltr'><strong>usurpatur.</strong></span> <span class='ocrx_word' id='word_1_306' title='bbox 801 2269 887 2300; x_wconf 67' lang='lat' dir='ltr'><strong>infra</strong></span> <span class='ocrx_word' id='word_1_307' title='bbox 904 2270 926 2300; x_wconf 90' lang='lat' dir='ltr'><strong>l.</strong></span> <span class='ocrx_word' id='word_1_308' title='bbox 945 2280 977 2309; x_wconf 79' lang='lat'><strong>5.</strong></span> <span class='ocrx_word' id='word_1_309' title='bbox 988 2279 1014 2300; x_wconf 89' lang='lat' dir='ltr'><strong>c.</strong></span> <span class='ocrx_word' id='word_1_310' title='bbox 1030 2279 1068 2309; x_wconf 86' lang='lat'><strong>13</strong></span> <span class='ocrx_word' id='word_1_311' title='bbox 1085 2271 1117 2300; x_wconf 67' lang='grc' dir='ltr'><strong>ὅ(</strong></span> <span class='ocrx_word' id='word_1_312' title='bbox 1136 2268 1186 2301; x_wconf 85' lang='lat'><strong>26.</strong></span> <span class='ocrx_word' id='word_1_313' title='bbox 1234 2271 1281 2299; x_wconf 79' lang='lat' dir='ltr'><strong>lta</strong></span> <span class='ocrx_word' id='word_1_314' title='bbox 1297 2282 1331 2299; x_wconf 77' lang='lat' dir='ltr'><strong>ex</strong></span> <span class='ocrx_word' id='word_1_315' title='bbox 1344 2268 1408 2298; x_wconf 68' lang='lat' dir='ltr'><strong>ant?</strong></span> <span class='ocrx_word' id='word_1_316' title='bbox 1417 2276 1495 2310; x_wconf 79' lang='lat' dir='ltr'><strong>prae-</strong></span> 
     </span>
     <span class='ocr_line' id='line_1_36' title="bbox 10 2313 1495 2356; baseline -0.002 -11"><span class='ocrx_word' id='word_1_317' title='bbox 10 2319 12 2345; x_wconf 65' lang='lat'><strong>¹&lt;</strong></span> <span class='ocrx_word' id='word_1_318' title='bbox 184 2320 301 2353; x_wconf 73' lang='lat' dir='ltr'><strong>paratv,</strong></span> <span class='ocrx_word' id='word_1_319' title='bbox 316 2313 336 2343; x_wconf 81' lang='lat' dir='ltr'><strong>l.</strong></span> <span class='ocrx_word' id='word_1_320' title='bbox 354 2313 404 2345; x_wconf 84' lang='lat'><strong>26.</strong></span> <span class='ocrx_word' id='word_1_321' title='bbox 421 2324 446 2344; x_wconf 86' lang='lat' dir='ltr'><strong>c.</strong></span> <span class='ocrx_word' id='word_1_322' title='bbox 461 2324 511 2345; x_wconf 86' lang='lat'><strong>20.</strong></span> <span class='ocrx_word' id='word_1_323' title='bbox 528 2315 560 2344; x_wconf 69' lang='grc' dir='ltr'><strong>δι’.</strong></span> <span class='ocrx_word' id='word_1_324' title='bbox 576 2322 782 2356; x_wconf 81' lang='lat' dir='ltr'><strong>expraeparato</strong></span> <span class='ocrx_word' id='word_1_325' title='bbox 799 2314 818 2344; x_wconf 85' lang='grc' dir='ltr'><strong>Ῑ.</strong></span> <span class='ocrx_word' id='word_1_326' title='bbox 837 2323 888 2346; x_wconf 84' lang='lat'><strong>22.</strong></span> <span class='ocrx_word' id='word_1_327' title='bbox 904 2325 930 2345; x_wconf 85' lang='lat' dir='ltr'><strong>c.</strong></span> <span class='ocrx_word' id='word_1_328' title='bbox 948 2324 999 2351; x_wconf 81' lang='lat'><strong>42.</strong></span> <span class='ocrx_word' id='word_1_329' title='bbox 1045 2314 1102 2355; x_wconf 84' lang='lat'><strong>(3)</strong></span> <span class='ocrx_word' id='word_1_330' title='bbox 1119 2316 1311 2355; x_wconf 76' lang='lat' dir='ltr'><strong>Expugnandi</strong></span> <span class='ocrx_word' id='word_1_331' title='bbox 1328 2324 1385 2354; x_wconf 80' lang='lat' dir='ltr'><strong>per</strong></span> <span class='ocrx_word' id='word_1_332' title='bbox 1403 2313 1495 2349; x_wconf 72' lang='lat' dir='ltr'><strong>Vimr,</strong></span> 
     </span>
     <span class='ocr_line' id='line_1_37' title="bbox 187 2357 1495 2400; baseline 0.002 -15"><span class='ocrx_word' id='word_1_333' title='bbox 187 2359 294 2398; x_wconf 70' lang='lat' dir='ltr'><strong>cogendi</strong></span> <span class='ocrx_word' id='word_1_334' title='bbox 319 2360 360 2386; x_wconf 82' lang='lat' dir='ltr'><strong>ad</strong></span> <span class='ocrx_word' id='word_1_335' title='bbox 381 2360 537 2389; x_wconf 75' lang='lat' dir='ltr'><strong>deditionem</strong></span> <span class='ocrx_word' id='word_1_336' title='bbox 564 2369 624 2400; x_wconf 88' lang='lat' dir='ltr'><strong>per</strong></span> <span class='ocrx_word' id='word_1_337' title='bbox 649 2359 857 2391; x_wconf 80' lang='lat' dir='ltr'><strong>obsidionem.</strong></span> <span class='ocrx_word' id='word_1_338' title='bbox 905 2359 962 2400; x_wconf 85' lang='grc'><strong>(4)</strong></span> <span class='ocrx_word' id='word_1_339' title='bbox 986 2358 1109 2389; x_wconf 82' lang='lat' dir='ltr'><strong>Indicat</strong></span> <span class='ocrx_word' id='word_1_340' title='bbox 1134 2358 1328 2389; x_wconf 82' lang='lat' dir='ltr'><strong>continuum</strong></span> <span class='ocrx_word' id='word_1_341' title='bbox 1346 2357 1495 2398; x_wconf 71' lang='lat' dir='ltr'><strong>proelium</strong></span> 
     </span>
     <span class='ocr_line' id='line_1_38' title="bbox 191 2400 1495 2445; baseline 0 -14"><span class='ocrx_word' id='word_1_342' title='bbox 191 2400 282 2432; x_wconf 80' lang='lat' dir='ltr'><strong>fuisse</strong></span> <span class='ocrx_word' id='word_1_343' title='bbox 303 2401 356 2432; x_wconf 85' lang='lat' dir='ltr'><strong>die</strong></span> <span class='ocrx_word' id='word_1_344' title='bbox 379 2413 415 2433; x_wconf 84' lang='lat' dir='ltr'><strong>ac</strong></span> <span class='ocrx_word' id='word_1_345' title='bbox 433 2404 538 2434; x_wconf 61' lang='lat' dir='ltr'><strong>nocte.</strong></span> <span class='ocrx_word' id='word_1_346' title='bbox 583 2405 632 2433; x_wconf 85' lang='lat' dir='ltr'><strong>Eo</strong></span> <span class='ocrx_word' id='word_1_347' title='bbox 654 2404 743 2435; x_wconf 83' lang='lat' dir='ltr'><strong>sensu</strong></span> <span class='ocrx_word' id='word_1_348' title='bbox 760 2407 893 2434; x_wconf 76' lang='lat' dir='ltr'><strong>continens</strong></span> <span class='ocrx_word' id='word_1_349' title='bbox 917 2405 1070 2444; x_wconf 84' lang='lat' dir='ltr'><strong>frequens</strong></span> <span class='ocrx_word' id='word_1_350' title='bbox 1096 2402 1146 2434; x_wconf 87' lang='lat' dir='ltr'><strong>est.</strong></span> <span class='ocrx_word' id='word_1_351' title='bbox 1193 2402 1248 2444; x_wconf 80' lang='grc'><strong>(5)</strong></span> <span class='ocrx_word' id='word_1_352' title='bbox 1274 2404 1385 2445; x_wconf 82' lang='lat' dir='ltr'><strong>Qum</strong></span> <span class='ocrx_word' id='word_1_353' title='bbox 1402 2412 1495 2432; x_wconf 72' lang='lat' dir='ltr'><strong>vanae</strong></span> 
     </span>
     <span class='ocr_line' id='line_1_39' title="bbox 190 2445 1495 2487; baseline 0.001 -12"><span class='ocrx_word' id='word_1_354' title='bbox 190 2445 286 2475; x_wconf 77' lang='lat' dir='ltr'><strong>minae</strong></span> <span class='ocrx_word' id='word_1_355' title='bbox 309 2457 327 2477; x_wconf 87' lang='lat' dir='ltr'><strong>a</strong></span> <span class='ocrx_word' id='word_1_356' title='bbox 343 2454 433 2477; x_wconf 86' lang='lat' dir='ltr'><strong>certo</strong></span> <span class='ocrx_word' id='word_1_357' title='bbox 450 2446 595 2487; x_wconf 88' lang='lat' dir='ltr'><strong>periculo</strong></span> <span class='ocrx_word' id='word_1_358' title='bbox 619 2447 804 2479; x_wconf 67' lang='lat' dir='ltr'><strong>avertissent</strong></span> <span class='ocrx_word' id='word_1_359' title='bbox 821 2448 1033 2478; x_wconf 82' lang='lat' dir='ltr'><strong>Etruscorum</strong></span> <span class='ocrx_word' id='word_1_360' title='bbox 1054 2447 1187 2479; x_wconf 78' lang='lat' dir='ltr'><strong>animos.</strong></span> <span class='ocrx_word' id='word_1_361' title='bbox 1236 2447 1292 2487; x_wconf 85' lang='lat'><strong>(6)</strong></span> <span class='ocrx_word' id='word_1_362' title='bbox 1317 2446 1437 2477; x_wconf 81' lang='lat' dir='ltr'><strong>Villam</strong></span> <span class='ocrx_word' id='word_1_363' title='bbox 1454 2446 1495 2476; x_wconf 86' lang='lat' dir='ltr'><strong>ad</strong></span> 
     </span>
     <span class='ocr_line' id='line_1_40' title="bbox 191 2490 1495 2533; baseline 0 -13"><span class='ocrx_word' id='word_1_364' title='bbox 191 2490 339 2530; x_wconf 78' lang='lat' dir='ltr'><strong>publicos</strong></span> <span class='ocrx_word' id='word_1_365' title='bbox 369 2491 442 2521; x_wconf 86' lang='lat' dir='ltr'><strong>usus</strong></span> <span class='ocrx_word' id='word_1_366' title='bbox 459 2491 491 2521; x_wconf 64' lang='grc' dir='ltr'><strong>ὃς</strong></span> <span class='ocrx_word' id='word_1_367' title='bbox 519 2491 667 2532; x_wconf 77' lang='lat' dir='ltr'><strong>impensis</strong></span> <span class='ocrx_word' id='word_1_368' title='bbox 693 2492 830 2532; x_wconf 82' lang='lat' dir='ltr'><strong>publicis</strong></span> <span class='ocrx_word' id='word_1_369' title='bbox 858 2491 1058 2523; x_wconf 67' lang='lat' dir='ltr'><strong>aedificatam.</strong></span> <span class='ocrx_word' id='word_1_370' title='bbox 1104 2493 1159 2533; x_wconf 89' lang='lat'><strong>(7)</strong></span> <span class='ocrx_word' id='word_1_371' title='bbox 1185 2493 1311 2522; x_wconf 76' lang='lat' dir='ltr'><strong>Probare</strong></span> <span class='ocrx_word' id='word_1_372' title='bbox 1339 2490 1495 2521; x_wconf 79' lang='lat' dir='ltr'><strong>dicuntur</strong></span> 
     </span>
     <span class='ocr_line' id='line_1_41' title="bbox 189 2534 1494 2577; baseline 0.001 -13"><span class='ocrx_word' id='word_1_373' title='bbox 189 2534 345 2572; x_wconf 72' lang='lat' dir='ltr'><strong>censores,</strong></span> <span class='ocrx_word' id='word_1_374' title='bbox 369 2546 472 2575; x_wconf 86' lang='lat' dir='ltr'><strong>quum</strong></span> <span class='ocrx_word' id='word_1_375' title='bbox 496 2546 590 2576; x_wconf 86' lang='lat' dir='ltr'><strong>opus,</strong></span> <span class='ocrx_word' id='word_1_376' title='bbox 612 2537 701 2576; x_wconf 85' lang='lat' dir='ltr'><strong>quod</strong></span> <span class='ocrx_word' id='word_1_377' title='bbox 726 2535 931 2577; x_wconf 77' lang='lat' dir='ltr'><strong>mancipibus</strong></span> <span class='ocrx_word' id='word_1_378' title='bbox 957 2536 1209 2568; x_wconf 79' lang='lat' dir='ltr'><strong>construendum</strong></span> <span class='ocrx_word' id='word_1_379' title='bbox 1234 2536 1396 2571; x_wconf 85' lang='lat' dir='ltr'><strong>locarunt,</strong></span> <span class='ocrx_word' id='word_1_380' title='bbox 1420 2545 1494 2565; x_wconf 81' lang='lat' dir='ltr'><strong>exa-</strong></span> 
     </span>
     <span class='ocr_line' id='line_1_42' title="bbox 13 2579 1495 2622; baseline -0.001 -13"><span class='ocrx_word' id='word_1_381' title='bbox 13 2583 19 2612; x_wconf 66' lang='grc' dir='ltr'><strong>ἓ</strong></span> <span class='ocrx_word' id='word_1_382' title='bbox 191 2579 327 2616; x_wconf 76' lang='lat' dir='ltr'><strong>minant,</strong></span> <span class='ocrx_word' id='word_1_383' title='bbox 351 2581 437 2610; x_wconf 58' lang='lat' dir='ltr'><strong>reete</strong></span> <span class='ocrx_word' id='word_1_384' title='bbox 457 2581 489 2610; x_wconf 74' lang='grc' dir='ltr'><strong>δε</strong></span> <span class='ocrx_word' id='word_1_385' title='bbox 512 2581 688 2611; x_wconf 80' lang='lat' dir='ltr'><strong>secundum</strong></span> <span class='ocrx_word' id='word_1_386' title='bbox 710 2581 884 2611; x_wconf 83' lang='lat' dir='ltr'><strong>formulam</strong></span> <span class='ocrx_word' id='word_1_387' title='bbox 899 2581 1122 2622; x_wconf 79' lang='lat' dir='ltr'><strong>praescriptam</strong></span> <span class='ocrx_word' id='word_1_388' title='bbox 1139 2581 1325 2612; x_wconf 67' lang='lat' dir='ltr'><strong>confeetum</strong></span> <span class='ocrx_word' id='word_1_389' title='bbox 1348 2589 1495 2620; x_wconf 81' lang='lat' dir='ltr'><strong>pronun-</strong></span> 
     </span>
     <span class='ocr_line' id='line_1_43' title="bbox 14 2618 1497 2667; baseline 0 -14"><span class='ocrx_word' id='word_1_390' title='bbox 14 2618 19 2660; x_wconf 61' lang='grc' dir='ltr'><strong><em>ἒ</em></strong></span> <span class='ocrx_word' id='word_1_391' title='bbox 192 2623 286 2654; x_wconf 67' lang='lat' dir='ltr'><strong>ciant.</strong></span> <span class='ocrx_word' id='word_1_392' title='bbox 304 2623 343 2655; x_wconf 75' lang='lat' dir='ltr'><strong>sic</strong></span> <span class='ocrx_word' id='word_1_393' title='bbox 360 2624 446 2655; x_wconf 72' lang='lat' dir='ltr'><strong>infra</strong></span> <span class='ocrx_word' id='word_1_394' title='bbox 456 2624 475 2655; x_wconf 88' lang='lat' dir='ltr'><strong>l.</strong></span> <span class='ocrx_word' id='word_1_395' title='bbox 493 2635 544 2663; x_wconf 81' lang='lat'><strong>45.</strong></span> <span class='ocrx_word' id='word_1_396' title='bbox 561 2636 590 2656; x_wconf 90' lang='lat' dir='ltr'><strong>c.</strong></span> <span class='ocrx_word' id='word_1_397' title='bbox 605 2634 654 2663; x_wconf 80' lang='lat'><strong>15.</strong></span> <span class='ocrx_word' id='word_1_398' title='bbox 693 2624 846 2656; x_wconf 87' lang='lat' dir='ltr'><strong>Similiter</strong></span> <span class='ocrx_word' id='word_1_399' title='bbox 862 2627 1018 2667; x_wconf 70' lang='lat' dir='ltr'><strong>approbare</strong></span> <span class='ocrx_word' id='word_1_400' title='bbox 1034 2625 1190 2656; x_wconf 87' lang='lat' dir='ltr'><strong>dicuntur</strong></span> <span class='ocrx_word' id='word_1_401' title='bbox 1212 2624 1377 2664; x_wconf 78' lang='lat' dir='ltr'><strong>mancipes</strong></span> <span class='ocrx_word' id='word_1_402' title='bbox 1394 2634 1430 2654; x_wconf 87' lang='lat' dir='ltr'><strong>ac</strong></span> <span class='ocrx_word' id='word_1_403' title='bbox 1448 2633 1497 2653; x_wconf 85' lang='lat' dir='ltr'><strong>re-</strong></span> 
     </span>
     <span class='ocr_line' id='line_1_44' title="bbox 190 2667 1495 2711; baseline -0.002 -13"><span class='ocrx_word' id='word_1_404' title='bbox 190 2668 390 2709; x_wconf 78' lang='lat' dir='ltr'><strong>demptores,</strong></span> <span class='ocrx_word' id='word_1_405' title='bbox 426 2680 529 2709; x_wconf 84' lang='lat' dir='ltr'><strong>quum</strong></span> <span class='ocrx_word' id='word_1_406' title='bbox 554 2680 647 2711; x_wconf 72' lang='lat' dir='ltr'><strong>opuS,</strong></span> <span class='ocrx_word' id='word_1_407' title='bbox 681 2670 770 2710; x_wconf 89' lang='lat' dir='ltr'><strong>quod</strong></span> <span class='ocrx_word' id='word_1_408' title='bbox 796 2670 1023 2701; x_wconf 70' lang='lat' dir='ltr'><strong>exstruendum</strong></span> <span class='ocrx_word' id='word_1_409' title='bbox 1051 2671 1289 2705; x_wconf 83' lang='lat' dir='ltr'><strong>conduxerunt,</strong></span> <span class='ocrx_word' id='word_1_410' title='bbox 1320 2667 1495 2699; x_wconf 74' lang='lat' dir='ltr'><strong>secundum</strong></span> 
     </span>
     <span class='ocr_line' id='line_1_45' title="bbox 192 2711 989 2753; baseline 0.005 -10"><span class='ocrx_word' id='word_1_411' title='bbox 192 2711 272 2753; x_wconf 70' lang='lat' dir='ltr'><strong>leges</strong></span> <span class='ocrx_word' id='word_1_412' title='bbox 292 2712 347 2744; x_wconf 71' lang='lat' dir='ltr'><strong>fibi</strong></span> <span class='ocrx_word' id='word_1_413' title='bbox 364 2713 467 2745; x_wconf 56' lang='lat' dir='ltr'><strong>dietas</strong></span> <span class='ocrx_word' id='word_1_414' title='bbox 484 2714 665 2746; x_wconf 79' lang='lat' dir='ltr'><strong>absolutum</strong></span> <span class='ocrx_word' id='word_1_415' title='bbox 684 2713 744 2746; x_wconf 76' lang='lat' dir='ltr'><strong>ess&#39;e</strong></span> <span class='ocrx_word' id='word_1_416' title='bbox 760 2713 989 2747; x_wconf 75' lang='lat' dir='ltr'><strong>demonstrant,</strong></span> 
     </span>
    </p>
   </div>
   <div class='ocr_carea' id='block_1_5' title="bbox 1130 2753 1495 2799">
    <p class='ocr_par' dir='ltr' id='par_1_6' title="bbox 1130 2753 1495 2799">
     <span class='ocr_line' id='line_1_46' title="bbox 1130 2753 1495 2799; baseline -0.019 0"><span class='ocrx_word' id='word_1_417' title='bbox 1130 2756 1289 2799; x_wconf 82' lang='lat' dir='ltr'>XXIII,</span> <span class='ocrx_word' id='word_1_418' title='bbox 1322 2753 1495 2797; x_wconf 80' lang='lat' dir='ltr'><strong>Eosdem</strong></span> 
     </span>
    </p>
   </div>
   <div class='ocr_carea' id='block_1_6' title="bbox 1 775 22 3083">
    <p class='ocr_par' dir='ltr' id='par_1_7' title="bbox 1 775 22 3083">
     <span class='ocr_line' id='line_1_47' title="bbox 1 775 22 3083; baseline 0 0"><span class='ocrx_word' id='word_1_419' title='bbox 1 775 22 3083; x_wconf 95' lang='lat' dir='ltr'><strong> </strong></span> 
     </span>
    </p>
   </div>
   <div class='ocr_carea' id='block_1_7' title="bbox 1 775 22 3083">
    <p class='ocr_par' dir='ltr' id='par_1_8' title="bbox 1 775 22 3083">
     <span class='ocr_line' id='line_1_48' title="bbox 1 775 22 3083; baseline 0 0"><span class='ocrx_word' id='word_1_420' title='bbox 1 775 22 3083; x_wconf 95' lang='lat' dir='ltr'><strong> </strong></span> 
     </span>
    </p>
   </div>
   <div class='ocr_carea' id='block_1_8' title="bbox 1 775 22 3083">
    <p class='ocr_par' dir='ltr' id='par_1_9' title="bbox 1 775 22 3083">
     <span class='ocr_line' id='line_1_49' title="bbox 1 775 22 3083; baseline 0 0"><span class='ocrx_word' id='word_1_421' title='bbox 1 775 22 3083; x_wconf 95' lang='lat' dir='ltr'><strong> </strong></span> 
     </span>
    </p>
   </div>
   <div class='ocr_carea' id='block_1_9' title="bbox 1 775 22 3083">
    <p class='ocr_par' dir='ltr' id='par_1_10' title="bbox 1 775 22 3083">
     <span class='ocr_line' id='line_1_50' title="bbox 1 775 22 3083; baseline 0 0"><span class='ocrx_word' id='word_1_422' title='bbox 1 775 22 3083; x_wconf 95' lang='lat' dir='ltr'><strong> </strong></span> 
     </span>
    </p>
   </div>
   <div class='ocr_carea' id='block_1_10' title="bbox 9 1679 22 3083">
    <p class='ocr_par' dir='ltr' id='par_1_11' title="bbox 9 1679 22 3083">
     <span class='ocr_line' id='line_1_51' title="bbox 9 1679 22 3083; baseline 0 0"><span class='ocrx_word' id='word_1_423' title='bbox 9 1679 22 3083; x_wconf 95' lang='lat' dir='ltr'><strong> </strong></span> 
     </span>
    </p>
   </div>
   <div class='ocr_carea' id='block_1_11' title="bbox 9 1679 22 3083">
    <p class='ocr_par' dir='ltr' id='par_1_12' title="bbox 9 1679 22 3083">
     <span class='ocr_line' id='line_1_52' title="bbox 9 1679 22 3083; baseline 0 0"><span class='ocrx_word' id='word_1_424' title='bbox 9 1679 22 3083; x_wconf 95' lang='lat' dir='ltr'><strong> </strong></span> 
     </span>
    </p>
   </div>
   <div class='ocr_carea' id='block_1_12' title="bbox 9 1679 22 3083">
    <p class='ocr_par' dir='ltr' id='par_1_13' title="bbox 9 1679 22 3083">
     <span class='ocr_line' id='line_1_53' title="bbox 9 1679 22 3083; baseline 0 0"><span class='ocrx_word' id='word_1_425' title='bbox 9 1679 22 3083; x_wconf 95' lang='lat' dir='ltr'><strong> </strong></span> 
     </span>
    </p>
   </div>
   <div class='ocr_carea' id='block_1_13' title="bbox 9 1679 23 3083">
    <p class='ocr_par' dir='ltr' id='par_1_14' title="bbox 9 1679 23 3083">
     <span class='ocr_line' id='line_1_54' title="bbox 9 1679 23 3083; baseline 0 0"><span class='ocrx_word' id='word_1_426' title='bbox 9 1679 23 3083; x_wconf 95' lang='lat' dir='ltr'><strong> </strong></span> 
     </span>
    </p>
   </div>
   <div class='ocr_carea' id='block_1_14' title="bbox 10 1679 25 3083">
    <p class='ocr_par' dir='ltr' id='par_1_15' title="bbox 10 1679 25 3083">
     <span class='ocr_line' id='line_1_55' title="bbox 10 1679 25 3083; baseline 0 0"><span class='ocrx_word' id='word_1_427' title='bbox 10 1679 25 3083; x_wconf 95' lang='lat' dir='ltr'><strong> </strong></span> 
     </span>
    </p>
   </div>
   <div class='ocr_carea' id='block_1_15' title="bbox 0 3026 210 3158">
    <p class='ocr_par' dir='ltr' id='par_1_16' title="bbox 0 3026 210 3158">
     <span class='ocr_line' id='line_1_56' title="bbox 0 3026 210 3158; baseline 0 0"><span class='ocrx_word' id='word_1_428' title='bbox 0 3026 210 3158; x_wconf 46' lang='grc' dir='ltr'>μ</span> 
     </span>
    </p>
   </div>
  </div>
 </body>
</html>
