1853 3158
135 253 217 292 280

132 657 219 686 U.c.
237 654 315 694 318.

132 703 174 731 A.
193 701 228 730 C.
248 708 322 738 434.

136 745 190 775 M.
209 746 312 785 Gega-

133 788 189 819 nio
206 789 258 819 111.
278 789 314 818 L.

823 249 875 291 T.
936 245 1194 292 L1V11

356 374 509 413 torum,
532 363 600 417 qui
621 363 784 404 Fidenis
805 364 892 404 caefi
909 373 1037 414 erant,
1070 364 1210 405 statuae
1231 367 1294 419 (2)
1316 363 1476 418 publice
1498 364 1538 403 in
1556 364 1666 406 Ros*

357 423 429 462 tris
443 422 578 475 pofitae
592 421 695 460 sunt.
712 420 819 460 Cum
832 421 1076 475 Vejentibus
1090 421 1448 475 Fidenatibusque,
1481 422 1542 475 (3)
1559 436 1660 475 prae-

358 488 543 532 terquam
573 478 756 518 finitimis
778 479 955 532 populis,
986 478 1035 518 ab
1069 480 1189 519 caus&
1225 480 1348 519 etiam
1370 489 1454 518 tam
1486 477 1662 518 nefanda

357 535 511 576 bellum
547 535 712 585 exorfis,
745 545 857 575 atrox
891 535 1098 575 dimicatio
1120 535 1302 576 instabat.
1363 536 1505 590 Itaque
1528 537 1589 589 (4)
1609 535 1661 575 ad

356 607 497 633 curam
515 592 682 633 summae
704 607 840 632 rerum
862 591 998 646 quiet&
1019 593 1134 646 plebe
1155 593 1404 647 tribunisque
1426 593 1528 648 ejus,
1560 591 1661 631 nihil

356 650 636 690 controversiae
652 650 747 700 fuit,
779 650 878 704 quin
904 650 1086 690 consules
1112 660 1344 697 crearentur
1365 651 1428 690 M.
1448 649 1663 704 Geganius

356 707 592 747 Macerinus
610 706 776 747 tertium
801 710 841 748 &
863 708 912 746 L.
934 707 1098 761 Sergius
1124 707 1322 756 Fidenas;
1355 722 1377 747 a
1395 706 1501 748 bello
1523 706 1661 755 credo,

356 765 465 816 quod
484 765 629 804 deinde
646 765 773 819 geffit,
795 765 1054 818 appellatum.
1116 764 1199 804 Hic
1215 764 1324 803 enim
1346 766 1409 818 (5)
1430 764 1585 818 primus
1603 763 1660 803 cis

138 831 336 874 Sergi000ff.
357 822 561 861 Anienem
579 836 673 861 cum
696 836 788 876 rege
811 822 1049 876 Vejentium
1072 821 1247 861 secundo
1269 821 1414 875 proelio
1451 821 1660 868 conflixit;

133 996 268 1026 Difiator

135 1041 236 1072 Mam.
253 1040 315 1069 AE-

132 1085 231 1115 mitius.

356 893 430 919 nec
446 879 698 919 incruentam
720 879 934 918 vifitoriam
955 879 1106 919 retulit.
1169 879 1308 933 Major
1330 878 1466 931 itaque
1497 892 1546 917 ex
1564 877 1662 917 civi-

355 935 432 976 bus
454 936 599 976 amissis
630 937 762 986 dolor,
794 934 917 988 quam
939 936 1076 975 laetitia
1097 935 1192 976 fusis
1223 935 1404 975 hostibus
1425 934 1517 974 fuit.
1543 937 1583 975 &
1601 934 1660 974 se-

356 1002 494 1044 natus,
526 1001 571 1032 ut'
586 994 627 1032 in
650 993 815 1046 trepidis
835 992 973 1043 rebus,
1004 992 1246 1033 di&atorem
1269 993 1348 1032 dici
1369 993 1501 1032 Mam.
1525 991 1660 1031 AEmi-

354 1050 456 1090 lium
474 1049 596 1105 justit.
641 1051 679 1089 Is
702 1050 940 1103 magistrum
962 1050 1145 1102 equitum
1167 1063 1216 1088 ex
1238 1050 1408 1103 collegio
1430 1049 1574 1103 prioris
1592 1063 1662 1088 an-

354 1108 413 1158 ni,
446 1119 527 1160 quo
546 1108 659 1146 fimul
680 1107 832 1146 tribuni
849 1106 1025 1145 militum
1047 1106 1246 1146 consulari
1267 1106 1460 1160 potestate
1483 1105 1661 1155 fuerant,

354 1165 404 1204 L.
442 1164 690 1222 QinCtium
722 1163 1028 1211 Cincinnatum,
1060 1164 1230 1217 dignum
1267 1172 1432 1216 parente
1450 1163 1662 1217 juvenem,

354 1222 469 1261 dixit.
514 1222 581 1261 Ad
598 1221 804 1261 deletitum
827 1236 849 1259 a
870 1220 1099 1260 consulibus
1115 1219 1300 1259 habitum
1316 1220 1574 1260 centuriones
1595 1234 1664 1259 ve-

352 1287 458 1318 teres
479 1278 573 1318 belli
595 1278 713 1331 periti
740 1278 904 1332 adjecti,
939 1281 978 1318 ἃ
1002 1291 1196 1316 numerus
1225 1277 1456 1317 amissorum
1477 1277 1663 1330 proxima

354 1335 492 1390 pugn&
507 1337 704 1389 expletus.
765 1335 941 1390 Legatos
958 1335 1205 1392 QinEtium
1224 1334 1503 1387 Capitolinum
1529 1337 1570 1374 &
1594 1334 1660 1374 Μ.

354 1394 526 1434 Fabium
550 1392 804 1432 Vibulanum
838 1392 950 1445 sequi
982 1392 1020 1433 se
1040 1392 1215 1443 di&ator
1240 1391 1361 1445 jussit.
1425 1392 1486 1444 (6)
1517 1391 1662 1447 Qum

353 1450 530 1505 potestas
553 1449 695 1504 major,
729 1458 816 1489 tum
850 1449 910 1488 vir
924 1458 1094 1502 'quoque
1126 1448 1311 1502 potestati
1340 1462 1426 1502 par,
1456 1447 1590 1488 hostes
1611 1461 1661 1486 ex

353 1522 452 1561 agro
473 1508 665 1547 Romano
682 1516 792 1545 trans
811 1506 1015 1545 Anienem
1032 1505 1267 1545 submovere
1285 1521 1297 1554 3
1330 1504 1530 1558 collesque
1559 1504 1665 1543 inter

353 1565 525 1605 Fidenas
542 1574 663 1616 atque
699 1563 903 1603 Anienem
938 1572 1133 1617 ceperunt
1156 1566 1232 1616 (7),
1264 1560 1484 1601 referentes
1506 1560 1632 1601 castra
1651 1575 1662 1601 ε

353 1636 428 1662 nec
451 1620 543 1661 ante
566 1622 606 1660 in
628 1635 793 1673 campos
812 1619 1108 1673 degressi'sunt,
1123 1621 1256 1671 'quam
1280 1621 1340 1673 (8)
1363 1619 1541 1673 legiones
1563 1632 1662 1657 aux-

352 1679 422 1718 ilio
440 1678 688 1718 Faliscorum
722 1689 934 1716 venerunt.
994 1677 1106 1716 Turn
1136 1677 1302 1716 demum
1324 1675 1450 1714 castra
1472 1675 1662 1714 Etrusco-

352 1750 444 1775 rum
460 1751 533 1790 pro
555 1734 761 1774 moenibus
775 1734 1021 1774 Fidenarum
1034 1734 1170 1789 posita.
1192 1737 1231 1774 δε
1250 1732 1426 1773 (Ιὶᾶὶειῐοτ
1443 1732 1659 1788 Romanus

351 1793 462 1842 haud
485 1794 627 1846 procul
649 1792 741 1831 inde
770 1792 819 1831 ad
843 1791 1093 1832 confluentes
1115 1789 1293 1830 consedit
1314 1790 1356 1828 in
1379 1788 1585 1843 utriusque
1607 1789 1661 1847 ri-

352 1851 414 1903 pis
434 1851 580 1898 amnis,
612 1852 673 1902 (9)
697 1849 776 1901 qus
795 1848 905 1901 sequi
928 1848 1183 1887 munimento
1212 1856 1384 1902 poterat,
1415 1847 1519 1888 vallo
1537 1841 1661 1890 inter·-

352 1908 492 1963 posito.
516 1906 676 1961 postero
696 1906 759 1946 die
782 1906 823 1947 in
838 1905 965 1946 aciem
983 1905 1135 1947 eduxit.

353 2026 453 2065 prave
470 2024 727 2068 interpretando.
751 2025 786 2055 E.
832 2024 887 2065 (2)
910 2025 987 2055 V1d.
1000 2031 1067 2055 not.
1084 2035 1113 2060 4.
1135 2024 1175 2054 ad
1193 2034 1218 2055 c.
1238 2032 1290 2062 13.
1309 2020 1418 2064 supra.
1466 2021 1523 2063 (3)
1547 2019 1661 2066 Ratio*-

352 2080 410 2100 nes
437 2070 621 2100 redduntur
638 2080 695 2100 cur
723 2076 807 2100 atrox
825 2068 991 2099 dimicatio
1017 2068 1175 2106 instabat3
1198 2078 1327 2108 nempe,
1350 2074 1421 2098 tum
1437 2066 1514 2107 quia
1530 2065 1659 2097 finitimi

352 2113 467 2154 populi
495 2121 598 2148 erant,
624 2121 694 2145 tum
711 2113 788 2153 quia
810 2113 932 2144 bellum
949 2112 1050 2143 exorsi
1066 2121 1157 2143 erant
1185 2112 1225 2143 ab
1243 2109 1336 2142 causi
1364 2112 1430 2141 'tam
1448 2109 1595 2141 nefandii.
1619 2111 1656 2140 E.

351 2158 407 2197 (4)
422 2157 615 2201 Qiescente
627 2157 721 2198 plebe
732 2168 750 2188 a
763 2156 973 2188 seditionibus
991 2158 1033 2187 ob
1047 2168 1157 2187 curam
1175 2157 1215 2187 de
1232 2153 1354 2186 summit
1372 2155 1490 2186 rerum.
1514 2153 1572 2195 (5)
1588 2153 1659 2186 Alii

353 2203 439 2232 ultra
457 2201 619 2234 Anienem
644 2212 717 2232 cum
735 2201 925 2242 Vejentibus
954 2208 1189 2244 pugnaverant,
1208 2199 1481 2240 quemadmodum
1498 2198 1659 2229 Romulus

352 2247 386 2276 δε
399 2246 516 2277 Tullus
535 2245 691 2276 Hostilius
707 2262 713 2278 ;
730 2246 782 2277 hic
796 2253 904 2276 autem
916 2245 1039 2286 primus
1056 2245 1099 2275 cis
1116 2244 1289 2281 Anienem,
1304 2244 1335 2274 h.
1351 2254 1377 2274 e.
1392 2243 1478 2274 inter
1493 2242 1659 2274 Anienem

356 2292 387 2320 &
412 2293 563 2322 Romam.
589 2291 628 2322 E.
674 2289 729 2329 (6)
747 2291 826 2320 Haec
843 2290 921 2327 duo,
937 2300 1052 2331 nempe
1070 2288 1233 2330 potestatis
1250 2287 1443 2324 dictatoria-2,
1465 2297 1537 2328 quae
1555 2287 1660 2328 major

352 2335 395 2365 est
412 2334 585 2370 consulari,
608 2341 725 2370 terror,
751 2335 782 2364 ὃς
808 2333 912 2365 virtus
930 2335 1035 2364 Mam.
1053 2332 1176 2365 AEmilii
1201 2339 1300 2364 tantae
1328 2331 1476 2373 potestati
1495 2341 1565 2372 par,
1587 2339 1659 2362 tan-

352 2387 423 2411 tum
440 2379 491 2409 vel
508 2378 572 2409 sold
602 2377 686 2408 fama
702 2378 834 2410 valuere
860 2386 896 2409 ut
915 2378 1015 2409 hostes
1032 2378 1220 2409 recederent
1236 2388 1274 2409 ex
1302 2387 1380 2418 agro
1402 2378 1551 2407 Romano
1568 2382 1659 2407 trans

351 2424 525 2454 Anienem.
571 2424 745 2459 Submovere,
776 2433 838 2464 pro
855 2421 982 2454 efficere
999 2430 1035 2452 ut
1064 2421 1135 2463 quis
1153 2419 1302 2454 recedere
1329 2428 1484 2462 cogatur3
1507 2427 1543 2451 ut
1561 2420 1660 2461 supra

352 2469 372 2498 l.
391 2478 419 2498 2.
434 2479 462 2498 c.
481 2477 533 2508 59.
580 2467 636 2508 (7)
650 2468 776 2508 Nempe
793 2467 908 2499 hostes.
920 2467 985 2499 vid.
1003 2475 1068 2498 not.
1087 2476 1116 2497 2.
1131 2467 1172 2497 ad
1185 2477 1210 2497 c.
1228 2466 1312 2505 38.1.
1330 2475 1358 2504 3.
1373 2464 1479 2506 supra.
1524 2464 1578 2505 (8)
1596 2467 1659 2495 Le-

351 2511 463 2553 giones
477 2511 672 2542 Faliscorum
686 2519 848 2544 venerunt
860 2510 980 2547 auxilio
998 2510 1205 2542 Fidenatibus
1222 2511 1253 2540 &
1270 2509 1470 2551 Vejentibus.
1489 2510 1544 2550 (9)
1560 2509 1659 2540 Vallo

352 2555 544 2597 interposito
561 2555 595 2586 in
608 2566 646 2586 eo
660 2556 744 2592 loco,
768 2557 809 2586 ad
822 2567 919 2596 quem
936 2557 1037 2597 usque
1053 2555 1142 2595 sequi
1159 2555 1245 2597 ripas
1262 2554 1430 2594 utriusque
1446 2552 1549 2585 amnis
1566 2560 1658 2595 pote-

352 2608 403 2632 rat
420 2600 596 2631 muniendo
613 2600 646 2630 δε
667 2600 766 2631 castra
783 2602 936 2631 metando
950 2612 957 2638 ς
981 2611 1049 2641 quo
1066 2600 1145 2641 ripae
1162 2599 1330 2640 utriusque
1346 2598 1449 2630 amnis
1465 2608 1532 2629 non
1549 2597 1595 2629 ita
1610 2597 1658 2629 di-

350 2645 540 2688 vergebant,
564 2652 599 2677 ut
616 2655 684 2677 non
703 2644 804 2687 posset
822 2645 999 2678 secundum
1015 2656 1067 2678 eas
1084 2645 1183 2677 castra
1195 2645 1401 2688 protendere.
1517 2646 1520 2650 ’
1567 2649 1570 2652 ·
1590 2648 1592 2651 ’
1614 2642 1618 2649 ’

1350 2685 1511 2728 XVIII.
1543 2685 1655 2726 Inter
