<?xml version="1.0" encoding="UTF-8"?>
<!DOCTYPE html PUBLIC "-//W3C//DTD XHTML 1.0 Transitional//EN"
    "http://www.w3.org/TR/xhtml1/DTD/xhtml1-transitional.dtd">
<html xmlns="http://www.w3.org/1999/xhtml" xml:lang="en" lang="en">
 <head>
  <title>
</title>
<meta http-equiv="Content-Type" content="text/html;charset=utf-8" />
  <meta name='ocr-system' content='tesseract 3.04.00' />
  <meta name='ocr-capabilities' content='ocr_page ocr_carea ocr_par ocr_line ocrx_word'/>
</head>
<body>
  <div class='ocr_page' id='page_1' title='image "./historiaeromanae01livyuoft_0473.png"; bbox 0 0 1853 3158; ppageno 0'>
   <div class='ocr_carea' id='block_1_1' title="bbox 439 418 1219 463">
    <p class='ocr_par' dir='ltr' id='par_1_1' title="bbox 439 418 1219 463">
     <span class='ocr_line' id='line_1_1' title="bbox 439 418 1219 463; baseline 0 -1"><span class='ocrx_word' id='word_1_1' title='bbox 439 421 489 462; x_wconf 86' lang='grc' dir='ltr'><em>Τ.</em></span> <span class='ocrx_word' id='word_1_2' title='bbox 548 418 766 461; x_wconf 89' lang='lat' dir='ltr'>LIVII</span> <span class='ocrx_word' id='word_1_3' title='bbox 826 419 1219 463; x_wconf 89' lang='lat' dir='ltr'><strong>PATAVINI</strong></span> 
     </span>
    </p>
   </div>
   <div class='ocr_carea' id='block_1_2' title="bbox 209 573 1440 658">
    <p class='ocr_par' dir='ltr' id='par_1_2' title="bbox 209 573 1440 658">
     <span class='ocr_line' id='line_1_2' title="bbox 209 573 1440 658; baseline 0.002 -2"><span class='ocrx_word' id='word_1_4' title='bbox 209 573 1440 658; x_wconf 87' lang='lat' dir='ltr'><strong>HISTORIARUM</strong></span> 
     </span>
    </p>
   </div>
   <div class='ocr_carea' id='block_1_3' title="bbox 439 778 1210 828">
    <p class='ocr_par' dir='ltr' id='par_1_3' title="bbox 439 778 1210 828">
     <span class='ocr_line' id='line_1_3' title="bbox 439 778 1210 828; baseline -0.003 0"><span class='ocrx_word' id='word_1_5' title='bbox 439 782 529 828; x_wconf 82' lang='lat' dir='ltr'><em>AB</em></span> <span class='ocrx_word' id='word_1_6' title='bbox 586 781 797 827; x_wconf 89' lang='lat' dir='ltr'>URBE</span> <span class='ocrx_word' id='word_1_7' title='bbox 854 778 1210 827; x_wconf 85' lang='lat' dir='ltr'><strong>CONDITA</strong></span> 
     </span>
    </p>
   </div>
   <div class='ocr_carea' id='block_1_4' title="bbox 643 947 996 998">
    <p class='ocr_par' dir='ltr' id='par_1_4' title="bbox 643 947 996 998">
     <span class='ocr_line' id='line_1_4' title="bbox 643 947 996 998; baseline 0.003 -1"><span class='ocrx_word' id='word_1_8' title='bbox 643 947 996 998; x_wconf 76' lang='lat' dir='ltr'><em>LIBRI.³</em></span> 
     </span>
    </p>
   </div>
   <div class='ocr_carea' id='block_1_5' title="bbox 491 1117 1148 1160">
    <p class='ocr_par' dir='ltr' id='par_1_5' title="bbox 491 1117 1148 1160">
     <span class='ocr_line' id='line_1_5' title="bbox 491 1117 1148 1160; baseline 0.002 -2"><span class='ocrx_word' id='word_1_9' title='bbox 491 1117 748 1158; x_wconf 85' lang='lat' dir='ltr'>EPITOME</span> <span class='ocrx_word' id='word_1_10' title='bbox 780 1118 939 1160; x_wconf 87' lang='lat' dir='ltr'>LIBRI</span> <span class='ocrx_word' id='word_1_11' title='bbox 969 1118 1148 1159; x_wconf 69' lang='lat' dir='ltr'><strong>SEXTI„</strong></span> 
     </span>
    </p>
   </div>
   <div class='ocr_carea' id='block_1_6' title="bbox 164 1306 1471 2126">
    <p class='ocr_par' dir='ltr' id='par_1_6' title="bbox 164 1306 1471 2126">
     <span class='ocr_line' id='line_1_6' title="bbox 186 1306 1467 1380; baseline 0.005 -21"><span class='ocrx_word' id='word_1_12' title='bbox 186 1306 315 1362; x_wconf 73' lang='lat' dir='ltr'><em>RES</em></span> <span class='ocrx_word' id='word_1_13' title='bbox 353 1321 534 1363; x_wconf 62' lang='lat' dir='ltr'><em>adversim</em></span> <span class='ocrx_word' id='word_1_14' title='bbox 563 1322 633 1361; x_wconf 90' lang='lat' dir='ltr'><em>Vol</em></span> <span class='ocrx_word' id='word_1_15' title='bbox 643 1338 697 1362; x_wconf 76' lang='lat' dir='ltr'><em>cos</em></span> <span class='ocrx_word' id='word_1_16' title='bbox 721 1322 773 1363; x_wconf 68' lang='lat'><em>{53³</em></span> <span class='ocrx_word' id='word_1_17' title='bbox 794 1322 943 1377; x_wconf 83' lang='lat' dir='ltr'><em>AEquos</em></span> <span class='ocrx_word' id='word_1_18' title='bbox 967 1321 1018 1364; x_wconf 50' lang='grc' dir='ltr'><em>(Θ</em></span> <span class='ocrx_word' id='word_1_19' title='bbox 1039 1323 1278 1379; x_wconf 69' lang='grc' dir='ltr'><em>Ρνιεηςβίηω</em></span> <span class='ocrx_word' id='word_1_20' title='bbox 1301 1327 1467 1380; x_wconf 76' lang='lat' dir='ltr'><em>prospere</em></span> 
     </span>
     <span class='ocr_line' id='line_1_7' title="bbox 175 1379 1469 1436; baseline 0.003 -16"><span class='ocrx_word' id='word_1_21' title='bbox 175 1383 292 1436; x_wconf 67' lang='lat' dir='ltr'><em>gestas</em></span> <span class='ocrx_word' id='word_1_22' title='bbox 310 1382 477 1420; x_wconf 84' lang='lat' dir='ltr'><em>continet.</em></span> <span class='ocrx_word' id='word_1_23' title='bbox 542 1379 722 1434; x_wconf 60' lang='lat' dir='ltr'><em>Quatuor</em></span> <span class='ocrx_word' id='word_1_24' title='bbox 741 1380 860 1419; x_wconf 81' lang='lat' dir='ltr'><em>tribus</em></span> <span class='ocrx_word' id='word_1_25' title='bbox 890 1381 1138 1435; x_wconf 76' lang='lat' dir='ltr'><em>additaesunt,</em></span> <span class='ocrx_word' id='word_1_26' title='bbox 1170 1383 1232 1435; x_wconf 92' lang='lat'><em>(1)</em></span> <span class='ocrx_word' id='word_1_27' title='bbox 1263 1382 1469 1432; x_wconf 78' lang='lat' dir='ltr'><em>Stellatina,</em></span> 
     </span>
     <span class='ocr_line' id='line_1_8' title="bbox 182 1437 1470 1494; baseline 0.002 -16"><span class='ocrx_word' id='word_1_28' title='bbox 182 1440 370 1486; x_wconf 82' lang='lat' dir='ltr'><em>Sabatina,</em></span> <span class='ocrx_word' id='word_1_29' title='bbox 404 1437 659 1484; x_wconf 77' lang='lat' dir='ltr'><em>Tromentina,</em></span> <span class='ocrx_word' id='word_1_30' title='bbox 689 1437 893 1492; x_wconf 78' lang='lat' dir='ltr'><em>Arniensis.</em></span> <span class='ocrx_word' id='word_1_31' title='bbox 956 1438 1026 1477; x_wconf 88' lang='lat' dir='ltr'><em>M.</em></span> <span class='ocrx_word' id='word_1_32' title='bbox 1050 1437 1246 1489; x_wconf 83' lang='lat' dir='ltr'><em>Manlius,</em></span> <span class='ocrx_word' id='word_1_33' title='bbox 1274 1442 1338 1494; x_wconf 85' lang='lat' dir='ltr'><em>qui</em></span> <span class='ocrx_word' id='word_1_34' title='bbox 1358 1441 1470 1494; x_wconf 75' lang='lat' dir='ltr'><em>Capi-</em></span> 
     </span>
     <span class='ocr_line' id='line_1_9' title="bbox 178 1495 1469 1551; baseline 0.002 -16"><span class='ocrx_word' id='word_1_35' title='bbox 178 1497 303 1535; x_wconf 85' lang='lat' dir='ltr'><em>tolium</em></span> <span class='ocrx_word' id='word_1_36' title='bbox 324 1512 347 1534; x_wconf 84' lang='lat' dir='ltr'><em>a</em></span> <span class='ocrx_word' id='word_1_37' title='bbox 382 1495 504 1535; x_wconf 81' lang='lat' dir='ltr'><em>Gallis</em></span> <span class='ocrx_word' id='word_1_38' title='bbox 524 1495 749 1551; x_wconf 68' lang='lat' dir='ltr'><em>dffenderat,</em></span> <span class='ocrx_word' id='word_1_39' title='bbox 780 1511 891 1548; x_wconf 80' lang='lat' dir='ltr'><em>quum</em></span> <span class='ocrx_word' id='word_1_40' title='bbox 911 1496 1088 1550; x_wconf 60' lang='lat' dir='ltr'><em>offlriffos</em></span> <span class='ocrx_word' id='word_1_41' title='bbox 1107 1511 1175 1535; x_wconf 82' lang='lat' dir='ltr'><em>aere</em></span> <span class='ocrx_word' id='word_1_42' title='bbox 1205 1497 1319 1537; x_wconf 82' lang='lat' dir='ltr'><em>alieno</em></span> <span class='ocrx_word' id='word_1_43' title='bbox 1337 1498 1469 1538; x_wconf 76' lang='lat' dir='ltr'><em>libera-=</em></span> 
     </span>
     <span class='ocr_line' id='line_1_10' title="bbox 177 1552 1468 1609; baseline 0.002 -16"><span class='ocrx_word' id='word_1_44' title='bbox 177 1563 247 1602; x_wconf 87' lang='lat' dir='ltr'><em>ret,</em></span> <span class='ocrx_word' id='word_1_45' title='bbox 280 1568 385 1592; x_wconf 80' lang='lat' dir='ltr'><em>nexos</em></span> <span class='ocrx_word' id='word_1_46' title='bbox 418 1554 626 1607; x_wconf 73' lang='lat' dir='ltr'><em>exsolveret,</em></span> <span class='ocrx_word' id='word_1_47' title='bbox 656 1554 810 1591; x_wconf 85' lang='lat' dir='ltr'><em>crimine</em></span> <span class='ocrx_word' id='word_1_48' title='bbox 840 1552 1004 1609; x_wconf 62' lang='lat' dir='ltr'><em>affefflati</em></span> <span class='ocrx_word' id='word_1_49' title='bbox 1041 1555 1147 1607; x_wconf 85' lang='lat' dir='ltr'><em>regni</em></span> <span class='ocrx_word' id='word_1_50' title='bbox 1181 1554 1397 1607; x_wconf 81' lang='lat' dir='ltr'><em>damnatus,</em></span> <span class='ocrx_word' id='word_1_51' title='bbox 1426 1558 1468 1603; x_wconf 77' lang='lat' dir='ltr'><em>de</em></span> 
     </span>
     <span class='ocr_line' id='line_1_11' title="bbox 164 1609 1471 1668; baseline 0.002 -17"><span class='ocrx_word' id='word_1_52' title='bbox 164 1610 257 1665; x_wconf 69' lang='lat' dir='ltr'><em>fimo</em></span> <span class='ocrx_word' id='word_1_53' title='bbox 278 1613 337 1664; x_wconf 84' lang='lat'><em>(2)</em></span> <span class='ocrx_word' id='word_1_54' title='bbox 368 1609 524 1662; x_wconf 78' lang='lat' dir='ltr'><em>Tarpeio</em></span> <span class='ocrx_word' id='word_1_55' title='bbox 552 1610 708 1664; x_wconf 67' lang='lat' dir='ltr'><em>dejeHus</em></span> <span class='ocrx_word' id='word_1_56' title='bbox 737 1609 783 1664; x_wconf 58' lang='lat' dir='ltr'><em>{³st</em></span> <span class='ocrx_word' id='word_1_57' title='bbox 796 1628 809 1647; x_wconf 92' lang='lat'><em>.·</em></span> <span class='ocrx_word' id='word_1_58' title='bbox 840 1612 879 1649; x_wconf 89' lang='lat' dir='ltr'><em>in</em></span> <span class='ocrx_word' id='word_1_59' title='bbox 910 1612 1015 1665; x_wconf 59' lang='lat' dir='ltr'><em>cnjus</em></span> <span class='ocrx_word' id='word_1_60' title='bbox 1046 1619 1166 1650; x_wconf 84' lang='lat' dir='ltr'><em>notam</em></span> <span class='ocrx_word' id='word_1_61' title='bbox 1184 1613 1471 1668; x_wconf 68' lang='lat' dir='ltr'><em>senatuscorfitl-</em></span> 
     </span>
     <span class='ocr_line' id='line_1_12' title="bbox 174 1666 1467 1724; baseline 0.002 -16"><span class='ocrx_word' id='word_1_62' title='bbox 174 1669 415 1724; x_wconf 69' lang='lat' dir='ltr'><em>tumfafflum</em></span> <span class='ocrx_word' id='word_1_63' title='bbox 431 1668 491 1723; x_wconf 65' lang='lat' dir='ltr'><em>cst,</em></span> <span class='ocrx_word' id='word_1_64' title='bbox 523 1683 566 1706; x_wconf 84' lang='lat' dir='ltr'><em>ne</em></span> <span class='ocrx_word' id='word_1_65' title='bbox 585 1669 644 1705; x_wconf 83' lang='lat' dir='ltr'><em>cui</em></span> <span class='ocrx_word' id='word_1_66' title='bbox 664 1667 706 1706; x_wconf 84' lang='lat' dir='ltr'><em>de</em></span> <span class='ocrx_word' id='word_1_67' title='bbox 728 1666 890 1706; x_wconf 72' lang='lat' dir='ltr'><em>Manlid</em></span> <span class='ocrx_word' id='word_1_68' title='bbox 907 1677 1014 1721; x_wconf 86' lang='lat' dir='ltr'><em>gente</em></span> <span class='ocrx_word' id='word_1_69' title='bbox 1034 1667 1176 1708; x_wconf 84' lang='lat' dir='ltr'><em>Marco</em></span> <span class='ocrx_word' id='word_1_70' title='bbox 1197 1672 1260 1723; x_wconf 81' lang='lat'><em>(3)</em></span> <span class='ocrx_word' id='word_1_71' title='bbox 1281 1686 1467 1724; x_wconf 83' lang='lat' dir='ltr'><em>cognomen</em></span> 
     </span>
     <span class='ocr_line' id='line_1_13' title="bbox 173 1723 1467 1782; baseline 0.002 -18"><span class='ocrx_word' id='word_1_72' title='bbox 173 1727 263 1781; x_wconf 73' lang='lat' dir='ltr'><em>fft.</em></span> <span class='ocrx_word' id='word_1_73' title='bbox 326 1726 370 1766; x_wconf 90' lang='lat' dir='ltr'><em>C.</em></span> <span class='ocrx_word' id='word_1_74' title='bbox 406 1725 581 1763; x_wconf 82' lang='lat' dir='ltr'><em>Licinius</em></span> <span class='ocrx_word' id='word_1_75' title='bbox 616 1724 668 1765; x_wconf 53' lang='grc' dir='ltr'><em>Εἴ</em></span> <span class='ocrx_word' id='word_1_76' title='bbox 701 1723 753 1762; x_wconf 90' lang='lat' dir='ltr'><em>L.</em></span> <span class='ocrx_word' id='word_1_77' title='bbox 792 1724 936 1764; x_wconf 77' lang='lat' dir='ltr'><em>Sextius</em></span> <span class='ocrx_word' id='word_1_78' title='bbox 958 1727 1019 1779; x_wconf 83' lang='lat'><em>(4)</em></span> <span class='ocrx_word' id='word_1_79' title='bbox 1051 1727 1193 1765; x_wconf 79' lang='lat' dir='ltr'><em>tribuni</em></span> <span class='ocrx_word' id='word_1_80' title='bbox 1219 1727 1337 1780; x_wconf 83' lang='lat' dir='ltr'><em>plebis</em></span> <span class='ocrx_word' id='word_1_81' title='bbox 1357 1729 1467 1782; x_wconf 86' lang='lat' dir='ltr'><em>legem</em></span> 
     </span>
     <span class='ocr_line' id='line_1_14' title="bbox 167 1781 1468 1838; baseline 0.002 -16"><span class='ocrx_word' id='word_1_82' title='bbox 167 1783 471 1837; x_wconf 76' lang='lat' dir='ltr'><em>promulgarunt,</em></span> <span class='ocrx_word' id='word_1_83' title='bbox 502 1791 543 1821; x_wconf 85' lang='lat' dir='ltr'><em>ut</em></span> <span class='ocrx_word' id='word_1_84' title='bbox 564 1781 717 1836; x_wconf 79' lang='lat' dir='ltr'><em>confides</em></span> <span class='ocrx_word' id='word_1_85' title='bbox 737 1783 846 1821; x_wconf 84' lang='lat' dir='ltr'><em>etiam</em></span> <span class='ocrx_word' id='word_1_86' title='bbox 877 1798 920 1821; x_wconf 79' lang='lat' dir='ltr'><em>ex</em></span> <span class='ocrx_word' id='word_1_87' title='bbox 944 1783 1044 1835; x_wconf 84' lang='lat' dir='ltr'><em>plebe</em></span> <span class='ocrx_word' id='word_1_88' title='bbox 1050 1781 1209 1838; x_wconf 84' lang='lat' dir='ltr'><em>fierent,</em></span> <span class='ocrx_word' id='word_1_89' title='bbox 1239 1787 1304 1838; x_wconf 83' lang='lat' dir='ltr'><em>qui</em></span> <span class='ocrx_word' id='word_1_90' title='bbox 1323 1801 1366 1825; x_wconf 86' lang='lat' dir='ltr'><em>ex</em></span> <span class='ocrx_word' id='word_1_91' title='bbox 1387 1787 1468 1825; x_wconf 78' lang='lat' dir='ltr'><em>Pa-</em></span> 
     </span>
     <span class='ocr_line' id='line_1_15' title="bbox 172 1839 1469 1895; baseline 0.002 -15"><span class='ocrx_word' id='word_1_92' title='bbox 172 1842 292 1880; x_wconf 84' lang='lat' dir='ltr'><em>tribus</em></span> <span class='ocrx_word' id='word_1_93' title='bbox 311 1841 542 1880; x_wconf 76' lang='lat' dir='ltr'><em>creabantur.</em></span> <span class='ocrx_word' id='word_1_94' title='bbox 578 1854 726 1893; x_wconf 83' lang='lat' dir='ltr'><em>eamque</em></span> <span class='ocrx_word' id='word_1_95' title='bbox 744 1839 854 1893; x_wconf 83' lang='lat' dir='ltr'><em>legem</em></span> <span class='ocrx_word' id='word_1_96' title='bbox 875 1856 958 1879; x_wconf 86' lang='lat' dir='ltr'><em>cum</em></span> <span class='ocrx_word' id='word_1_97' title='bbox 980 1843 1119 1895; x_wconf 65' lang='lat' dir='ltr'><em>magnii</em></span> <span class='ocrx_word' id='word_1_98' title='bbox 1149 1844 1378 1893; x_wconf 81' lang='lat' dir='ltr'><em>contentione,</em></span> <span class='ocrx_word' id='word_1_99' title='bbox 1409 1860 1469 1883; x_wconf 81' lang='lat' dir='ltr'><em>re-</em></span> 
     </span>
     <span class='ocr_line' id='line_1_16' title="bbox 165 1898 1467 1955; baseline 0.003 -18"><span class='ocrx_word' id='word_1_100' title='bbox 165 1899 418 1953; x_wconf 82' lang='lat' dir='ltr'><em>pugnantibus</em></span> <span class='ocrx_word' id='word_1_101' title='bbox 435 1898 633 1947; x_wconf 83' lang='lat' dir='ltr'><em>Patribus,</em></span> <span class='ocrx_word' id='word_1_102' title='bbox 649 1913 762 1951; x_wconf 86' lang='lat' dir='ltr'><em>quum</em></span> <span class='ocrx_word' id='word_1_103' title='bbox 781 1898 888 1937; x_wconf 84' lang='lat' dir='ltr'><em>iidem</em></span> <span class='ocrx_word' id='word_1_104' title='bbox 901 1898 1042 1937; x_wconf 87' lang='lat' dir='ltr'><em>tribuni</em></span> <span class='ocrx_word' id='word_1_105' title='bbox 1054 1899 1170 1951; x_wconf 78' lang='lat' dir='ltr'><em>plebis</em></span> <span class='ocrx_word' id='word_1_106' title='bbox 1181 1909 1253 1952; x_wconf 86' lang='lat' dir='ltr'><em>per</em></span> <span class='ocrx_word' id='word_1_107' title='bbox 1267 1903 1467 1955; x_wconf 82' lang='lat' dir='ltr'><em>quinquen-</em></span> 
     </span>
     <span class='ocr_line' id='line_1_17' title="bbox 173 1955 1470 2011; baseline 0.003 -17"><span class='ocrx_word' id='word_1_108' title='bbox 173 1958 276 1996; x_wconf 78' lang='lat' dir='ltr'><em>nium</em></span> <span class='ocrx_word' id='word_1_109' title='bbox 298 1956 371 2011; x_wconf 87' lang='lat' dir='ltr'><em>soli</em></span> <span class='ocrx_word' id='word_1_110' title='bbox 406 1955 640 2011; x_wconf 68' lang='lat' dir='ltr'><em>magistratus</em></span> <span class='ocrx_word' id='word_1_111' title='bbox 661 1955 833 2011; x_wconf 68' lang='lat' dir='ltr'><em>fi‘ff&#39;nt’</em></span> <span class='ocrx_word' id='word_1_112' title='bbox 856 1956 1092 2008; x_wconf 78' lang='lat' dir='ltr'><em>pertulerunt</em></span> <span class='ocrx_word' id='word_1_113' title='bbox 1105 1978 1119 2001; x_wconf 91' lang='lat'><em>;</em></span> <span class='ocrx_word' id='word_1_114' title='bbox 1157 1956 1209 1998; x_wconf 59' lang='grc' dir='ltr'><em>ΕΘ*</em></span> <span class='ocrx_word' id='word_1_115' title='bbox 1239 1960 1391 2010; x_wconf 80' lang='lat' dir='ltr'><em>primus</em></span> <span class='ocrx_word' id='word_1_116' title='bbox 1423 1975 1470 1998; x_wconf 70' lang='lat' dir='ltr'><em>ex</em></span> 
     </span>
     <span class='ocr_line' id='line_1_18' title="bbox 165 2013 1467 2069; baseline 0.002 -16"><span class='ocrx_word' id='word_1_117' title='bbox 165 2015 267 2067; x_wconf 76' lang='lat' dir='ltr'><em>plebe</em></span> <span class='ocrx_word' id='word_1_118' title='bbox 285 2014 407 2068; x_wconf 75' lang='lat' dir='ltr'><em>consul</em></span> <span class='ocrx_word' id='word_1_119' title='bbox 423 2013 476 2052; x_wconf 89' lang='lat' dir='ltr'><em>L.</em></span> <span class='ocrx_word' id='word_1_120' title='bbox 502 2013 647 2052; x_wconf 79' lang='lat' dir='ltr'><em>Sextius</em></span> <span class='ocrx_word' id='word_1_121' title='bbox 661 2021 806 2052; x_wconf 83' lang='lat' dir='ltr'><em>creatus</em></span> <span class='ocrx_word' id='word_1_122' title='bbox 824 2013 881 2068; x_wconf 65' lang='grc' dir='ltr'><em>ψ,</em></span> <span class='ocrx_word' id='word_1_123' title='bbox 938 2014 1042 2053; x_wconf 82' lang='lat' dir='ltr'><em>Lata</em></span> <span class='ocrx_word' id='word_1_124' title='bbox 1062 2014 1108 2069; x_wconf 66' lang='lat' dir='ltr'><em>est</em></span> <span class='ocrx_word' id='word_1_125' title='bbox 1132 2014 1184 2055; x_wconf 59' lang='grc' dir='ltr'><em>ξδ’</em></span> <span class='ocrx_word' id='word_1_126' title='bbox 1202 2015 1320 2055; x_wconf 86' lang='lat' dir='ltr'><em>altera</em></span> <span class='ocrx_word' id='word_1_127' title='bbox 1333 2017 1404 2066; x_wconf 75' lang='lat' dir='ltr'><em>lex,</em></span> <span class='ocrx_word' id='word_1_128' title='bbox 1424 2033 1467 2056; x_wconf 81' lang='lat' dir='ltr'><em>ne</em></span> 
     </span>
     <span class='ocr_line' id='line_1_19' title="bbox 171 2070 1205 2126; baseline 0.001 -16"><span class='ocrx_word' id='word_1_129' title='bbox 171 2074 232 2111; x_wconf 77' lang='lat' dir='ltr'><em>cui</em></span> <span class='ocrx_word' id='word_1_130' title='bbox 243 2072 331 2126; x_wconf 80' lang='lat' dir='ltr'><em>plus</em></span> <span class='ocrx_word' id='word_1_131' title='bbox 350 2072 559 2126; x_wconf 81' lang='lat' dir='ltr'><em>quingentis</em></span> <span class='ocrx_word' id='word_1_132' title='bbox 567 2071 766 2125; x_wconf 80' lang='lat' dir='ltr'><em>jugeribus</em></span> <span class='ocrx_word' id='word_1_133' title='bbox 784 2073 871 2125; x_wconf 82' lang='lat' dir='ltr'><em>agri</em></span> <span class='ocrx_word' id='word_1_134' title='bbox 890 2071 1012 2111; x_wconf 84' lang='lat' dir='ltr'><em>liceret</em></span> <span class='ocrx_word' id='word_1_135' title='bbox 1023 2070 1205 2126; x_wconf 73' lang='lat' dir='ltr'><em>poffldere.</em></span> 
     </span>
    </p>
   </div>
   <div class='ocr_carea' id='block_1_7' title="bbox 168 2185 1465 2619">
    <p class='ocr_par' dir='ltr' id='par_1_7' title="bbox 168 2185 1465 2619">
     <span class='ocr_line' id='line_1_20' title="bbox 215 2185 1465 2232; baseline 0.003 -14"><span class='ocrx_word' id='word_1_136' title='bbox 215 2188 271 2228; x_wconf 93' lang='lat'><em>(1)</em></span> <span class='ocrx_word' id='word_1_137' title='bbox 294 2187 368 2218; x_wconf 90' lang='lat' dir='ltr'><em>Vid.</em></span> <span class='ocrx_word' id='word_1_138' title='bbox 389 2195 460 2219; x_wconf 89' lang='lat' dir='ltr'><em>not.</em></span> <span class='ocrx_word' id='word_1_139' title='bbox 486 2197 534 2218; x_wconf 94' lang='lat'><em>10.</em></span> <span class='ocrx_word' id='word_1_140' title='bbox 551 2187 591 2217; x_wconf 91' lang='lat' dir='ltr'><em>ad</em></span> <span class='ocrx_word' id='word_1_141' title='bbox 616 2197 641 2217; x_wconf 85' lang='lat' dir='ltr'><em>c.</em></span> <span class='ocrx_word' id='word_1_142' title='bbox 663 2195 692 2225; x_wconf 83' lang='lat'><em>5.</em></span> <span class='ocrx_word' id='word_1_143' title='bbox 716 2185 809 2219; x_wconf 63' lang='lat' dir='ltr'><em>infra.</em></span> <span class='ocrx_word' id='word_1_144' title='bbox 855 2187 913 2228; x_wconf 88' lang='lat'><em>(2)</em></span> <span class='ocrx_word' id='word_1_145' title='bbox 937 2189 1011 2219; x_wconf 79' lang='lat' dir='ltr'><em>Vox</em></span> <span class='ocrx_word' id='word_1_146' title='bbox 1030 2188 1153 2231; x_wconf 76' lang='lat' dir='ltr'><em>‘Tarpeio</em></span> <span class='ocrx_word' id='word_1_147' title='bbox 1176 2199 1243 2221; x_wconf 89' lang='lat' dir='ltr'><em>non</em></span> <span class='ocrx_word' id='word_1_148' title='bbox 1270 2199 1406 2232; x_wconf 86' lang='lat' dir='ltr'><em>apparet</em></span> <span class='ocrx_word' id='word_1_149' title='bbox 1430 2190 1465 2222; x_wconf 86' lang='lat' dir='ltr'><em>in</em></span> 
     </span>
     <span class='ocr_line' id='line_1_21' title="bbox 173 2231 1465 2276; baseline 0.005 -15"><span class='ocrx_word' id='word_1_150' title='bbox 173 2232 297 2272; x_wconf 76' lang='lat' dir='ltr'><em>aliquot</em></span> <span class='ocrx_word' id='word_1_151' title='bbox 323 2232 496 2263; x_wconf 84' lang='lat' dir='ltr'><em>codicibus.</em></span> <span class='ocrx_word' id='word_1_152' title='bbox 541 2234 582 2262; x_wconf 89' lang='lat' dir='ltr'><em>Et</em></span> <span class='ocrx_word' id='word_1_153' title='bbox 610 2231 730 2262; x_wconf 88' lang='lat' dir='ltr'><em>constat</em></span> <span class='ocrx_word' id='word_1_154' title='bbox 758 2231 943 2273; x_wconf 77' lang='lat' dir='ltr'><em>simpliciter</em></span> <span class='ocrx_word' id='word_1_155' title='bbox 957 2235 1065 2273; x_wconf 81' lang='lat' dir='ltr'><em>fizxum</em></span> <span class='ocrx_word' id='word_1_156' title='bbox 1091 2234 1201 2266; x_wconf 83' lang='lat' dir='ltr'><em>vocari</em></span> <span class='ocrx_word' id='word_1_157' title='bbox 1227 2243 1352 2276; x_wconf 88' lang='lat' dir='ltr'><em>partem</em></span> <span class='ocrx_word' id='word_1_158' title='bbox 1377 2236 1465 2267; x_wconf 81' lang='lat' dir='ltr'><em>illam</em></span> 
     </span>
     <span class='ocr_line' id='line_1_22' title="bbox 172 2275 1464 2319; baseline 0.003 -13"><span class='ocrx_word' id='word_1_159' title='bbox 172 2277 291 2307; x_wconf 87' lang='lat' dir='ltr'><em>montis</em></span> <span class='ocrx_word' id='word_1_160' title='bbox 308 2276 496 2318; x_wconf 83' lang='lat' dir='ltr'><em>Capitolini,</em></span> <span class='ocrx_word' id='word_1_161' title='bbox 517 2287 556 2307; x_wconf 85' lang='lat' dir='ltr'><em>ex</em></span> <span class='ocrx_word' id='word_1_162' title='bbox 572 2275 636 2316; x_wconf 58' lang='lat' dir='ltr'><em>quii</em></span> <span class='ocrx_word' id='word_1_163' title='bbox 651 2276 796 2307; x_wconf 88' lang='lat' dir='ltr'><em>damnati</em></span> <span class='ocrx_word' id='word_1_164' title='bbox 812 2276 1053 2317; x_wconf 86' lang='lat' dir='ltr'><em>dejiciebantur.</em></span> <span class='ocrx_word' id='word_1_165' title='bbox 1079 2278 1143 2310; x_wconf 88' lang='lat' dir='ltr'><em>vid.</em></span> <span class='ocrx_word' id='word_1_166' title='bbox 1155 2279 1241 2310; x_wconf 63' lang='lat' dir='ltr'><em>infre}</em></span> <span class='ocrx_word' id='word_1_167' title='bbox 1253 2280 1277 2312; x_wconf 86' lang='lat' dir='ltr'><em>l.</em></span> <span class='ocrx_word' id='word_1_168' title='bbox 1296 2289 1350 2319; x_wconf 68' lang='lat'><em>24.</em></span> <span class='ocrx_word' id='word_1_169' title='bbox 1367 2291 1392 2311; x_wconf 87' lang='lat' dir='ltr'><em>c.</em></span> <span class='ocrx_word' id='word_1_170' title='bbox 1411 2291 1464 2313; x_wconf 76' lang='lat'><em>20.</em></span> 
     </span>
     <span class='ocr_line' id='line_1_23' title="bbox 171 2320 1465 2366; baseline 0.003 -15"><span class='ocrx_word' id='word_1_171' title='bbox 171 2320 192 2350; x_wconf 91' lang='lat' dir='ltr'><em>l.</em></span> <span class='ocrx_word' id='word_1_172' title='bbox 210 2331 227 2352; x_wconf 89' lang='lat'>2</span> <span class='ocrx_word' id='word_1_173' title='bbox 231 2331 263 2360; x_wconf 83' lang='lat'><em>5.</em></span> <span class='ocrx_word' id='word_1_174' title='bbox 277 2332 307 2351; x_wconf 91' lang='lat' dir='ltr'><em>c.</em></span> <span class='ocrx_word' id='word_1_175' title='bbox 327 2330 355 2360; x_wconf 87' lang='lat'><em>7.</em></span> <span class='ocrx_word' id='word_1_176' title='bbox 399 2321 454 2362; x_wconf 87' lang='lat'><em>(3)</em></span> <span class='ocrx_word' id='word_1_177' title='bbox 478 2322 527 2352; x_wconf 85' lang='lat' dir='ltr'><em>Sic</em></span> <span class='ocrx_word' id='word_1_178' title='bbox 544 2320 641 2362; x_wconf 66' lang='lat' dir='ltr'><em>suprzi.</em></span> <span class='ocrx_word' id='word_1_179' title='bbox 662 2320 696 2351; x_wconf 91' lang='lat' dir='ltr'><em>in</em></span> <span class='ocrx_word' id='word_1_180' title='bbox 718 2320 803 2362; x_wconf 88' lang='lat' dir='ltr'><em>Epit.</em></span> <span class='ocrx_word' id='word_1_181' title='bbox 823 2321 842 2351; x_wconf 87' lang='lat'><em>1.</em></span> <span class='ocrx_word' id='word_1_182' title='bbox 860 2331 888 2353; x_wconf 84' lang='lat'><em>2.</em></span> <span class='ocrx_word' id='word_1_183' title='bbox 914 2326 955 2353; x_wconf 89' lang='lat' dir='ltr'><em>cui</em></span> <span class='ocrx_word' id='word_1_184' title='bbox 978 2325 1102 2354; x_wconf 85' lang='lat' dir='ltr'><em>Vindicio</em></span> <span class='ocrx_word' id='word_1_185' title='bbox 1128 2338 1220 2355; x_wconf 78' lang='lat' dir='ltr'><em>nomen</em></span> <span class='ocrx_word' id='word_1_186' title='bbox 1236 2328 1312 2366; x_wconf 82' lang='lat' dir='ltr'><em>fuit.</em></span> <span class='ocrx_word' id='word_1_187' title='bbox 1361 2327 1465 2356; x_wconf 85' lang='lat' dir='ltr'><em>Porro</em></span> 
     </span>
     <span class='ocr_line' id='line_1_24' title="bbox 171 2365 1465 2411; baseline 0.005 -16"><span class='ocrx_word' id='word_1_188' title='bbox 171 2376 233 2406; x_wconf 87' lang='lat' dir='ltr'><em>pro</em></span> <span class='ocrx_word' id='word_1_189' title='bbox 248 2378 384 2407; x_wconf 80' lang='lat' dir='ltr'><em>cognomen</em></span> <span class='ocrx_word' id='word_1_190' title='bbox 408 2366 496 2397; x_wconf 87' lang='lat' dir='ltr'><strong>haud</strong></span> <span class='ocrx_word' id='word_1_191' title='bbox 517 2365 614 2397; x_wconf 59' lang='lat' dir='ltr'>dubi&amp;</span> <span class='ocrx_word' id='word_1_192' title='bbox 639 2366 864 2406; x_wconf 87' lang='lat' dir='ltr'><em>reponendum</em></span> <span class='ocrx_word' id='word_1_193' title='bbox 879 2367 922 2397; x_wconf 88' lang='lat' dir='ltr'><em>est</em></span> <span class='ocrx_word' id='word_1_194' title='bbox 938 2367 989 2398; x_wconf 83' lang='lat' dir='ltr'><em>vel</em></span> <span class='ocrx_word' id='word_1_195' title='bbox 1007 2376 1175 2410; x_wconf 64' lang='lat' dir='ltr'><em>pneumam,</em></span> <span class='ocrx_word' id='word_1_196' title='bbox 1205 2369 1258 2400; x_wconf 76' lang='lat' dir='ltr'><em>vel</em></span> <span class='ocrx_word' id='word_1_197' title='bbox 1283 2368 1391 2411; x_wconf 70' lang='lat' dir='ltr'><em>potifis</em></span> <span class='ocrx_word' id='word_1_198' title='bbox 1418 2384 1465 2400; x_wconf 81' lang='lat' dir='ltr'><em>no·</em></span> 
     </span>
     <span class='ocr_line' id='line_1_25' title="bbox 170 2410 1464 2453; baseline 0.005 -14"><span class='ocrx_word' id='word_1_199' title='bbox 170 2423 240 2439; x_wconf 78' lang='lat' dir='ltr'><em>men.</em></span> <span class='ocrx_word' id='word_1_200' title='bbox 288 2411 397 2441; x_wconf 83' lang='lat' dir='ltr'><em>Nomen</em></span> <span class='ocrx_word' id='word_1_201' title='bbox 426 2411 457 2440; x_wconf 84' lang='lat'>&amp;</span> <span class='ocrx_word' id='word_1_202' title='bbox 483 2423 619 2453; x_wconf 81' lang='lat' dir='ltr'><em>cognomen</em></span> <span class='ocrx_word' id='word_1_203' title='bbox 645 2410 721 2441; x_wconf 76' lang='lat' dir='ltr'><em>alibi</em></span> <span class='ocrx_word' id='word_1_204' title='bbox 748 2410 831 2451; x_wconf 81' lang='lat' dir='ltr'><em>saepe</em></span> <span class='ocrx_word' id='word_1_205' title='bbox 854 2410 889 2441; x_wconf 79' lang='lat' dir='ltr'><em>in</em></span> <span class='ocrx_word' id='word_1_206' title='bbox 913 2412 1020 2444; x_wconf 83' lang='lat' dir='ltr'><em>Mfftis</em></span> <span class='ocrx_word' id='word_1_207' title='bbox 1046 2421 1301 2445; x_wconf 83' lang='lat' dir='ltr'><em>commutantur.</em></span> <span class='ocrx_word' id='word_1_208' title='bbox 1326 2413 1380 2444; x_wconf 61' lang='lat' dir='ltr'><em>hic</em></span> <span class='ocrx_word' id='word_1_209' title='bbox 1407 2426 1464 2446; x_wconf 85' lang='lat' dir='ltr'><em>au-</em></span> 
     </span>
     <span class='ocr_line' id='line_1_26' title="bbox 169 2454 1463 2498; baseline 0.003 -14"><span class='ocrx_word' id='word_1_210' title='bbox 169 2462 235 2485; x_wconf 81' lang='lat' dir='ltr'><em>tem</em></span> <span class='ocrx_word' id='word_1_211' title='bbox 261 2465 299 2485; x_wconf 80' lang='lat' dir='ltr'><em>ex</em></span> <span class='ocrx_word' id='word_1_212' title='bbox 316 2454 506 2495; x_wconf 79' lang='lat' dir='ltr'><em>repetitione</em></span> <span class='ocrx_word' id='word_1_213' title='bbox 532 2454 653 2486; x_wconf 83' lang='lat' dir='ltr'><em>ultimae</em></span> <span class='ocrx_word' id='word_1_214' title='bbox 679 2454 808 2497; x_wconf 81' lang='lat' dir='ltr'>syllabae</span> <span class='ocrx_word' id='word_1_215' title='bbox 832 2455 921 2487; x_wconf 82' lang='lat' dir='ltr'><em>vocis</em></span> <span class='ocrx_word' id='word_1_216' title='bbox 942 2458 1152 2498; x_wconf 86' lang='lat' dir='ltr'><em>praecedentis</em></span> <span class='ocrx_word' id='word_1_217' title='bbox 1168 2459 1202 2490; x_wconf 91' lang='lat' dir='ltr'><em>id</em></span> <span class='ocrx_word' id='word_1_218' title='bbox 1226 2466 1318 2490; x_wconf 86' lang='lat' dir='ltr'>tanto</span> <span class='ocrx_word' id='word_1_219' title='bbox 1340 2458 1463 2489; x_wconf 73' lang='lat' dir='ltr'><em>facilifis</em></span> 
     </span>
     <span class='ocr_line' id='line_1_27' title="bbox 169 2498 1463 2545; baseline 0.003 -16"><span class='ocrx_word' id='word_1_220' title='bbox 169 2498 316 2530; x_wconf 82' lang='lat' dir='ltr'><em>accidiffe</em></span> <span class='ocrx_word' id='word_1_221' title='bbox 340 2498 456 2540; x_wconf 87' lang='lat' dir='ltr'><em>potuit.</em></span> <span class='ocrx_word' id='word_1_222' title='bbox 481 2500 535 2541; x_wconf 87' lang='lat'><em>(4)</em></span> <span class='ocrx_word' id='word_1_223' title='bbox 562 2501 609 2530; x_wconf 86' lang='lat' dir='ltr'><em>Ita</em></span> <span class='ocrx_word' id='word_1_224' title='bbox 630 2501 716 2530; x_wconf 76' lang='lat' dir='ltr'><em>recte</em></span> <span class='ocrx_word' id='word_1_225' title='bbox 738 2499 863 2532; x_wconf 83' lang='lat' dir='ltr'><em>codices</em></span> <span class='ocrx_word' id='word_1_226' title='bbox 884 2500 994 2543; x_wconf 85' lang='lat' dir='ltr'><em>scripti</em></span> <span class='ocrx_word' id='word_1_227' title='bbox 1019 2503 1138 2544; x_wconf 71' lang='lat' dir='ltr'><em>plureS.</em></span> <span class='ocrx_word' id='word_1_228' title='bbox 1182 2504 1290 2545; x_wconf 64' lang='lat' dir='ltr'>Vulgi)</span> <span class='ocrx_word' id='word_1_229' title='bbox 1306 2504 1463 2535; x_wconf 87' lang='lat' dir='ltr'><em>edebatur</em></span> 
     </span>
     <span class='ocr_line' id='line_1_28' title="bbox 169 2543 1462 2589; baseline 0.005 -16"><span class='ocrx_word' id='word_1_230' title='bbox 169 2545 276 2586; x_wconf 64' lang='lat' dir='ltr'><em>Sssius.</em></span> <span class='ocrx_word' id='word_1_231' title='bbox 322 2545 382 2574; x_wconf 84' lang='lat' dir='ltr'><em>Sed</em></span> <span class='ocrx_word' id='word_1_232' title='bbox 399 2543 484 2574; x_wconf 83' lang='lat' dir='ltr'><em>Sestii</em></span> <span class='ocrx_word' id='word_1_233' title='bbox 501 2543 629 2586; x_wconf 85' lang='lat' dir='ltr'><em>patricii</em></span> <span class='ocrx_word' id='word_1_234' title='bbox 645 2546 790 2582; x_wconf 82' lang='lat' dir='ltr'><em>fuerunt,</em></span> <span class='ocrx_word' id='word_1_235' title='bbox 805 2545 837 2575; x_wconf 65' lang='grc' dir='ltr'><em>δε</em></span> <span class='ocrx_word' id='word_1_236' title='bbox 855 2545 929 2577; x_wconf 86' lang='lat' dir='ltr'><em>hinc</em></span> <span class='ocrx_word' id='word_1_237' title='bbox 947 2547 1072 2579; x_wconf 84' lang='lat' dir='ltr'><em>tribuni</em></span> <span class='ocrx_word' id='word_1_238' title='bbox 1088 2547 1190 2589; x_wconf 80' lang='lat' dir='ltr'><em>plebis</em></span> <span class='ocrx_word' id='word_1_239' title='bbox 1206 2547 1266 2579; x_wconf 83' lang='lat' dir='ltr'><em>effe</em></span> <span class='ocrx_word' id='word_1_240' title='bbox 1283 2559 1350 2579; x_wconf 91' lang='lat' dir='ltr'><em>non</em></span> <span class='ocrx_word' id='word_1_241' title='bbox 1366 2556 1462 2589; x_wconf 78' lang='lat' dir='ltr'><em>potu-</em></span> 
     </span>
     <span class='ocr_line' id='line_1_29' title="bbox 168 2595 276 2619; baseline 0.009 -1"><span class='ocrx_word' id='word_1_242' title='bbox 168 2595 276 2619; x_wconf 85' lang='lat' dir='ltr'><em>erunt.</em></span> 
     </span>
    </p>
   </div>
   <div class='ocr_carea' id='block_1_8' title="bbox 224 2649 1459 2692">
    <p class='ocr_par' dir='ltr' id='par_1_8' title="bbox 224 2649 1459 2692">
     <span class='ocr_line' id='line_1_30' title="bbox 224 2649 1459 2692; baseline 0.002 -3"><span class='ocrx_word' id='word_1_243' title='bbox 224 2649 344 2690; x_wconf 85' lang='lat' dir='ltr'><em>ToM.</em></span> <span class='ocrx_word' id='word_1_244' title='bbox 367 2650 420 2690; x_wconf 84' lang='grc' dir='ltr'><em>ΙΙ.</em></span> <span class='ocrx_word' id='word_1_245' title='bbox 827 2649 858 2687; x_wconf 91' lang='grc' dir='ltr'>Β</span> <span class='ocrx_word' id='word_1_246' title='bbox 1303 2654 1353 2692; x_wconf 82' lang='lat' dir='ltr'><em>T.</em></span> <span class='ocrx_word' id='word_1_247' title='bbox 1386 2653 1459 2692; x_wconf 85' lang='lat' dir='ltr'><em>LI·</em></span> 
     </span>
    </p>
   </div>
  </div>
 </body>
</html>
