1853 3158
163 311 220 356 52
805 298 1175 342 T.L1VII

385 416 455 470 ipsi>
476 415 541 455 telo
562 414 624 469 (8)
637 415 842 455 tutabimur
854 416 1004 470 plebem.
1036 416 1252 471 Agitedum,
1269 414 1410 455 comitia
1424 413 1584 465 indicite,
1599 414 1681 454 Pa-

386 483 478 522 tres,
492 473 651 512 tribunis
672 474 831 513 militum
845 474 1025 514 creandis.
1025 474 1139 530 faxo,
1155 489 1199 513 ne
1199 475 1314 528 juvet
1327 488 1397 511 vox
1409 472 1489 527 ssa,
1509 473 1548 511 V
1546 472 1680 521 ETO,

387 532 467 583 qud
488 545 585 570 nunc
605 532 825 571 concinentes
844 532 993 586 collegas
1013 532 1143 587 nqstros
1162 540 1239 570 tam
1260 531 1332 570 laeti
1343 531 1494 569 auditis.
1555 529 1681 569 Haud

391 588 513 628 irritae
543 589 722 628 cecidere
744 589 888 629 minae:
919 590 1098 639 comitia,
1129 598 1274 644 praeter
1295 587 1471 628 aedilium
1502 586 1684 626 tribuno-

391 659 564 699 rumque
590 646 731 701 plebis,
762 648 871 686 nulla
891 641 982 686 stint
1014 646 1161 687 habita.
1222 646 1404 686 Licinius
1431 643 1688 696 Sextiusque,

171 718 258 751 Num
270 715 374 746 curules
392 703 544 743 tribuni
577 703 703 758 plebis
735 704 891 753 refecti,
923 705 1055 744 nullos
1090 705 1248 744 curules
1282 702 1534 758 magistratus
1560 700 1687 741 creari

169 763 344 813 wwistra‘us
393 761 487 815 passi
520 761 622 802 sunt.
655 775 780 815 eaque
815 762 986 802 solitudo
1019 761 1338 816 magistratuum,
1372 763 1412 801 &
1445 759 1560 813 plebe
1595 757 1689 797 refi-

162 815 376 859 pfrqumqum-
394 820 524 860 ciente
545 820 646 859 duos
667 819 863 870 tribunos,
896 822 933 859 &
960 819 1022 859 his
1053 818 1215 859 comitia
1234 818 1490 858 tribunorum
1512 816 1689 856 militum

166 864 249 885 mum.
393 876 642 928 tollentibus,
674 891 744 930 per
764 877 1086 931 quinquennium
1109 875 1249 917 urbem
1272 877 1332 930 (9)
1353 875 1495 915 tenuit.
1521 918 1524 921 Δ

451 934 651 974 XXXVI.
687 935 777 974 Alia
799 934 900 974 bella
916 933 1141 989 opportune
1159 934 1344 987 quievere
1361 948 1370 973 t
1400 930 1601 971 Veliterni
1621 944 1689 971 co-

392 993 494 1043 loni,
523 995 585 1046 (1)
605 991 816 1046 gestientes
837 993 935 1041 otio,
967 991 1078 1046 quod
1099 993 1233 1032 nullus
1254 991 1454 1031 exercitus
1476 990 1691 1030 Romanus

393 1050 502 1098 esset,
527 1052 565 1090 &
601 1052 663 1102 (2)
682 1063 824 1103 agrum
846 1050 1082 1089 Romanum
1102 1048 1312 1103 aliquoties
1346 1047 1609 1096 incursavere,
1648 1048 1689 1086 δε

393 1106 619 1146 Tusculum
640 1119 873 1160 oppugnare
895 1107 1025 1146 adorti
1052 1107 1156 1147 sunt.
1188 1121 1313 1161 eaque
1340 1120 1417 1155 res,
1447 1104 1691 1146 Tusculanis

394 1163 595 1203 veteribus
609 1162 742 1214 sociis,
760 1163 872 1203 novis
891 1163 1060 1214 civibus,
1073 1179 1192 1217 opem
1206 1164 1430 1213 orantibus,
1449 1160 1693 1203 verecundia

396 1219 571 1260 maxime
612 1234 695 1260 non
732 1222 871 1261 Patres
906 1219 1047 1271 modo,
1079 1221 1145 1260 sed
1179 1222 1300 1260 etiam
1334 1221 1508 1275 plebem,
1550 1219 1689 1259 movit.

172 1272 215 1303 Π
232 1280 263 1345 ξς
283 1268 355 1345 3Ξ5·
398 1282 461 1333 (3)
492 1277 812 1318 Remittentibus
829 1277 999 1318 tribunis
1016 1277 1157 1331 plebis,
1178 1279 1339 1318 comitia
1361 1292 1430 1332 per
1451 1279 1693 1331 interregem

172 1319 378 1391 sisFs1r3io71'1.
399 1336 491 1376 sunt
521 1336 683 1384 habita3
730 1336 933 1388 creatique
974 1336 1125 1376 tribuni
1156 1335 1331 1374 militum
1363 1336 1412 1374 L.
1447 1336 1607 1384 Furius,
1642 1336 1695 1374 Α.

170 1405 304 1437 &c.'1'r,
400 1395 597 1445 Manlius,
628 1393 714 1433 Ser.
742 1393 959 1447 Sulpicius,
990 1394 1076 1433 Ser.
1111 1392 1339 1442 Cornelius,
1370 1394 1416 1433 P.
1453 1395 1494 1433 &
1527 1393 1577 1433 C.
1611 1392 1695 1432 Va-

178 1449 255 1482 Mss·
398 1452 502 1502 lerii,
533 1451 848 1505 haudquaquam
869 1461 951 1491 tam
972 1450 1227 1491 obedientem
1248 1451 1290 1489 in
1307 1450 1482 1498 delectu,
1514 1449 1637 1502 quam
1653 1449 1696 1490 in

398 1510 590 1559 comitiis,
621 1509 779 1563 plebem
808 1507 1010 1549 habuere:
1042 1509 1276 1564 ingentique
1307 1508 1564 1547 contentione
1585 1519 1698 1546 exer-

399 1568 483 1608 citu
505 1567 651 1621 scripto
671 1567 860 1621 profecti,
892 1581 974 1606 non
1008 1567 1057 1606 ab
1087 1567 1267 1607 Tusculo
1301 1564 1424 1605 modo
1446 1566 1696 1605 summovere

398 1625 570 1674 hostem,
602 1625 669 1664 sed
691 1625 794 1664 intra
817 1625 970 1664 suamet
990 1624 1120 1678 ipsum
1148 1624 1300 1664 moenia
1322 1624 1566 1677 compulere.
1598 1621 1698 1662 obsi„

240 1729 247 1736 ι
400 1682 678 1735 debanturque
694 1682 803 1722 haud
819 1683 955 1736 paullo
969 1683 1008 1722 vi
1024 1685 1175 1737 majore
1198 1682 1380 1732 Velitrae,
1403 1680 1525 1734 quam
1541 1679 1699 1720 Tuscu-

179 1730 298 1780 Vilztrae
313 1726 359 1757 οὗ·
401 1741 486 1780 lum
508 1739 702 1780 obseffum
724 1739 879 1780 fuerat:
910 1754 983 1780 nec
1020 1749 1155 1779 tamen
1177 1739 1227 1778 ab
1258 1740 1329 1787 eis,
1361 1754 1384 1778 a
1419 1737 1564 1792 quibus
1597 1736 1698 1777 obli—

168 1775 268 1848 sgsaec
287 1817 359 1856 336·
403 1799 487 1838 deri
509 1807 653 1852 coeptae
674 1807 805 1848 erant,
836 1797 1056 1851 expugnari
1089 1807 1268 1850 potuere.
1331 1797 1440 1836 Ante
1462 1795 1555 1834 novi
1578 1794 1698 1834 creati

181 1865 223 1894 A.
238 1864 272 1892 C.
291 1862 369 1901 366.
403 1856 494 1896 sunt
520 1856 670 1895 tribuni
701 1855 893 1904 militum,
925 1855 1221 1913 QServilius‚
1254 1853 1302 1894 C.
1323 1854 1535 1901 Veturius,
1568 1853 1620 1892 A.
1656 1855 1697 1893 δε

183 1907 377 1983 ξῖκὲὃὲἶνηῖθ
403 1914 470 1955 M.
492 1912 686 1963 Cornelii,
718 1912 1034 1971 QQinzffius,
1066 1913 1127 1952 M.
1167 1910 1325 1951 Fabius.
1359 1911 1460 1950 nihil
1494 1924 1544 1950 ne
1567 1909 1615 1949 ab
1635 1909 1699 1949 his

184 1976 240 2030 “Jr
258 1964 322 2029 Mei]
404 1972 569 2028 quidem
605 1971 776 2011 tribunis
817 1972 867 2011 ad
901 1971 1078 2011 Velitras
1118 1968 1377 2008 memorabile
1419 1968 1588 2008 factum.
1650 1967 1698 2007 In

324 2020 332 2028 ⁵
404 2030 556 2083 majore
596 2028 822 2072 discrimine
861 2029 973 2069 domi
1007 2042 1070 2068 res
1104 2026 1384 2067 vertebantur:
1419 2040 1514 2065 nam
1555 2034 1700 2079 praevter

404 2086 589 2129 Sextium
610 2086 897 2139 Liciniumque
919 2088 1062 2126 latores
1078 2086 1229 2140 legum,
1257 2086 1341 2139 jam
1362 2081 1554 2124 octavum
1575 2082 1701 2123 tribu-

404 2158 478 2184 nos
513 2143 638 2197 plebis
674 2143 867 2193 refectos,
910 2144 1056 2184 Fabius
1093 2156 1254 2196 quoque
1290 2142 1475 2182 tribunus
1509 2141 1701 2188 militum,

405 2201 583 2242 Stolonis
606 2201 728 2249 socer,
760 2215 931 2254 quarum
952 2202 1088 2256 legum
1110 2200 1252 2240 auctor
1273 2199 1419 2248 fuerat,
1450 2213 1588 2239 earum
1615 2198 1703 2238 sua-

408 2259 537 2301 sorem
558 2258 596 2300 se
617 2257 726 2299 haud
747 2256 916 2299 dubium
933 2259 1098 2299 ferebat.
1125 2261 1180 2309 &,
1202 2272 1328 2312 quum
1350 2258 1446 2298 oeno
1462 2271 1510 2296 ex
1532 2256 1702 2310 collegio

1447 2314 1703 2355 tribunorum

409 2445 436 2467 e.
456 2433 487 2472 6,
502 2442 534 2474 9,
549 2432 581 2464 δι
600 2442 650 2473 35.
695 2432 751 2475 (8)
776 2433 872 2464 ‘Telum
890 2431 941 2464 h'ic
959 2432 1095 2465 sumitur
1111 2443 1173 2475 pro
1195 2443 1230 2464 re
1253 2431 1317 2473 qu&
1342 2432 1371 2464 se
1396 2430 1530 2473 quisque
1551 2430 1703 2462 defendat

409 2487 525 2510 contra
542 2479 672 2510 hostem.
717 2478 868 2510 Similiter
889 2478 1050 2511 Sallustius
1067 2479 1134 2510 vim
1149 2478 1359 2509 tribuniciam
1374 2484 1470 2508 vocat
1485 2478 1567 2507 telum
1579 2476 1705 2505 libertati

404 2531 551 2566 paratum.
579 2526 700 2565 Fragm.
716 2524 736 2554 l.
750 2533 778 2563 3.
796 2523 964 2556 Histor.i11
985 2525 1041 2555 Or.
1056 2523 1184 2555 Licinii.
1229 2524 1285 2565 (9)
1308 2525 1382 2554 Vox
1397 2523 1489 2553 urbem
1508 2519 1621 2552 melius
1638 2520 1704 2550 for-

412 2567 488 2600 taffe
501 2567 628 2600 abesset.
653 2567 718 2599 vid.
733 2570 753 2611 †
768 2575 864 2600 tenere.

458 2632 494 2662 C.
514 2630 566 2670 36,
591 2630 646 2671 (Ι)
670 2630 772 2673 Supra
783 2631 802 2662 l.
821 2641 847 2662 1.
864 2642 889 2662 c.
908 2640 958 2672 19.
983 2630 1062 2662 dixit
1079 2633 1224 2662 luxuriari
1248 2632 1309 2662 otio.
1331 2631 1370 2661 E.
1416 2627 1472 2671 (2)
1494 2629 1587 2670 Agros
1613 2629 1705 2657 incur-

402 2677 474 2717 fizre
491 2675 631 2706 occurrit
648 2675 745 2717 supra
758 2675 778 2706 l.
790 2685 822 2707 2.
836 2687 860 2707 c.
878 2676 930 2714 48.
953 2676 973 2707 l.
991 2686 1022 2715 5.
1038 2687 1062 2707 c.
1078 2686 1127 2716 31.
1152 2676 1183 2706 δε
1196 2675 1282 2706 alibi.
1327 2675 1387 2706 Sed
1403 2674 1435 2704 δε
1451 2671 1621 2714 aliquoties
1633 2682 1705 2702 ver-

412 2721 492 2751 bum
508 2720 703 2752 construitur
719 2731 793 2751 cum
810 2720 1034 2762 praepofitione
1050 2723 1078 2752 in
1095 2729 1131 2752 ut
1148 2720 1234 2751 infra
1253 2721 1272 2751 1.
1290 2719 1318 2752 8.
1335 2731 1360 2750 c.
1378 2719 1429 2758 38.
1451 2719 1589 2758 incurfizre
1604 2720 1632 2747 in
1648 2718 1707 2757 hqs-

412 2772 475 2796 tem.
496 2765 550 2808 (3)
562 2764 816 2799 Remittentibu's
832 2773 1005 2806 certamen,
1018 2765 1281 2798 intercessionem.
1296 2764 1361 2797 vid.
1375 2766 1394 2806 †
1407 2766 1552 2796 remittere.
1570 2769 1575 2772 ·

1486 2807 1542 2850 (4)
1565 2808 1704 2850 Stupt’ntes
