1853 3158
176 264 259 314 328

179 1640 221 1669 U.
237 1648 262 1668 c.
278 1637 351 1676 346.

179 1688 220 1714 Α.
239 1684 273 1713 C
294 1681 368 1718 406.

179 1729 240 1758 Cn.
262 1728 384 1758 Corne-

176 1771 384 1807 lio,L.Furio

179 1818 215 1850 ll.
228 1815 310 1848 Coff.

181 1925 334 1966 Qrcfsteres

860 264 912 306 T.
973 264 1232 308 LIVII

400 377 516 417 camd
543 376 825 417 detra-&antibus
857 380 1028 420 militiam
1065 383 1253 431 inhibenti,
1284 381 1424 422 auxilio
1441 382 1600 438 futuros
1630 384 1704 439 ff.

400 435 495 475 Hoc
519 435 679 475 decreto
715 435 854 476 consul
876 448 1051 478 armatus
1074 454 1201 492 quum
1227 440 1380 493 paucis,
1412 441 1705 493 appellantibus

402 491 630 542 tribunum,
662 493 812 532 collum
846 495 1007 535 torsisset
1042 499 1120 549 (2),
1152 506 1263 536 metu
1297 497 1418 536 ceteri
1459 497 1706 537 sacramento

402 549 551 588 dixere.
612 549 779 590 Du&us
796 552 992 592 exercitus
1010 554 1057 592 ad
1081 555 1378 594 Carventanam
1399 567 1549 605 arcem,
1581 567 1708 607 quana

403 620 526 658 quam
550 608 611 660 (3)
641 607 789 647 invisus
811 608 1055 663 infestusque
1078 611 1229 651 consuli
1251 621 1351 661 erat,
1384 611 1554 666 impigre
1575 611 1708 664 primo

403 663 536 704 statim
560 665 750 716 adventu,
783 665 950 720 dejedhs
973 668 1040 720 qui
1064 667 1104 707 in
1130 669 1311 722 praesidio
1333 678 1460 717 erant,
1493 681 1625 708 arcem
1647 681 1707 707 re-

404 720 514 774 cipit.
537 722 794 775 praedatores,
811 737 859 763 ex
877 725 1057 778 praesidio
1079 740 1149 779 per
1165 725 1451 779 negligentiam
1466 725 1619 778 dilapfi,
1641 738 1710 764 oca

404 777 603 818 cafionem
641 793 830 832 aperuere
865 782 914 820 ad
936 782 1220 821 invadendum.
1282 782 1433 822 Praedae
1467 796 1516 822 ex
1550 782 1708 821 affiduis

402 836 746 890 populationibus,
790 838 902 890 quod
935 839 1070 877 onmia
1103 839 1143 878 in
1181 840 1315 878 locum
1350 849 1485 879 tutum
1522 838 1709 893 congesta

403 902 532 944 erant,
564 892 641 933 fuit
656 894 921 947 aliquantum.
937 896 1146 936 venditum
1168 895 1239 935 sub
1260 896 1371 936 hasta
1391 895 1530 936 consul
1551 896 1591 935 in
1613 909 1711 935 aera-

402 949 511 990 rium
533 951 713 1005 redigere
729 953 945 1004 quaestores
962 953 1097 1008 jussit3
1121 964 1208 993 tum
1231 954 1453 1007 praedicans
1470 953 1707 1007 participem

402 1008 550 1061 praedae
584 1007 670 1047 fore
703 1010 940 1060 exercitum,
996 1025 1123 1063 quum
1160 1011 1343 1050 militiam
1385 1025 1468 1050 non
1502 1010 1708 1050 abnuiffet.

406 1064 555 1105 Au&ae
592 1065 684 1104 inde
718 1066 844 1119 plebis
878 1081 922 1119 ac
961 1067 1135 1106 militum
1158 1068 1198 1106 in
1221 1068 1424 1107 consulem
1456 1068 1537 1107 irae.
1561 1067 1712 1121 itaque,

404 1135 532 1174 quum
555 1135 604 1160 ex
639 1121 979 1163 senatusconsulto
1013 1123 1154 1162 urbem
1188 1138 1311 1177 ovans
1332 1124 1529 1172 introiret,
1562 1125 1711 1178 (4)·al-

403 1179 528 1218 ternis
550 1178 746 1218 inconditi
762 1180 896 1219 versus
910 1181 1070 1219 militari
1085 1180 1245 1220 licentia
1262 1181 1429 1236 jadiati:
1451 1180 1597 1233 quibus
1615 1195 1712 1221 con-

402 1234 462 1275 sul
485 1235 722 1290 increpitus,
746 1237 892 1276 Maenii
915 1237 1068 1277 celebre
1091 1252 1241 1277 nomen
1259 1237 1443 1277 laudibus
1465 1237 1560 1288 fuit,
1583 1251 1711 1290 quum

403 1294 454 1332 ad
476 1306 640 1332 omnem
663 1294 911 1333 mentionem
934 1295 1085 1334 tribuni
1116 1294 1228 1334 favor
1256 1294 1549 1335 circumstantis
1571 1294 1711 1347 populi

402 1350 626 1404 plausuque
652 1353 689 1390 &
714 1351 863 1391 affensu
878 1366 972 1391 cum
993 1352 1159 1392 vocibus
1176 1352 1352 1392 rnilitum
1374 1360 1556 1392 certaret.
1598 1351 1712 1390 Plus—

404 1421 483 1459 que
505 1421 551 1447 ea
581 1421 660 1457 res,
693 1410 815 1464 qudm
839 1411 901 1462 (5)
922 1408 1046 1463 prope
1075 1409 1260 1449 sollemnis
1294 1409 1469 1448 militum
1492 1408 1647 1448 lascivia
1669 1409 1711 1447 in

402 1464 625 1513 consulem,
669 1480 775 1505 curae
809 1466 997 1506 Patribus
1034 1466 1184 1521 injecit.
1222 1470 1263 1507 &
1287 1467 1347 1519 (6)
1369 1475 1562 1518 tanquam
1599 1465 1708 1505 haud

404 1521 551 1561 dubius
579 1522 684 1561 inter
704 1523 887 1563 tribunos
924 1523 1099 1562 militum
1123 1523 1252 1564 honos
1288 1523 1449 1575 Maeuii,
1483 1523 1507 1561 s1
1542 1532 1712 1576 peteret,

404 1578 681 1619 consularibus
702 1580 877 1620 comitiis
899 1580 954 1620 est
967 1580 1165 1620 exclusus.

461 1637 576 1676 LIV.
609 1637 745 1676 Creati
768 1637 950 1678 consules
973 1638 1063 1676 sunt
1101 1638 1179 1678 Cn.
1222 1637 1439 1678 Cornelius
1474 1637 1630 1685 Coss'us,
1663 1637 1710 1676 L.

402 1694 550 1733 Furius
565 1694 820 1734 Medullinus
841 1695 1002 1735 iterum.
1063 1695 1161 1734 Non
1182 1694 1279 1735 alias
1301 1694 1448 1749 aegrius
1471 1691 1582 1747 plebs
1602 1695 1709 1741 tulit,

402 1750 617 1790 tribunicia
640 1751 707 1790 fibi
730 1752 894 1791 comitia
914 1765 996 1791 non
1015 1752 1232 1791 commiss'a.
1265 1765 1360 1791 eum
1378 1753 1561 1791 dolorem
1583 1752 1712 1804 quaes-

402 1808 515 1848 toriis
538 1808 711 1848 comitiis
745 1810 859 1848 simul
891 1808 1079 1857 ostendit,
1114 1812 1154 1850 ὃζ
1184 1810 1267 1848 ulta
1295 1809 1370 1858 est,
1402 1820 1499 1847 tunc
1533 1806 1713 1861 primum

403 1865 570 1919 plebeiis
593 1866 857 1918 quaestoribus
889 1866 1059 1906 creatis:
1090 1867 1144 1906 ita
1167 1875 1227 1915 ut,
1258 1866 1299 1906 in
1318 1876 1493 1918 quatuor
1514 1866 1713 1914 creandis,

405 1923 475 1962 uni
499 1924 666 1976 patricio
685 1924 737 1963 K.
770 1923 894 1963 Fabio
918 1923 1120 1963 Ambusto
1141 1924 1438 1975 relinqueretur
1459 1924 1600 1971 locus3
1632 1932 1715 1962 tres

329 2017 387 2043 d
406 1980 566 2035 plebeii,
599 1980 824 2039 QSHffls,
857 1982 900 2022 P.
944 1980 1096 2031 AElius,
1128 1982 1172 2021 P.
1216 1980 1372 2034 Pupius
1409 1979 1714 2023 clarissimarum

406 2096 623 2127 trec‘hutibus
651 2098 811 2128 militiam.
859 2099 987 2128 Inhibere
1014 2099 1170 2129 damnum
1189 2098 1219 2128 ὃς
1236 2097 1476 2133 coercitionem,
1498 2097 1541 2128 est
1568 2095 1715 2137 infligere

405 2143 561 2172 damnum
585 2143 616 2171 ὃ(
645 2142 799 2173 adhibere
827 2142 1064 2173 coercitionem.
1111 2143 1187 2173 Vid.
1211 2142 1309 2182 supra
1334 2150 1400 2173 not.
1424 2152 1449 2171 Ι.
1466 2142 1507 2171 ad
1524 2152 1549 2171 c.
1568 2140 1623 2179 38.
1641 2141 1664 2171 l.
1685 2150 1713 2180 3.

405 2187 479 2216 Vox
495 2189 622 2215 damnum
650 2186 783 2228 proprie
811 2186 939 2227 respicit
962 2187 1125 2227 jaeluram
1152 2186 1197 2217 rei
1214 2186 1391 2223 familiaris,
1413 2185 1555 2227 irrogat&
1581 2183 1713 2216 mulcta.

406 2230 455 2260 Sic
473 2229 557 2260 infru
581 2231 600 2260 l.
621 2229 656 2269 7.>
673 2242 699 2262 c.
721 2241 748 2268 4.
764 2232 899 2260 acerbitas
918 2234 946 2261 in
969 2234 1081 2268 deleam,
1103 2245 1153 2260 non
1170 2234 1266 2261 damno
1283 2232 1358 2260 mode}
1373 2232 1554 2270 rivium,sed
1566 2233 1649 2260 etiam
1670 2231 1714 2258 la-

405 2288 427 2304 ci>
435 2278 541 2305 ratione
556 2283 698 2317 cwporum
710 2277 780 2305 lata.
827 2275 894 2306 Cic.
917 2276 935 2305 l.
951 2285 978 2313 3.
991 2276 1031 2305 de
1049 2274 1111 2305 Off.
1123 2286 1148 2306 c.
1165 2285 1194 2314 5.
1207 2289 1246 2305 eos
1258 2277 1328 2315 legin
1344 2282 1440 2312 morte,
1461 2277 1559 2310 exilio,
1581 2275 1715 2311 vinculis,

405 2323 502 2348 damno
514 2322 639 2350 colb-rent.
686 2320 742 2360 (2)
766 2321 889 2350 Manus
902 2319 989 2360 injici
1008 2332 1025 2350 a
1042 2320 1213 2350 lie‘toribus
1228 2319 1366 2360 juffiss'et.
1392 2318 1568 2349 Familiaris
1579 2317 1714 2354 locutio,

405 2366 471 2393 collo
483 2365 584 2393 obtorto
601 2372 711 2406 rapere,
736 2364 755 2394 i.
767 2375 792 2394 c.
803 2374 861 2404 per
872 2363 938 2394 vim
952 2363 1079 2405 injetstis
1092 2364 1126 2394 in
1138 2371 1235 2405 caput
1254 2365 1285 2394 δε
1303 2364 1423 2394 collum
1439 2360 1598 2393 manibus.
1645 2362 1713 2394 Cic.

408 2419 469 2449 pro
489 2408 657 2439 Cluent.c.
675 2418 726 2438 21.
750 2408 855 2440 Plaut.
872 2409 955 2439 Rud.
971 2418 1001 2447 3.
1022 2409 1052 2440 6.
1076 2418 1125 2447 15.
1171 2409 1226 2449 (3)
1250 2410 1361 2449 Invfics
1384 2406 1437 2439 hic
1454 2407 1561 2438 active
1574 2406 1713 2438 sumitur

407 2463 470 2493 pro
486 2452 524 2482 eo
547 2453 602 2493 qui
623 2452 759 2490 invidet,
781 2452 838 2496 qui
855 2452 923 2484 odit
939 2466 945 2482 ;
972 2454 1247 2493 quemadmodum
1263 2453 1349 2483 infra
1366 2453 1385 2483 L
1402 2462 1435 2491 5.
1453 2463 1479 2482 c.
1497 2452 1524 2482 8.
1572 2451 1626 2492 (4)
1650 2453 1712 2482 Per

407 2498 501 2527 vices.
549 2497 652 2537 Sil-pri}
667 2497 696 2528 l.'
709 2506 740 2528 2.
773 2508 799 2528 c.
814 2507 842 2529 2.
870 2500 987 2539 rogando
1000 2500 1116 2529 alternis
1132 2500 1332 2538 suadendoque.
1378 2497 1433 2538 (5)
1458 2498 1539 2539 Qae
1557 2497 1659 2537 prop&
1677 2495 1711 2525 in

407 2540 673 2572 consuetudinem
690 2541 823 2573 abierat.
871 2542 946 2575 Vid.
969 2550 1039 2574 not.
1064 2553 1092 2580 4.
1115 2543 1155 2573 ad
1180 2553 1208 2574 c.
1230 2551 1281 2582 29.
1300 2542 1319 2571 l.
1334 2551 1362 2581 3.
1407 2542 1461 2581 (6)
1487 2543 1632 2576 Senatus,
1654 2538 1712 2579 qui

407 2585 532 2615 videret
551 2585 713 2616 Maenium
725 2586 813 2616 haud
829 2586 927 2617 dubie
942 2588 1138 2629 adepturum
1152 2587 1356 2618 tribunatum
1374 2585 1525 2621 militum,
1541 2583 1562 2614 sl
1576 2590 1712 2628 peteret,

406 2630 496 2670 spem
513 2629 646 2660 honoris
663 2630 690 2661 ei
715 2630 847 2670 ademit,
870 2630 1001 2667 indicitis
1023 2632 1245 2666 consularibus
1272 2629 1420 2668 comitiis,
1441 2630 1476 2661 in
1492 2628 1610 2670 quibus
1628 2628 1710 2658 ratio

405 2674 475 2722 ejus
491 2673 604 2721 ihaberi
620 2685 687 2710 non
705 2682 842 2718 poterat.
899 2682 900 2685 ’
965 2683 966 2686 ’
1026 2687 1030 2690 ·
1633 2681 1636 2683 ’

1466 2733 1710 2774 familiarum
