1853 3158
452 421 1148 477 ERRATA.

566 596 630 637 IN
661 594 1004 638 CONTEXTU.

194 713 291 768 Pag.
312 725 352 766 9.
373 710 443 751 lin.
474 723 536 765 15¹.
559 725 633 765 pro
646 711 819 764 praelium
841 711 867 750 1.
884 711 1076 764 proelium.

194 767 291 824 Pag.
309 782 376 823 35.
390 768 460 808 lin.
483 769 732 823 antepenult.
755 782 827 822 pro
850 766 1005 822 utreque
1025 769 1052 808 1.
1075 765 1240 821 utrbque.

194 828 291 881 Pag.
312 839 381 880 45.
404 827 474 866 lin.
503 839 567 880 19.
587 840 661 880 pro
683 823 751 879 qu&
767 826 794 866 l.
817 823 902 879 qub.

194 885 291 938 Pag.
317 895 383 938 73.
405 883 476 924 lin.
499 896 562 933 14.
584 897 658 937 pro
679 882 908 922 crediderent
922 882 949 921 l.
965 880 1201 922 crediderint.

193 941 291 995 Pag.
313 953 379 993 74.
401 940 471 980 lin.
495 953 534 994 5.
565 954 639 994 pro
658 939 866 993 Taquinius
891 940 916 979 l.
942 938 1193 993 Tarquinius.

191 996 290 1052 Pag.
314 999 407 1051 165.
423 998 492 1037 lin.
517 1010 531 1037 1
543 1009 580 1050 7.
594 1011 667 1051 pro
684 998 819 1049 impetu
833 998 911 1051 (3),
926 1004 1028 1050 capto
1040 997 1065 1035 l.
1084 997 1219 1049 impetu
1234 997 1296 1049 (3)
1312 1002 1441 1049 capto„

191 1054 288 1108 Pag.
319 1066 410 1106 170.
432 1054 502 1094 lin.
526 1054 775 1107 antepenult.
797 1068 870 1108 pro
884 1053 1047 1106 pertculi
1062 1054 1088 1093 l.
1098 1053 1271 1106 periculi.

191 1111 290 1166 Pag.
319 1123 410 1164 175.
433 1111 489 1150 lin
513 1124 576 1164 15.
594 1111 800 1164 (editionis
815 1110 899 1150 fere
917 1109 1073 1151 duabus
1096 1110 1222 1152 tertiis
1247 1108 1446 1164 partibus)

249 1182 324 1222 pro
346 1183 406 1207 eon
423 1168 566 1207 alatum
588 1169 615 1208 l.
639 1169 876 1221 consulatum.

192 1224 290 1280 Pag.
320 1238 412 1278 ¹95·
430 1226 456 1266 1.
485 1238 549 1275 14.
567 1239 640 1278 pro
662 1225 772 1279 infrd
788 1226 814 1265 l.
832 1227 871 1263 in
892 1223 953 1264 νῖι.

192 1280 290 1338 Pag.
316 1295 412 1336 345.
444 1283 472 1322 1.
503 1295 545 1335 4.
568 1296 642 1335 pro
659 1282 845 1334 oportet.l.
863 1289 996 1335 oportet
1014 1284 1049 1321 ?.

456 1403 521 1444 IN
553 1403 1112 1446 ANNOTATIONIBUS.

192 1513 291 1568 Pag.
315 1526 353 1567 7.
388 1513 459 1555 lin.
481 1515 555 1554 ult.
588 1513 794 1569 (editionis
822 1513 906 1554 fere
930 1513 1046 1555 terti&
1067 1515 1195 1569 parte)
1228 1527 1302 1568 pro
1333 1525 1444 1555 xxm«

251 1589 342 1622 μενε,
360 1573 386 1611 l.
406 1584 609 1623 καλεμενες.

192 1627 289 1682 Pag.
327 1642 393 1680 24.
434 1629 502 1669 lin.
547 1631 583 1669 8.
622 1628 709 1682 post
742 1628 861 1668 verba
886 1628 1031 1682 olgscura
1053 1636 1174 1667 erant.
1209 1627 1296 1668 haec
1321 1629 1436 1668 adde.

251 1685 333 1725 Vel
368 1685 507 1735 etiam,
541 1686 887 1739 quemadmodum
922 1685 1019 1724 olim
1051 1685 1258 1739 Sigonius,
1287 1690 1322 1723 τὸ
1343 1685 1445 1725 circe}

252 1741 401 1782 referre
439 1743 535 1783 licet
555 1743 605 1782 ad
626 1743 733 1797 denfic
752 1741 834 1797 fita
869 1743 1065 1797 virgulta:
1097 1743 1181 1782 locis
1219 1742 1374 1796 obscuris
1407 1744 1447 1782 ob

247 1799 355 1854 densa
376 1801 547 1853 virgulta
567 1800 669 1839 circe}
682 1798 778 1854 fita,
809 1799 850 1839 h.
881 1813 916 1839 e.
950 1814 971 1838 a
994 1801 1115 1839 latere
1136 1809 1322 1852 utroque.
1349 1813 1446 1839 mox

250 1857 359 1895 enim
399 1857 580 1897 Romani
617 1856 810 1896 dicuntur
842 1857 1093 1910 transversam
1115 1857 1303 1896 invadere
1322 1856 1445 1895 hosti-

251 1927 322 1952 um
342 1913 485 1954 aciem.
549 1913 630 1953 Sita
661 1913 779 1961 circe,
812 1922 857 1952 ut
879 1913 1070 1966 saepestta
1092 1915 1131 1953 in
1151 1914 1350 1969 corgspeHu,
1364 1912 1444 1968 sita

250 1980 336 2009 ante
356 1971 482 2010 oculos.

192 2025 291 2081 Pag.
312 2031 379 2081 89.
402 2028 472 2068 lin.
492 2030 530 2068 8.
553 2041 626 2080 pro
647 2029 712 2080 qni
732 2027 758 2067 l.
781 2029 858 2081 qui.

192 2084 287 2138 Pag.
306 2097 375 2138 97.
397 2085 467 2125 lin.
491 2098 529 2138 3.
561 2099 635 2138 pro
655 2093 813 2136 opertere
826 2086 853 2125 1.
869 2093 1038 2138 oportere.

192 2141 288 2195 Pag.
319 2155 411 2195 109.
435 2142 504 2182 lin.
536 2155 569 2182 1.
598 2155 671 2194 pro
688 2142 855 2197 fattioni
876 2143 1083 2198 LfhHione.

193 2199 290 2251 Pag.
318 2212 332 2238 1
348 2212 409 2252 19.
433 2200 502 2239 lin.
534 2212 566 2238 1.
600 2211 673 2252 pro
689 2197 848 2252 adebque
868 2200 892 2239 l.
913 2199 1080 2252 adebque.

193 2255 288 2308 Pag.
316 2267 407 2309 157.
433 2256 503 2295 lin.
535 2269 597 2295 10.
617 2269 690 2308 pro
711 2255 887 2296 ordrzarie
909 2258 934 2296 l.
953 2255 1162 2296 ordinarie.

193 2311 289 2365 Pag.
315 2324 409 2362 224.
427 2313 497 2351 lin.
519 2326 555 2366 3.
580 2326 653 2365 pro
674 2313 850 2355 libidinem
874 2315 899 2353 l.
923 2314 1124 2353 libidinem.

191 2367 289 2422 Pag.
316 2370 411 2409 261.
435 2370 503 2409 lin.
530 2383 562 2409 Ι.
586 2383 660 2422 pro
684 2368 957 2423 Tarquiniusl.
984 2370 1220 2424 Tarquiniis.

191 2425 288 2479 Pag.
310 2438 404 2478 270.
425 2426 493 2465 lin.
523 2439 557 2467 2.
577 2440 650 2479 pro
664 2426 843 2481 pqstulata
857 2428 881 2467 l.
897 2428 1091 2482 pqsttaelatu.

193 2481 289 2536 Pag.
315 2486 410 2536 328.
430 2483 499 2523 lin,
531 2496 592 2523 10.
613 2497 686 2536 pro
694 2484 955 2539 fitadendoque
975 2486 1000 2524 l.
1011 2484 1280 2539 fitadendeqn'e.

193 2595 239 2635 {n
256 2596 453 2649 margine,
469 2611 557 2651 pag.
582 2610 647 2650 37.
665 2612 737 2650 pro
759 2599 953 2638 certamini
968 2600 991 2637 l.
1017 2601 1239 2640 certaminis
